Time,Bid1_Price,Bid1_Volume,Ask1_Price,Ask1_Volume,Bid2_Price,Bid2_Volume,Ask2_Price,Ask2_Volume,Bid_Ask_Spread,Market_Depth_Bid,Market_Depth_Ask,Historical_Volatility,Weighted_Avg_Bid_Price,Weighted_Avg_Ask_Price,Total_volume,Cumulative_Volume_Difference,Total_Volume_Change_Corrected,Order_imbalance,Weighted_Avg_Price,Trade_Volume
07:30:12,180.98,65.0,198.72,18.0,179.17,48.0,200.5,22.0,17.74000000000001,113.0,40.0,3.374451066470173,180.98,198.72,153,73.0,52.0,0.48,,
07:30:13,182.68,50.0,196.42,36.0,181.61,72.0,197.18,17.0,13.73999999999998,122.0,53.0,3.445823559035137,182.68,196.42,175,69.0,22.0,0.39,,
07:30:16,182.4,30.0,183.62,16.0,180.33,48.0,185.93,15.0,1.2199999999999989,78.0,31.0,2.9822860359129457,182.4,183.62,109,47.0,11.0,0.43,183.2,5.0
07:30:17,181.29,17.0,184.57,23.0,179.51,49.0,187.86,21.0,3.280000000000001,66.0,44.0,3.0007915622384185,181.29,184.57,110,22.0,1.0,0.2,182.0,2.0
07:30:18,182.42,12.0,185.86,14.0,180.0,60.0,187.23,35.0,3.440000000000026,72.0,49.0,2.127268201238675,182.42,185.86,121,23.0,11.0,0.19,182.0,
07:30:19,180.72,25.0,187.8,25.0,178.0,50.0,189.08,36.0,7.0800000000000125,75.0,61.0,0.8967887153622993,180.72,187.8,136,14.0,15.0,0.1,180.75,4.0
07:30:20,178.29,34.0,189.0,60.0,175.7,67.0,190.0,36.0,10.710000000000008,101.0,96.0,0.617794464204038,178.29,189.0,197,5.0,61.0,0.03,178.0,4.0
07:30:21,177.38,78.0,189.0,65.0,175.92,62.0,190.0,39.0,11.620000000000005,140.0,104.0,0.5789905007866311,177.38,189.0,244,36.0,47.0,0.15,178.0,
07:30:22,179.8,90.0,189.0,75.0,177.0,45.0,190.0,45.0,9.199999999999989,135.0,120.0,0.4999699991011194,179.8,189.0,255,15.0,11.0,0.06,178.0,
07:30:23,180.0,66.0,189.0,55.0,176.3,40.0,190.0,33.0,9.0,106.0,88.0,0.5604016416831586,180.0,189.0,194,18.0,-61.0,0.09,178.0,
07:30:36,183.0,24.0,186.25,24.0,182.0,72.0,188.0,72.0,3.25,96.0,96.0,0.950405176754253,183.0,186.25,192,0.0,52.0,0.0,178.0,
07:30:37,182.11,54.0,184.0,65.0,180.67,54.0,187.27,63.0,1.8899999999999864,108.0,128.0,1.0309122174080865,182.11,184.0,236,-20.0,44.0,-0.08,182.4,5.0
07:30:38,180.62,24.0,187.19,42.0,176.23,61.0,193.71,65.0,6.569999999999993,85.0,107.0,0.9734217996332576,180.62,187.19,192,-22.0,-44.0,-0.11,182.0,3.0
07:30:39,181.0,16.0,189.0,96.0,180.0,48.0,190.0,80.0,8.0,64.0,176.0,0.8558913482453536,181.0,189.0,240,-112.0,48.0,-0.47,182.0,
07:30:40,178.1,20.0,184.79,28.0,176.84,37.0,188.5,60.0,6.689999999999998,57.0,88.0,1.4189362212591687,178.1,184.79,145,-31.0,-95.0,-0.21,180.6,5.0
07:30:41,177.91,11.0,182.45,22.0,176.0,56.0,186.64,44.0,4.539999999999992,67.0,66.0,1.924842850728656,177.91,182.45,133,1.0,-12.0,0.01,180.0,2.0
07:30:42,179.47,17.0,181.27,22.0,176.08,74.0,182.27,22.0,1.8000000000000114,91.0,44.0,2.16616019721562,179.47,181.27,135,47.0,2.0,0.35,180.0,
07:30:43,179.8,35.0,181.5,28.0,176.49,43.0,183.0,28.0,1.6999999999999886,78.0,56.0,1.9994674290923613,179.8,181.5,134,22.0,-1.0,0.16,180.33,3.0
07:30:44,176.0,28.0,177.45,22.0,174.93,149.0,183.64,22.0,1.4499999999999886,177.0,44.0,1.822012623447273,176.0,177.45,221,133.0,87.0,0.6,176.0,2.0
07:30:45,175.67,12.0,177.0,6.0,174.59,27.0,184.0,10.0,1.3300000000000125,39.0,16.0,2.1309669166838767,175.67,177.0,55,23.0,-163.625,0.42,177.0,1.0
07:30:46,175.14,42.0,177.0,12.0,174.03,125.0,185.0,24.0,1.8600000000000136,167.0,36.0,2.2782449385439665,175.14,177.0,203,131.0,148.0,0.65,177.0,
07:30:47,176.0,12.0,177.0,6.0,174.0,66.0,185.0,12.0,1.0,78.0,18.0,1.912558495837759,176.0,177.0,96,60.0,-107.0,0.62,177.0,
07:30:48,174.24,50.0,182.82,11.0,173.67,49.0,186.14,14.0,8.579999999999984,99.0,25.0,0.9793467210345804,174.24,182.82,124,74.0,28.0,0.6,177.0,1.0
07:30:49,175.86,126.0,184.69,29.0,172.33,108.0,186.67,24.0,8.829999999999984,234.0,53.0,1.8124293089666188,175.86,184.69,287,181.0,163.0,0.63,184.0,1.0
07:30:50,183.0,44.0,184.56,36.0,173.21,201.0,185.71,28.0,1.5600000000000025,245.0,64.0,3.142952433620546,183.0,184.56,309,181.0,22.0,0.59,183.0,4.0
07:30:51,183.0,18.0,184.45,22.0,180.0,54.0,185.56,18.0,1.4499999999999886,72.0,40.0,3.205693372735664,183.0,184.45,112,32.0,-163.625,0.29,183.0,
07:30:52,183.0,20.0,184.16,25.0,180.27,52.0,185.18,22.0,1.1599999999999966,72.0,47.0,2.4335714495369585,183.0,184.16,119,25.0,7.0,0.21,183.67,3.0
07:30:53,182.29,17.0,185.4,20.0,180.0,45.0,187.49,47.0,3.1100000000000136,62.0,67.0,1.5527620551782773,182.29,185.4,129,-5.0,10.0,-0.04,183.67,3.0
07:30:54,182.0,20.0,186.0,10.0,179.0,50.0,188.0,70.0,4.0,70.0,80.0,0.154499190941382,182.0,186.0,150,-10.0,21.0,-0.07,183.67,
07:30:55,182.0,22.0,186.0,11.0,179.0,55.0,188.0,73.0,4.0,77.0,84.0,0.1807484439809868,182.0,186.0,161,-7.0,11.0,-0.04,183.67,
07:30:56,182.0,28.0,184.45,22.0,179.0,70.0,185.71,14.0,2.4499999999999886,98.0,36.0,0.3288920795664381,182.0,184.45,134,62.0,-27.0,0.46,183.67,
07:30:57,180.5,20.0,183.7,30.0,176.0,50.0,184.88,17.0,3.1999999999999886,70.0,47.0,0.8116218331227305,180.5,183.7,117,23.0,-17.0,0.2,180.2,5.0
07:30:58,179.0,22.0,181.64,33.0,173.0,55.0,184.17,12.0,2.6399999999999864,77.0,45.0,1.555699199717414,179.0,181.64,122,32.0,5.0,0.26,180.2,
07:30:59,179.0,32.0,180.86,37.0,173.0,85.0,185.25,32.0,1.8600000000000136,117.0,69.0,1.7744661168929816,179.0,180.86,186,48.0,64.0,0.26,179.67,3.0
07:31:00,179.52,27.0,184.85,26.0,173.26,68.0,187.0,18.0,5.329999999999984,95.0,44.0,1.3837521454368933,179.52,184.85,139,51.0,-47.0,0.37,179.67,
07:31:01,180.0,56.0,183.21,14.0,179.0,14.0,186.31,16.0,3.210000000000008,70.0,30.0,1.0394565888006913,180.0,183.21,100,40.0,-39.0,0.4,179.67,
07:31:02,180.0,46.0,182.77,13.0,179.0,13.0,186.0,19.0,2.7700000000000102,59.0,32.0,0.9328611901034116,180.0,182.77,91,27.0,-9.0,0.3,180.0,1.0
07:31:03,180.71,51.0,183.68,19.0,179.94,48.0,186.29,35.0,2.969999999999999,99.0,54.0,0.9267955545864504,180.71,183.68,153,45.0,62.0,0.29,181.0,1.0
07:31:04,181.83,24.0,185.17,12.0,180.0,36.0,186.83,24.0,3.339999999999975,60.0,36.0,0.822727172276048,181.83,185.17,96,24.0,-57.0,0.25,185.5,2.0
07:31:05,181.36,22.0,185.54,13.0,179.58,19.0,190.38,16.0,4.179999999999978,41.0,29.0,1.0016336655690985,181.36,185.54,70,12.0,-26.0,0.17,183.0,2.0
07:31:06,180.0,33.0,183.55,33.0,177.36,11.0,186.45,11.0,3.550000000000012,44.0,44.0,0.9710561260820068,180.0,183.55,88,0.0,18.0,0.0,183.0,
07:31:07,174.0,14.0,180.57,42.0,168.0,42.0,185.57,14.0,6.569999999999993,56.0,56.0,2.548954687710479,174.0,180.57,112,0.0,24.0,0.0,179.25,4.0
07:31:08,174.0,9.0,179.0,27.0,170.22,27.0,184.67,9.0,5.0,36.0,36.0,3.3771097109808186,174.0,179.0,72,0.0,-40.0,0.0,179.25,
07:31:09,174.0,10.0,178.9,30.0,172.0,30.0,182.75,12.0,4.900000000000006,40.0,42.0,3.2828981099023804,174.0,178.9,82,-2.0,10.0,-0.02,179.25,
07:31:10,174.0,8.0,176.75,24.0,172.0,24.0,178.25,24.0,2.75,32.0,48.0,2.4935657200082497,174.0,176.75,80,-16.0,-2.0,-0.2,179.25,
07:31:11,173.48,69.0,176.24,37.0,170.0,36.0,178.28,29.0,2.7600000000000198,105.0,66.0,0.9688291903116096,173.48,176.24,171,39.0,91.0,0.23,174.0,1.0
07:31:12,172.0,36.0,176.0,32.0,168.0,36.0,177.0,24.0,4.0,72.0,56.0,1.0673893385263342,172.0,176.0,128,16.0,-43.0,0.12,176.0,1.0
07:31:13,172.0,15.0,176.0,10.0,166.46,13.0,177.0,10.0,4.0,28.0,20.0,1.0304465051615057,172.0,176.0,48,8.0,-80.0,0.17,176.0,
07:31:14,172.0,27.0,175.56,18.0,157.3,57.0,176.56,18.0,3.5600000000000023,84.0,36.0,0.684894152405645,172.0,175.56,120,48.0,72.0,0.4,176.0,
07:31:15,172.0,21.0,175.0,14.0,168.0,49.0,176.0,14.0,3.0,70.0,28.0,0.5084486208058419,172.0,175.0,98,42.0,-22.0,0.43,176.0,
07:31:16,173.0,18.0,174.67,18.0,170.67,27.0,175.67,18.0,1.6699999999999875,45.0,36.0,0.2054750593120915,173.0,174.67,81,9.0,-17.0,0.11,174.0,2.0
07:31:17,173.65,34.0,175.0,34.0,170.0,51.0,176.0,34.0,1.3499999999999943,85.0,68.0,0.3019602622851564,173.65,175.0,153,17.0,72.0,0.11,174.0,
07:31:18,171.64,33.0,176.22,18.0,165.19,53.0,178.2,10.0,4.5800000000000125,86.0,28.0,0.2969343361743761,171.64,176.22,114,58.0,-39.0,0.51,174.86,7.0
07:31:19,174.0,21.0,176.29,7.0,173.0,14.0,178.14,7.0,2.289999999999992,35.0,14.0,0.6289117585157302,174.0,176.29,49,21.0,-65.0,0.43,174.86,
07:31:20,176.86,79.0,178.67,12.0,174.63,51.0,180.67,24.0,1.8099999999999736,130.0,36.0,1.6289045398670323,176.86,178.67,166,94.0,117.0,0.57,177.5,4.0
07:31:21,178.27,66.0,180.67,12.0,176.6,40.0,235.2,20.0,2.3999999999999773,106.0,32.0,2.393142285782353,178.27,180.67,138,74.0,-28.0,0.54,180.0,1.0
07:31:22,177.98,48.0,181.0,40.0,177.23,95.0,433.0,32.0,3.0200000000000102,143.0,72.0,2.531712858915822,177.98,181.0,215,71.0,77.0,0.33,180.0,1.0
07:31:23,179.26,195.0,212.11,70.0,173.18,136.0,398.14,63.0,32.85000000000002,331.0,133.0,8.123327520173008,179.26,212.11,464,198.0,163.375,0.43,181.0,4.0
07:31:24,181.17,54.0,314.4,20.0,172.26,31.0,337.09,23.0,133.23,85.0,43.0,29.83192870063887,181.17,314.4,128,42.0,-163.625,0.33,181.0,4.0
07:31:41,178.58,36.0,184.53,30.0,176.56,25.0,185.58,48.0,5.949999999999989,61.0,78.0,3.808218743717227,178.58,184.53,139,-17.0,-8.0,-0.12,181.0,5.0
07:31:42,178.96,100.0,236.4,30.0,177.83,46.0,297.72,36.0,57.44,146.0,66.0,10.356396574098529,178.96,236.4,212,80.0,73.0,0.38,179.0,9.0
07:31:44,175.57,61.0,395.77,26.0,151.5,56.0,487.25,32.0,220.2,117.0,58.0,79.43537228464412,175.57,395.77,175,59.0,70.0,0.34,179.0,
07:31:49,177.88,80.0,262.67,54.0,175.21,38.0,398.36,22.0,84.79000000000002,118.0,76.0,25.52594993335225,177.88,262.67,194,42.0,124.0,0.22,182.6,10.0
07:31:56,182.29,82.0,242.59,29.0,176.7,122.0,273.54,39.0,60.30000000000001,204.0,68.0,14.810631991917148,182.29,242.59,272,136.0,78.0,0.5,184.0,7.0
07:31:57,180.55,62.0,266.86,21.0,176.44,135.0,270.36,25.0,86.31,197.0,46.0,13.61343160264891,180.55,266.86,243,151.0,-29.0,0.62,187.0,2.0
07:31:58,177.0,110.0,262.25,20.0,174.57,98.0,266.38,13.0,85.25,208.0,33.0,14.329260273998772,177.0,262.25,241,175.0,-2.0,0.73,187.0,
07:31:59,177.87,124.0,259.6,35.0,176.03,140.0,260.97,34.0,81.73000000000002,264.0,69.0,9.26177520780967,177.87,259.6,333,195.0,92.0,0.59,187.0,
07:32:00,178.81,103.0,254.24,33.0,176.9,176.0,254.96,50.0,75.43,279.0,83.0,4.139985507220622,178.81,254.24,362,196.0,29.0,0.54,179.0,7.0
07:32:01,178.09,11.0,212.22,23.0,177.0,110.0,252.84,19.0,34.129999999999995,121.0,42.0,11.258689088876912,178.09,212.22000000000003,163,79.0,-163.625,0.48,179.0,
07:32:02,179.03,92.0,189.83,60.0,177.41,117.0,202.9,30.0,10.800000000000011,209.0,90.0,16.10505728024569,179.02999999999997,189.83,299,119.0,136.0,0.4,179.0,
07:32:03,180.53,19.0,185.08,48.0,179.0,183.0,186.55,44.0,4.550000000000011,202.0,92.0,17.210254791838306,180.53,185.08,294,110.0,-5.0,0.37,179.0,
07:32:04,179.0,159.0,180.33,24.0,178.0,22.0,188.27,30.0,1.3300000000000125,181.0,54.0,15.039262947365202,179.0,180.33,235,127.0,-59.0,0.54,179.25,8.0
07:32:05,179.0,60.0,180.0,12.0,178.0,12.0,232.0,6.0,1.0,72.0,18.0,6.412211007132403,179.0,180.0,90,54.0,-145.0,0.6,180.0,2.0
07:32:06,179.0,60.0,183.25,48.0,178.0,24.0,242.75,12.0,4.25,84.0,60.0,2.1076123932044792,179.0,183.25,144,24.0,54.0,0.17,179.0,8.0
07:32:07,179.0,24.0,180.0,54.0,178.0,24.0,216.7,30.0,1.0,48.0,84.0,1.4458284822166088,179.0,180.0,132,-36.0,-12.0,-0.27,180.0,3.0
07:32:08,179.0,18.0,180.0,18.0,177.3,20.0,208.6,15.0,1.0,38.0,33.0,0.7093095234018315,179.0,180.0,71,5.0,-61.0,0.07,180.0,
07:32:09,179.0,14.0,188.86,14.0,176.0,42.0,236.56,9.0,9.860000000000014,56.0,23.0,1.9318902660319068,179.0,188.86,79,33.0,8.0,0.42,180.0,2.0
07:32:10,181.35,34.0,229.59,44.0,178.25,40.0,474.9,20.0,48.24000000000001,74.0,64.0,11.086411953377464,181.35,229.59000000000003,138,10.0,59.0,0.07,180.0,
07:32:30,182.0,104.0,185.5,32.0,181.0,52.0,186.51,39.0,3.5,156.0,71.0,26.290008178013224,182.0,185.5,227,85.0,-40.0,0.37,186.0,2.0
07:32:31,182.48,31.0,185.35,34.0,181.9,80.0,195.62,32.0,2.8700000000000045,111.0,66.0,2.8784249165123024,182.48,185.35,177,45.0,-50.0,0.25,182.71,7.0
07:32:32,181.64,22.0,184.92,48.0,180.12,136.0,197.45,22.0,3.280000000000001,158.0,70.0,2.1434481565921923,181.64,184.92,228,88.0,51.0,0.39,181.67,9.0
07:32:33,181.0,8.0,184.0,32.0,180.0,120.0,312.0,8.0,3.0,128.0,40.0,0.8947737144094746,181.0,184.0,168,88.0,-60.0,0.52,181.67,
07:32:34,180.04,94.0,183.7,27.0,179.67,90.0,203.12,42.0,3.6599999999999966,184.0,69.0,0.865118488993235,180.04,183.7,253,115.0,85.0,0.45,181.38,8.0
07:32:35,180.0,165.0,183.53,45.0,179.0,75.0,242.71,70.0,3.530000000000001,240.0,115.0,0.923780276904528,180.0,183.53,355,125.0,102.0,0.35,181.38,
07:32:36,181.34,157.0,183.0,33.0,179.91,109.0,322.0,44.0,1.6599999999999966,266.0,77.0,0.6085803151579121,181.34,183.0,343,189.0,-12.0,0.55,181.38,
07:32:37,182.0,150.0,183.0,30.0,180.0,110.0,251.52,21.0,1.0,260.0,51.0,0.3418625454735484,182.0,183.0,311,209.0,-32.0,0.67,181.38,
07:32:38,182.0,195.0,183.0,39.0,178.63,35.0,201.55,49.0,1.0,230.0,88.0,0.3418625454735484,182.0,183.0,318,142.0,7.0,0.45,181.38,
07:32:39,182.0,133.0,183.0,30.0,178.0,20.0,208.0,40.0,1.0,153.0,70.0,0.3229086558110444,182.0,183.0,223,83.0,-95.0,0.37,182.0,3.0
07:32:40,182.0,101.0,273.96,27.0,178.6,20.0,421.92,25.0,91.95999999999998,121.0,52.0,20.37667048366833,182.0,273.96,173,69.0,-50.0,0.4,182.75,4.0
07:32:41,182.0,88.0,322.17,24.0,180.0,24.0,379.67,24.0,140.17000000000002,112.0,48.0,32.64217394721136,182.0,322.17,160,64.0,-13.0,0.4,182.75,
07:32:42,183.0,102.0,273.0,48.0,181.92,97.0,543.0,24.0,90.0,199.0,72.0,30.91987257412305,183.0,273.0,271,127.0,111.0,0.47,182.75,
07:32:49,183.0,77.0,359.67,36.0,182.0,121.0,398.54,41.0,176.67000000000002,198.0,77.0,24.56859845412456,183.0,359.67,275,121.0,108.0,0.44,182.75,
07:32:50,183.0,49.0,373.86,7.0,182.0,77.0,376.0,28.0,190.86,126.0,35.0,22.259652513011424,183.0,373.86,161,91.0,-114.0,0.57,182.75,
07:32:51,183.0,119.0,369.89,35.0,182.0,187.0,372.92,50.0,186.89,306.0,85.0,23.851090750739612,183.0,369.89,391,221.0,163.375,0.57,182.75,
07:32:54,183.0,37.0,363.0,32.0,182.0,88.0,366.0,8.0,180.0,125.0,40.0,2.0295738469007225,183.0,363.0,165,85.0,-45.0,0.52,182.75,
07:32:55,183.0,40.0,291.52,29.0,182.0,88.0,299.38,26.0,108.51999999999998,128.0,55.0,16.836199689954377,183.0,291.52,183,73.0,18.0,0.4,182.75,
07:32:56,183.0,40.0,244.45,11.0,182.0,88.0,246.0,20.0,61.44999999999999,128.0,31.0,27.98783717974677,183.0,244.45,159,97.0,-24.0,0.61,182.75,
07:32:59,182.58,24.0,232.15,59.0,181.51,41.0,233.86,50.0,49.56999999999999,65.0,109.0,12.013398769707266,182.58,232.15,174,-44.0,22.0,-0.25,182.67,3.0
07:33:00,182.0,26.0,219.49,63.0,181.0,52.0,221.73,56.0,37.49000000000001,78.0,119.0,5.091151146843103,182.0,219.49,197,-41.0,23.0,-0.21,182.67,
07:33:01,182.0,17.0,214.62,45.0,181.0,44.0,215.43,21.0,32.620000000000005,61.0,66.0,5.999089930981279,182.0,214.62,127,-5.0,-70.0,-0.04,182.0,1.0
07:33:02,182.0,12.0,206.81,21.0,180.8,40.0,211.28,36.0,24.81,52.0,57.0,6.652016987350527,182.0,206.81,109,-5.0,-18.0,-0.05,182.0,
07:33:10,181.22,27.0,183.97,33.0,178.3,109.0,185.33,48.0,2.75,136.0,81.0,3.161634071171948,181.22,183.97,217,55.0,98.0,0.25,182.0,2.0
07:33:11,179.2,70.0,184.18,22.0,177.92,146.0,194.12,43.0,4.980000000000018,216.0,65.0,3.082211868122419,179.2,184.18,281,151.0,64.0,0.54,181.0,3.0
07:33:12,178.0,154.0,184.73,44.0,175.07,86.0,306.0,11.0,6.72999999999999,240.0,55.0,2.4400348358157005,178.0,184.73,295,185.0,14.0,0.63,181.0,
07:33:13,178.0,140.0,182.1,40.0,175.0,100.0,307.25,16.0,4.099999999999994,240.0,56.0,1.62555528973753,178.0,182.1,296,184.0,1.0,0.62,181.0,
07:33:14,178.0,140.0,179.86,42.0,175.0,100.0,495.12,16.0,1.8600000000000136,240.0,58.0,1.4427161883036097,178.0,179.86,298,182.0,2.0,0.61,181.0,
07:33:15,178.0,80.0,179.0,8.0,175.0,80.0,491.92,12.0,1.0,160.0,20.0,1.418354680604627,178.0,179.0,180,140.0,-118.0,0.78,178.0,4.0
07:33:16,178.0,124.0,179.0,16.0,175.0,140.0,417.0,23.0,1.0,264.0,39.0,1.2330733960283475,178.0,179.0,303,225.0,123.0,0.74,178.0,4.0
07:33:17,178.0,40.0,179.0,24.0,175.0,80.0,267.0,16.0,1.0,120.0,40.0,0.6714387537167751,178.0,179.0,160,80.0,-143.0,0.5,178.0,2.0
07:33:18,176.0,60.0,179.0,27.0,173.55,66.0,268.0,16.0,3.0,126.0,43.0,0.5291313636447986,176.0,179.0,169,83.0,9.0,0.49,178.0,4.0
07:33:19,175.0,50.0,177.2,49.0,155.21,116.0,195.06,31.0,2.1999999999999886,166.0,80.0,1.054514106113559,175.0,177.2,246,86.0,77.0,0.35,175.0,4.0
07:33:20,146.21,71.0,177.42,38.0,131.56,136.0,179.95,19.0,31.20999999999998,207.0,57.0,7.147396728879113,146.21,177.42,264,150.0,18.0,0.57,175.17,6.0
07:33:22,140.52,58.0,463.32,31.0,160.38,208.0,694.87,31.0,322.79999999999995,266.0,62.0,62.31730963384088,140.52,463.32,328,204.0,61.0,0.62,181.0,1.0
07:33:23,173.67,21.0,259.56,36.0,139.22,36.0,469.0,21.0,85.89000000000001,57.0,57.0,62.3797240295274,173.67,259.56,114,0.0,-163.625,0.0,181.0,
07:33:24,176.2,45.0,236.0,52.0,138.15,52.0,282.95,44.0,59.80000000000001,97.0,96.0,60.862221204947815,176.2,236.0,193,1.0,79.0,0.01,181.0,
07:33:25,181.0,45.0,233.57,56.0,175.6,50.0,234.47,60.0,52.56999999999999,95.0,116.0,55.680951590288046,181.0,233.57,211,-21.0,18.0,-0.1,181.0,
07:33:26,181.0,21.0,230.0,22.0,178.0,14.0,232.2,20.0,49.0,35.0,42.0,41.85490210238226,181.0,230.0,77,-7.0,-134.0,-0.09,181.0,
07:33:27,181.29,21.0,229.0,32.0,179.42,19.0,231.0,16.0,47.71000000000001,40.0,48.0,4.81128569095602,181.29,229.0,88,-8.0,11.0,-0.09,182.0,2.0
07:33:28,181.0,30.0,222.22,36.0,178.0,20.0,226.26,38.0,41.22,50.0,74.0,2.1291946834419173,181.0,222.22,124,-24.0,36.0,-0.19,182.0,
07:33:29,181.69,58.0,211.4,40.0,179.67,27.0,212.54,26.0,29.710000000000008,85.0,66.0,4.26216259661652,181.69,211.4,151,19.0,27.0,0.13,182.0,
07:33:30,182.16,67.0,208.03,66.0,181.81,109.0,208.8,60.0,25.870000000000005,176.0,126.0,4.801481021517873,182.16,208.03,302,50.0,151.0,0.17,182.0,
07:33:31,182.29,34.0,202.25,48.0,181.9,89.0,203.36,50.0,19.960000000000008,123.0,98.0,5.179263461149247,182.29,202.25,221,25.0,-81.0,0.11,183.0,1.0
07:33:32,182.0,63.0,200.31,52.0,181.0,39.0,201.31,52.0,18.31,102.0,104.0,4.116774222615954,182.0,200.31,206,-2.0,-15.0,-0.01,182.0,6.0
07:33:33,182.0,20.0,195.27,30.0,181.0,30.0,197.0,36.0,13.27000000000001,50.0,66.0,3.1484392959043404,182.0,195.27,116,-16.0,-90.0,-0.14,182.0,
07:33:34,182.0,26.0,191.04,50.0,181.0,39.0,192.09,46.0,9.039999999999992,65.0,96.0,3.308282031507324,182.0,191.04,161,-31.0,45.0,-0.19,182.0,
07:33:36,180.25,56.0,186.39,33.0,178.78,46.0,201.38,42.0,6.139999999999986,102.0,75.0,2.947892467508525,180.25,186.39,177,27.0,-5.0,0.15,181.75,4.0
07:33:37,180.19,62.0,183.06,16.0,178.67,45.0,185.94,49.0,2.8700000000000045,107.0,65.0,2.752495231602253,180.19,183.06,172,42.0,-5.0,0.24,181.75,
07:33:38,180.15,65.0,238.46,41.0,179.39,38.0,376.3,47.0,58.31,103.0,88.0,11.337263779236768,180.15,238.46,191,15.0,19.0,0.08,181.0,4.0
07:33:39,180.0,50.0,260.2,10.0,178.0,30.0,265.0,28.0,80.19999999999999,80.0,38.0,17.513110232051737,180.0,260.2,118,42.0,-73.0,0.36,181.0,
07:33:40,180.0,25.0,210.15,13.0,178.0,21.0,262.25,8.0,30.15000000000001,46.0,21.0,16.645337785698295,180.0,210.15000000000003,67,25.0,-51.0,0.37,180.0,2.0
07:33:41,178.75,8.0,259.83,6.0,175.5,8.0,352.5,16.0,81.07999999999998,16.0,22.0,16.547808616248744,178.75,259.83,38,-6.0,-29.0,-0.16,179.2,5.0
07:33:42,178.0,10.0,258.9,10.0,174.0,10.0,416.0,40.0,80.89999999999998,20.0,50.0,10.640541809513117,178.0,258.9,70,-30.0,32.0,-0.43,179.2,
07:33:43,178.0,4.0,257.5,4.0,174.0,4.0,398.25,4.0,79.5,8.0,8.0,10.688027413886848,178.0,257.5,16,0.0,-54.0,0.0,179.2,
07:33:44,178.0,9.0,257.0,9.0,174.0,9.0,403.29,21.0,79.0,18.0,30.0,10.384128754979722,178.0,257.0,48,-12.0,32.0,-0.25,179.2,
07:33:45,178.0,9.0,256.44,9.0,174.0,9.0,413.22,36.0,78.44,18.0,45.0,0.8334686556776306,178.0,256.44,63,-27.0,15.0,-0.43,179.2,
07:33:46,179.55,11.0,255.0,9.0,173.0,16.0,552.29,21.0,75.44999999999999,27.0,30.0,0.5002699271363925,179.55,255.0,57,-3.0,-6.0,-0.05,178.0,1.0
07:33:53,183.0,11.0,230.69,26.0,181.42,36.0,237.4,15.0,47.69,47.0,41.0,4.382781080546524,183.0,230.69,88,6.0,0.0,0.07,182.71,7.0
07:33:54,181.0,13.0,233.33,18.0,180.0,39.0,235.19,21.0,52.33000000000001,52.0,39.0,4.461040237433006,181.0,233.33000000000004,91,13.0,3.0,0.14,182.71,
07:33:55,181.0,14.0,228.78,18.0,180.0,42.0,233.17,24.0,47.78,56.0,42.0,4.016650345747813,181.0,228.78,98,14.0,7.0,0.14,182.71,
07:33:56,179.37,30.0,205.07,29.0,179.43,49.0,209.6,35.0,25.69999999999999,79.0,64.0,7.30236126194775,179.37,205.07,143,15.0,45.0,0.1,180.25,4.0
07:33:57,180.31,104.0,202.44,18.0,181.06,136.0,204.36,28.0,22.129999999999995,240.0,46.0,7.997128859784252,180.31,202.44,286,194.0,143.0,0.68,180.25,
07:34:00,182.28,143.0,189.67,46.0,179.58,76.0,191.26,35.0,7.389999999999986,219.0,81.0,2.6814697462384616,182.28,189.67,300,138.0,163.375,0.46,184.67,3.0
07:34:01,182.0,205.0,184.69,39.0,178.0,88.0,185.76,29.0,2.6899999999999977,293.0,68.0,3.964132944288293,182.0,184.69,361,225.0,61.0,0.62,182.0,2.0
07:34:02,182.0,96.0,183.0,12.0,178.0,96.0,258.64,44.0,1.0,192.0,56.0,4.485401877200236,182.0,183.0,248,136.0,-113.0,0.55,182.07,14.0
07:34:03,182.0,40.0,442.0,20.0,178.53,68.0,562.67,15.0,260.0,108.0,35.0,56.59902852523173,182.0,442.0,143,73.0,-105.0,0.51,182.07,
07:34:04,182.0,32.0,186.0,16.0,181.0,32.0,424.68,19.0,4.0,64.0,35.0,57.27672110028641,182.0,186.0,99,29.0,-44.0,0.29,182.07,
07:34:05,182.0,28.0,186.0,14.0,181.0,28.0,560.14,21.0,4.0,56.0,35.0,57.48701592533739,182.0,186.0,91,21.0,-8.0,0.23,182.07,
07:34:07,181.56,9.0,222.67,27.0,180.5,40.0,512.0,32.0,41.10999999999999,49.0,59.0,75.48504851955784,181.56,222.67,108,-10.0,-47.0,-0.09,181.25,4.0
07:34:16,182.06,35.0,184.69,13.0,181.79,14.0,191.22,9.0,2.6299999999999955,49.0,22.0,11.0899855725783,182.06,184.69,71,27.0,-163.625,0.38,183.0,2.0
07:34:17,182.0,110.0,184.5,30.0,181.0,10.0,234.8,20.0,2.5,120.0,50.0,11.156352450509734,182.0,184.5,170,70.0,99.0,0.41,183.0,
07:34:18,182.0,48.0,183.0,40.0,181.0,8.0,328.0,18.0,1.0,56.0,58.0,9.08703912173786,182.0,183.0,114,-2.0,-56.0,-0.02,182.0,9.0
07:34:19,181.18,11.0,380.13,30.0,180.02,46.0,446.6,20.0,198.95,57.0,50.0,43.3393741302294,181.18,380.13,107,7.0,-7.0,0.07,182.0,2.0
07:34:20,181.0,11.0,417.45,33.0,180.0,55.0,421.0,22.0,236.45,66.0,55.0,58.92215601961626,181.0,417.45,121,11.0,14.0,0.09,182.0,
07:34:21,179.44,18.0,327.56,27.0,170.35,51.0,417.18,22.0,148.12,69.0,49.0,54.47555203942409,179.44,327.56,118,20.0,-3.0,0.17,180.25,4.0
07:34:22,179.62,65.0,224.0,39.0,178.8,50.0,414.0,39.0,44.38,115.0,78.0,50.11423600135995,179.62,224.0,193,37.0,75.0,0.19,180.25,
07:34:23,181.71,105.0,223.14,65.0,178.51,99.0,272.4,47.0,41.42999999999998,204.0,112.0,44.52655421206543,181.71,223.14,316,92.0,123.0,0.29,180.0,5.0
07:34:28,181.15,78.0,183.87,31.0,180.39,82.0,186.37,41.0,2.719999999999999,160.0,72.0,7.570331564733164,181.15,183.87,232,88.0,52.0,0.38,182.0,3.0
07:34:29,180.19,43.0,182.0,30.0,178.53,57.0,222.82,22.0,1.8100000000000025,100.0,52.0,5.477546896193129,180.19,182.0,152,48.0,-80.0,0.32,181.0,6.0
07:34:30,180.96,50.0,230.32,31.0,178.4,60.0,317.81,31.0,49.35999999999999,110.0,62.0,9.788632182281397,180.96,230.32,172,48.0,20.0,0.28,180.0,2.0
07:34:31,182.0,36.0,212.29,7.0,180.0,18.0,240.92,13.0,30.289999999999992,54.0,20.0,10.407038483641498,182.0,212.29,74,34.0,-98.0,0.46,180.0,
07:34:32,182.0,48.0,211.62,8.0,180.0,24.0,213.0,16.0,29.620000000000005,72.0,24.0,10.519722905095705,182.0,211.62,96,48.0,22.0,0.5,180.0,
07:34:33,182.0,54.0,210.67,9.0,180.0,27.0,322.45,33.0,28.669999999999987,81.0,42.0,8.881360819153524,182.0,210.67,123,39.0,27.0,0.32,180.0,
07:34:36,182.43,28.0,208.0,6.0,181.0,24.0,605.0,24.0,25.569999999999997,52.0,30.0,1.0781233695619268,182.43,208.0,82,22.0,-11.0,0.27,185.0,2.0
07:34:37,182.0,48.0,194.17,12.0,180.0,24.0,317.91,35.0,12.169999999999987,72.0,47.0,3.275733505643513,182.0,194.17,119,25.0,37.0,0.21,182.0,1.0
07:34:38,182.0,30.0,184.0,6.0,180.0,18.0,424.23,26.0,2.0,48.0,32.0,5.400538862002159,182.0,184.0,80,16.0,-39.0,0.2,182.0,
07:34:39,182.0,50.0,183.2,10.0,180.0,30.0,226.6,40.0,1.1999999999999886,80.0,50.0,6.197355887795671,182.0,183.2,130,30.0,50.0,0.23,182.0,
07:34:40,182.0,16.0,208.5,16.0,180.0,12.0,783.0,20.0,26.5,28.0,36.0,6.230671713386578,182.0,208.5,64,-8.0,-66.0,-0.12,182.0,1.0
07:34:41,182.0,41.0,353.88,32.0,180.0,24.0,783.0,40.0,171.88,65.0,72.0,36.45316556898721,182.0,353.88,137,-7.0,73.0,-0.05,182.0,3.0
07:34:42,180.0,18.0,394.0,36.0,178.1,49.0,783.0,45.0,214.0,67.0,81.0,50.29339240894368,180.0,394.0,148,-14.0,11.0,-0.09,181.6,5.0
07:34:43,178.86,14.0,350.0,44.0,177.09,70.0,783.0,55.0,171.14,84.0,99.0,47.12283236394003,178.86,350.0,183,-15.0,35.0,-0.08,179.33,3.0
07:34:47,177.23,31.0,418.92,13.0,176.35,92.0,581.55,38.0,241.69000000000003,123.0,51.0,45.40126286789816,177.23,418.92,174,72.0,105.0,0.41,178.0,1.0
07:34:48,177.0,44.0,219.19,21.0,174.0,60.0,591.89,9.0,42.19,104.0,30.0,71.27239283200747,177.0,219.19,134,74.0,-40.0,0.55,177.0,1.0
07:34:49,175.35,91.0,207.64,28.0,171.45,132.0,242.48,46.0,32.28999999999999,223.0,74.0,82.38100921935825,175.35,207.64,297,149.0,163.0,0.5,177.0,
07:34:50,177.0,52.0,203.2,25.0,174.0,130.0,207.11,44.0,26.19999999999999,182.0,69.0,74.83388924812064,177.0,203.2,251,113.0,-46.0,0.45,177.0,
07:34:51,177.88,24.0,200.62,40.0,175.12,32.0,202.0,8.0,22.74000000000001,56.0,48.0,47.45740542844691,177.88,200.62,104,8.0,-147.0,0.08,177.0,2.0
07:34:52,180.08,39.0,198.25,28.0,177.0,26.0,198.84,32.0,18.169999999999987,65.0,60.0,3.741112134109205,180.08,198.25,125,5.0,21.0,0.04,177.0,
07:34:53,175.29,98.0,194.72,18.0,167.86,28.0,197.5,24.0,19.430000000000007,126.0,42.0,2.426318198418889,175.29,194.72,168,84.0,43.0,0.5,179.4,5.0
07:34:54,174.86,70.0,191.9,20.0,165.86,14.0,192.89,18.0,17.039999999999992,84.0,38.0,2.988648523995153,174.86,191.9,122,46.0,-46.0,0.38,179.4,
07:34:55,181.0,36.0,189.21,38.0,175.0,120.0,189.69,32.0,8.210000000000008,156.0,70.0,2.6684546089409547,181.0,189.21,226,86.0,104.0,0.38,179.4,
07:34:56,175.78,95.0,184.75,24.0,164.26,77.0,187.06,31.0,8.969999999999999,172.0,55.0,3.22242455303114,175.77999999999997,184.75,227,117.0,1.0,0.52,179.5,4.0
07:34:57,175.0,90.0,184.0,20.0,129.3,47.0,185.0,10.0,9.0,137.0,30.0,2.6335147616783194,175.0,184.0,167,107.0,-60.0,0.64,179.5,
07:34:58,164.61,72.0,180.62,34.0,119.64,84.0,183.12,32.0,16.00999999999999,156.0,66.0,4.80412010673932,164.61,180.62,222,90.0,55.0,0.41,180.0,2.0
07:34:59,179.18,44.0,181.82,11.0,178.05,38.0,187.64,55.0,2.6399999999999864,82.0,66.0,4.485413024457936,179.18,181.82,148,16.0,-74.0,0.11,180.0,
07:35:00,180.96,79.0,380.15,39.0,177.61,51.0,360.94,51.0,199.19,130.0,90.0,45.8848022770065,180.96,380.15,220,40.0,72.0,0.18,180.2,5.0
07:35:10,183.0,26.0,204.87,31.0,178.56,18.0,209.19,42.0,21.870000000000005,44.0,73.0,24.809384716271875,183.0,204.87,117,-29.0,-6.0,-0.25,180.2,
07:35:11,183.0,30.0,191.28,36.0,180.0,30.0,192.32,31.0,8.280000000000001,60.0,67.0,23.77291589182913,183.0,191.28,127,-7.0,10.0,-0.06,180.2,
07:35:12,183.0,28.0,184.93,28.0,180.0,28.0,186.84,25.0,1.9300000000000068,56.0,53.0,12.86986596666722,183.0,184.93,109,3.0,-18.0,0.03,180.2,
07:35:13,181.2,20.0,183.0,14.0,178.8,20.0,185.58,19.0,1.8000000000000114,40.0,33.0,11.35504645521005,181.2,183.0,73,7.0,-36.0,0.1,183.0,2.0
07:35:14,176.71,34.0,181.14,28.0,174.28,25.0,182.29,28.0,4.429999999999978,59.0,56.0,5.717002711209546,176.71,181.14,115,3.0,42.0,0.03,177.0,7.0
07:35:15,173.62,105.0,176.83,24.0,167.87,30.0,178.33,24.0,3.210000000000008,135.0,48.0,4.587646455425345,173.62000000000003,176.83,183,87.0,68.0,0.48,177.0,
07:35:16,174.78,98.0,242.84,32.0,163.63,35.0,319.77,35.0,68.06,133.0,67.0,13.28151836199376,174.77999999999997,242.84,200,66.0,17.0,0.33,174.8,5.0
07:35:31,182.22,64.0,187.83,36.0,181.9,101.0,271.4,30.0,5.610000000000014,165.0,66.0,0.5752130040023562,182.22,187.83,231,99.0,62.0,0.43,182.4,5.0
07:35:32,182.0,70.0,187.0,21.0,181.0,14.0,292.0,28.0,5.0,84.0,49.0,0.8123238270378186,182.0,187.0,133,35.0,-98.0,0.26,182.4,
07:35:33,182.0,60.0,187.0,18.0,181.0,12.0,383.83,24.0,5.0,72.0,42.0,0.796573913691182,182.0,187.0,114,30.0,-19.0,0.26,182.4,
07:35:34,182.0,100.0,186.0,30.0,181.0,20.0,405.94,34.0,4.0,120.0,64.0,0.59870693997413,182.0,186.0,184,56.0,70.0,0.3,182.4,
07:35:35,182.0,94.0,401.57,42.0,181.0,22.0,590.76,41.0,219.57,116.0,83.0,47.97957513359178,182.0,401.57,199,33.0,15.0,0.17,183.71,7.0
07:35:36,182.0,48.0,405.26,27.0,181.0,16.0,554.25,32.0,223.26,64.0,59.0,59.36426054453962,182.0,405.26,123,5.0,-76.0,0.04,183.71,
07:35:37,182.03,68.0,250.5,36.0,181.21,28.0,436.81,47.0,68.47,96.0,83.0,55.13703864010095,182.03,250.5,179,13.0,56.0,0.07,183.71,
07:35:38,183.0,18.0,209.0,27.0,182.0,86.0,350.33,36.0,26.0,104.0,63.0,52.74192857679727,183.0,209.0,167,41.0,-12.0,0.25,183.71,
07:35:39,182.62,26.0,209.0,39.0,181.62,80.0,445.0,48.0,26.379999999999995,106.0,87.0,50.00562138400028,182.62,209.0,193,19.0,26.0,0.1,182.5,4.0
07:35:40,182.0,110.0,368.5,28.0,180.0,60.0,423.4,30.0,186.5,170.0,58.0,46.00223527177765,182.0,368.5,228,112.0,35.0,0.49,182.0,5.0
07:35:41,182.86,130.0,187.82,44.0,181.83,138.0,313.33,36.0,4.95999999999998,268.0,80.0,36.16829647633381,182.86,187.82,348,188.0,120.0,0.54,182.0,
07:35:44,182.02,91.0,332.98,45.0,181.47,19.0,413.14,51.0,150.96,110.0,96.0,44.83042906330456,182.02,332.98,206,14.0,40.0,0.07,182.0,
07:35:45,182.31,78.0,266.03,38.0,181.9,60.0,380.93,58.0,83.71999999999997,138.0,96.0,32.60524083640512,182.31,266.03,234,42.0,28.0,0.18,182.0,
07:35:58,182.0,65.0,197.37,63.0,181.0,52.0,200.41,54.0,15.370000000000005,117.0,117.0,3.003769298727245,182.0,197.37,234,0.0,84.0,0.0,182.0,
07:35:59,182.0,65.0,193.82,44.0,181.0,52.0,195.06,52.0,11.819999999999991,117.0,96.0,2.91181215053031,182.0,193.82,213,21.0,-21.0,0.1,182.0,
07:36:00,182.0,43.0,190.9,31.0,181.0,36.0,193.0,34.0,8.900000000000006,79.0,65.0,2.582372939754352,182.0,190.9,144,14.0,-69.0,0.1,182.0,1.0
07:36:01,182.27,44.0,185.31,54.0,181.33,48.0,186.7,54.0,3.039999999999992,92.0,108.0,2.9629934188207545,182.27,185.31,200,-16.0,56.0,-0.08,183.0,3.0
07:36:02,182.39,112.0,183.91,81.0,180.68,94.0,196.47,99.0,1.5200000000000102,206.0,180.0,2.7480684125353667,182.39,183.91,386,26.0,163.375,0.07,182.82,11.0
07:36:03,181.0,20.0,182.88,16.0,180.0,16.0,184.0,16.0,1.8799999999999957,36.0,32.0,2.4597398236346417,181.0,182.88,68,4.0,-163.625,0.06,182.14,7.0
07:36:04,180.57,14.0,182.57,14.0,178.8,40.0,233.67,24.0,2.0,54.0,38.0,1.9362076334871312,180.57,182.57,92,16.0,24.0,0.17,181.0,1.0
07:36:05,179.5,24.0,183.0,22.0,177.56,45.0,417.0,22.0,3.5,69.0,44.0,1.083928041879871,179.5,183.0,113,25.0,21.0,0.22,181.0,
07:36:06,178.0,30.0,276.6,20.0,177.0,100.0,418.25,32.0,98.60000000000002,130.0,52.0,20.28160915706584,178.0,276.6,182,78.0,69.0,0.43,181.0,
07:36:07,178.93,45.0,416.71,14.0,177.64,28.0,418.72,29.0,237.78,73.0,43.0,50.87924557223687,178.93,416.71,116,30.0,-66.0,0.26,181.0,
07:36:08,179.0,42.0,279.17,12.0,178.0,18.0,416.33,12.0,100.17000000000002,60.0,24.0,47.72886998452811,179.0,279.17,84,36.0,-32.0,0.43,181.0,
07:36:09,179.43,49.0,185.0,14.0,178.0,21.0,209.14,14.0,5.569999999999993,70.0,28.0,47.589285243634286,179.43,185.0,98,42.0,14.0,0.43,181.0,
07:36:10,180.0,59.0,183.7,40.0,178.0,33.0,205.91,22.0,3.6999999999999886,92.0,62.0,47.45658510681092,180.0,183.7,154,30.0,56.0,0.19,180.0,3.0
07:36:11,180.0,26.0,182.89,36.0,178.0,30.0,184.33,24.0,2.8899999999999864,56.0,60.0,50.883265913264495,180.0,182.89,116,-4.0,-38.0,-0.03,180.0,2.0
07:36:12,180.6,25.0,182.0,24.0,178.5,24.0,277.9,40.0,1.4000000000000057,49.0,64.0,21.191989760283857,180.6,182.0,113,-15.0,-3.0,-0.13,180.67,3.0
07:36:13,177.46,71.0,180.58,24.0,176.62,39.0,408.4,50.0,3.1200000000000045,110.0,74.0,1.2506118502444106,177.46,180.58,184,36.0,71.0,0.2,179.0,9.0
07:36:14,177.0,68.0,382.86,28.0,174.0,10.0,477.61,38.0,205.86,78.0,66.0,44.30024006706938,177.0,382.86,144,12.0,-40.0,0.08,177.0,2.0
07:36:15,177.08,39.0,239.07,15.0,176.25,24.0,406.0,18.0,61.98999999999998,63.0,33.0,43.04393766838695,177.08,239.07,96,30.0,-48.0,0.31,177.0,
07:36:16,178.0,13.0,236.76,42.0,177.0,78.0,259.58,33.0,58.75999999999999,91.0,75.0,40.858740191053165,178.0,236.76,166,16.0,70.0,0.1,177.0,
07:36:17,178.0,9.0,234.13,30.0,177.0,54.0,235.5,24.0,56.13,63.0,54.0,37.71708936278071,178.0,234.13,117,9.0,-49.0,0.08,177.0,
07:36:18,178.0,13.0,232.56,57.0,176.57,42.0,233.44,36.0,54.56,55.0,93.0,32.76758657576092,178.0,232.56,148,-38.0,31.0,-0.26,177.0,
07:36:19,178.0,14.0,229.73,51.0,177.0,42.0,231.7,47.0,51.72999999999999,56.0,98.0,1.6736994951248123,178.0,229.73,154,-42.0,6.0,-0.27,177.0,
07:36:20,178.95,21.0,223.93,30.0,177.35,23.0,225.17,48.0,44.98000000000002,44.0,78.0,2.2733631474053024,178.95,223.93,122,-34.0,-32.0,-0.28,177.0,
07:36:21,178.5,52.0,220.83,60.0,175.16,19.0,224.14,56.0,42.33000000000001,71.0,116.0,2.6709979408415783,178.5,220.83,187,-45.0,65.0,-0.24,179.14,7.0
07:36:23,176.63,73.0,214.21,53.0,173.59,17.0,215.51,63.0,37.58000000000001,90.0,116.0,3.15732798422636,176.63,214.21,206,-26.0,69.0,-0.13,183.4,5.0
07:36:24,175.0,59.0,212.37,49.0,174.0,13.0,213.67,55.0,37.370000000000005,72.0,104.0,3.618560487262585,175.0,212.37000000000003,176,-32.0,-30.0,-0.18,175.0,1.0
07:36:25,175.96,46.0,209.49,41.0,174.9,20.0,211.6,50.0,33.53,66.0,91.0,3.859924869732226,175.96,209.49,157,-25.0,-19.0,-0.16,175.0,
07:36:26,179.48,50.0,208.37,62.0,177.75,16.0,209.14,35.0,28.89000000000001,66.0,97.0,3.569422922543212,179.48,208.37,163,-31.0,6.0,-0.19,175.0,
07:36:27,181.64,45.0,206.1,78.0,179.7,46.0,207.15,66.0,24.460000000000008,91.0,144.0,0.9682613283490692,181.64,206.1,235,-53.0,72.0,-0.23,181.0,1.0
07:36:28,182.53,53.0,203.08,59.0,177.53,19.0,203.85,84.0,20.55000000000001,72.0,143.0,0.5896354805946555,182.53,203.08,215,-71.0,-20.0,-0.33,182.0,3.0
07:36:34,182.0,7.0,189.17,29.0,180.0,7.0,191.0,28.0,7.169999999999988,14.0,57.0,2.332770884586408,182.0,189.17,71,-43.0,-41.0,-0.61,182.0,
07:36:35,182.0,15.0,187.35,40.0,180.0,15.0,189.84,50.0,5.349999999999994,30.0,90.0,2.652325394813662,182.0,187.35,120,-60.0,49.0,-0.5,182.0,
07:36:36,182.0,9.0,183.78,36.0,180.0,9.0,184.57,28.0,1.7800000000000011,18.0,64.0,2.8283475741098014,182.0,183.78,82,-46.0,-38.0,-0.56,182.0,
07:36:37,181.91,11.0,204.83,41.0,177.66,41.0,247.9,29.0,22.920000000000016,52.0,70.0,4.0557157198172895,181.91,204.83,122,-18.0,40.0,-0.15,182.89,9.0
07:36:38,183.0,6.0,240.8,20.0,180.0,6.0,356.63,19.0,57.80000000000001,12.0,39.0,11.99016805553513,183.0,240.8,51,-27.0,-71.0,-0.53,182.89,
07:36:39,177.32,111.0,200.0,13.0,176.89,27.0,224.17,48.0,22.680000000000007,138.0,61.0,11.674405766460891,177.32,200.0,199,77.0,148.0,0.39,180.0,3.0
07:36:40,178.27,110.0,198.6,10.0,176.83,90.0,319.2,30.0,20.329999999999984,200.0,40.0,11.171108718474445,178.27,198.6,240,160.0,41.0,0.67,180.0,
07:36:41,181.12,80.0,196.25,16.0,177.34,164.0,373.88,25.0,15.129999999999995,244.0,41.0,10.10207255962736,181.12,196.25,285,203.0,45.0,0.71,180.0,
07:36:42,182.26,94.0,193.71,17.0,181.13,113.0,195.0,22.0,11.450000000000015,207.0,39.0,10.494354672869392,182.26,193.71,246,168.0,-39.0,0.68,180.0,
07:36:43,182.57,117.0,191.74,19.0,181.39,115.0,193.16,19.0,9.170000000000016,232.0,38.0,0.6439953415775925,182.57,191.74,270,194.0,24.0,0.72,180.0,
07:36:47,182.54,37.0,185.41,17.0,181.64,39.0,410.87,23.0,2.8700000000000045,76.0,40.0,1.1732092737326452,182.54,185.41,116,36.0,11.0,0.31,183.0,4.0
07:36:48,182.64,25.0,185.73,11.0,181.8,30.0,251.33,45.0,3.0900000000000034,55.0,56.0,0.7072976742305549,182.64,185.73,111,-1.0,-5.0,-0.01,183.0,
07:36:49,183.0,18.0,211.54,13.0,182.0,27.0,296.71,31.0,28.539999999999992,45.0,44.0,5.712060048701628,183.0,211.54,89,1.0,-22.0,0.01,184.0,1.0
07:36:50,183.0,26.0,281.96,46.0,182.0,39.0,492.71,51.0,98.95999999999998,65.0,97.0,20.836255181773375,183.0,281.96,162,-32.0,73.0,-0.2,184.0,
07:36:51,182.4,10.0,275.75,32.0,181.33,18.0,532.5,36.0,93.35,28.0,68.0,23.815944868931453,182.4,275.75,96,-40.0,-66.0,-0.42,182.5,4.0
07:36:54,180.32,22.0,217.0,24.0,179.32,53.0,316.19,42.0,36.68000000000001,75.0,66.0,14.739103432705548,180.32,217.0,141,9.0,38.0,0.06,181.0,1.0
07:36:55,180.0,25.0,183.0,16.0,178.0,48.0,220.76,33.0,3.0,73.0,49.0,22.76012236346692,180.0,183.0,122,24.0,-19.0,0.2,180.0,3.0
07:36:56,180.0,12.0,183.0,12.0,178.0,36.0,200.0,24.0,3.0,48.0,36.0,24.59346295258116,180.0,183.0,84,12.0,-38.0,0.14,180.0,
07:36:57,179.08,26.0,183.0,22.0,177.83,46.0,284.71,52.0,3.919999999999988,72.0,74.0,23.45543178029297,179.07999999999998,183.0,146,-2.0,62.0,-0.01,178.8,5.0
07:36:58,176.43,21.0,183.0,16.0,174.15,71.0,323.31,16.0,6.569999999999993,92.0,32.0,7.959580390948452,176.43,183.0,124,60.0,-22.0,0.48,177.5,4.0
07:36:59,176.02,41.0,183.0,22.0,168.78,74.0,189.45,11.0,6.97999999999999,115.0,33.0,0.9721471081934886,176.02,183.0,148,82.0,24.0,0.55,177.5,
07:37:00,175.18,67.0,182.0,13.0,151.05,80.0,183.71,34.0,6.819999999999993,147.0,47.0,1.1852636837297517,175.18,182.0,194,100.0,46.0,0.52,176.5,4.0
07:37:01,169.06,71.0,180.79,34.0,115.0,48.0,182.32,34.0,11.72999999999999,119.0,68.0,2.310904584782287,169.06,180.79,187,51.0,-7.0,0.27,175.0,1.0
07:37:02,177.0,90.0,178.96,57.0,167.53,64.0,179.52,21.0,1.960000000000008,154.0,78.0,1.928336070286354,177.0,178.96,232,76.0,45.0,0.33,177.0,1.0
07:37:03,177.0,40.0,178.62,16.0,175.0,16.0,179.47,34.0,1.6200000000000043,56.0,50.0,1.7183655024374684,177.0,178.62,106,6.0,-126.0,0.06,177.0,2.0
07:37:04,177.0,36.0,179.0,55.0,175.0,22.0,183.0,22.0,2.0,58.0,77.0,1.4458803546514485,177.0,179.0,135,-19.0,29.0,-0.14,177.0,1.0
07:37:05,177.0,18.0,178.83,30.0,175.0,12.0,183.0,12.0,1.8300000000000125,30.0,42.0,1.342560985567104,177.0,178.83,72,-12.0,-63.0,-0.17,177.0,
07:37:06,177.0,36.0,178.0,60.0,175.0,24.0,183.0,24.0,1.0,60.0,84.0,0.20498780443542,177.0,178.0,144,-24.0,72.0,-0.17,177.0,
07:37:07,176.8,20.0,178.0,35.0,164.57,14.0,183.0,14.0,1.1999999999999886,34.0,49.0,0.2632109419594423,176.8,178.0,83,-15.0,-61.0,-0.18,177.0,
07:37:08,175.67,15.0,179.51,37.0,158.33,60.0,253.0,32.0,3.8400000000000034,75.0,69.0,0.2640454505708207,175.67,179.51,144,6.0,61.0,0.04,177.0,1.0
07:37:09,175.2,20.0,179.5,40.0,154.38,78.0,180.6,40.0,4.300000000000011,98.0,80.0,0.2255437872499782,175.2,179.5,178,18.0,34.0,0.1,177.0,
07:37:10,176.93,56.0,178.43,46.0,175.13,30.0,180.5,52.0,1.5,86.0,98.0,0.1350185171264853,176.93,178.43,184,-12.0,6.0,-0.07,178.0,4.0
07:37:11,177.0,72.0,181.95,40.0,140.17,84.0,257.71,56.0,4.949999999999989,156.0,96.0,0.8890837980569165,177.0,181.95,252,60.0,68.0,0.24,177.0,4.0
07:37:12,178.0,47.0,185.0,10.0,174.73,22.0,369.8,20.0,7.0,69.0,30.0,1.769624253893439,178.0,185.0,99,39.0,-153.0,0.39,178.0,3.0
07:37:13,178.0,63.0,185.0,18.0,174.0,18.0,271.0,24.0,7.0,81.0,42.0,1.9959834668575,178.0,185.0,123,39.0,24.0,0.32,178.0,
07:37:14,180.0,63.0,184.0,24.0,177.62,63.0,370.73,41.0,4.0,126.0,65.0,1.819258090532821,180.0,184.0,191,61.0,68.0,0.32,178.0,
07:37:15,181.0,60.0,185.0,20.0,178.0,90.0,225.3,50.0,4.0,150.0,70.0,1.2865379900997294,181.0,185.0,220,80.0,29.0,0.36,178.0,
07:37:16,181.9,58.0,184.15,13.0,180.07,87.0,209.0,65.0,2.25,145.0,78.0,0.7662767124024431,181.9,184.15000000000003,223,67.0,3.0,0.3,183.67,3.0
07:37:17,181.63,19.0,184.0,8.0,179.02,53.0,209.0,40.0,2.3700000000000045,72.0,48.0,0.6853466276056588,181.63,184.0,120,24.0,-103.0,0.2,181.67,6.0
07:37:18,181.0,22.0,182.64,11.0,178.0,77.0,244.24,17.0,1.6399999999999864,99.0,28.0,0.5787745674876245,181.0,182.64,127,71.0,7.0,0.56,181.67,
07:37:19,178.16,38.0,181.43,7.0,176.11,19.0,184.0,7.0,3.2700000000000102,57.0,14.0,1.379083028671672,178.16,181.43,71,43.0,-56.0,0.61,180.0,3.0
07:37:20,178.23,70.0,181.24,17.0,176.11,130.0,207.89,18.0,3.0100000000000198,200.0,35.0,1.5987088540349823,178.23,181.24,235,165.0,163.375,0.7,180.0,1.0
07:37:29,181.93,45.0,188.32,31.0,182.58,19.0,237.36,44.0,6.389999999999986,64.0,75.0,0.8629426400250039,181.93,188.32,139,-11.0,-14.0,-0.08,183.83,6.0
07:37:30,181.0,121.0,190.0,22.0,180.0,22.0,191.0,44.0,9.0,143.0,66.0,0.7819654723663684,181.0,190.0,209,77.0,70.0,0.37,183.83,
07:37:31,181.0,84.0,189.62,16.0,180.0,16.0,191.0,32.0,8.620000000000005,100.0,48.0,0.631292325292349,181.0,189.62,148,52.0,-61.0,0.35,181.0,4.0
07:37:32,181.0,56.0,189.0,16.0,180.0,16.0,192.0,32.0,8.0,72.0,48.0,0.4103291361491227,181.0,189.0,120,24.0,-28.0,0.2,181.0,
07:37:33,181.0,80.0,188.83,24.0,180.0,24.0,192.0,48.0,7.8300000000000125,104.0,72.0,0.2353083083378057,181.0,188.83,176,32.0,56.0,0.18,181.0,1.0
07:37:34,181.5,48.0,186.83,24.0,180.86,56.0,192.0,48.0,5.3300000000000125,104.0,72.0,0.5097548430105829,181.5,186.83,176,32.0,0.0,0.18,181.0,
07:37:35,182.0,39.0,185.54,26.0,181.0,78.0,191.62,52.0,3.539999999999992,117.0,78.0,0.6392417382904791,182.0,185.54,195,39.0,19.0,0.2,181.0,
07:37:36,182.0,30.0,184.14,29.0,181.0,60.0,189.94,34.0,2.1399999999999864,90.0,63.0,0.8093392366446148,182.0,184.14,153,27.0,-42.0,0.18,182.0,3.0
07:37:37,181.0,72.0,183.25,24.0,180.0,24.0,187.76,34.0,2.25,96.0,58.0,1.068527023510543,181.0,183.25,154,38.0,1.0,0.25,182.0,
07:37:38,181.0,53.0,182.57,28.0,180.0,28.0,188.04,46.0,1.5699999999999932,81.0,74.0,1.0251731560922448,181.0,182.57,155,7.0,1.0,0.05,181.0,3.0
07:37:39,177.61,36.0,181.11,18.0,176.92,125.0,188.56,36.0,3.5,161.0,54.0,1.681032420856866,177.61,181.11,215,107.0,60.0,0.5,179.33,9.0
07:37:40,177.0,138.0,181.0,26.0,175.0,65.0,188.0,52.0,4.0,203.0,78.0,1.7909410933840455,177.0,181.0,281,125.0,66.0,0.44,177.0,4.0
07:37:41,177.0,132.0,181.0,16.0,174.85,59.0,188.0,60.0,4.0,191.0,76.0,1.5640907901945624,177.0,181.0,267,115.0,-14.0,0.43,178.0,4.0
07:37:42,177.0,84.0,203.42,12.0,174.5,12.0,212.59,39.0,26.419999999999987,96.0,51.0,4.8045780251726455,177.0,203.42,147,45.0,-120.0,0.31,178.0,
07:37:43,177.97,31.0,187.44,9.0,176.96,57.0,329.88,17.0,9.47,88.0,26.0,4.8182496821949705,177.97,187.44,114,62.0,-33.0,0.54,178.0,
07:37:44,177.32,50.0,186.67,12.0,176.25,24.0,188.0,12.0,9.349999999999994,74.0,24.0,4.588427835323564,177.32,186.67,98,50.0,-16.0,0.51,178.0,6.0
07:37:45,178.0,48.0,185.05,41.0,176.27,15.0,186.27,15.0,7.050000000000011,63.0,56.0,4.220240514469784,178.0,185.05,119,7.0,21.0,0.06,178.0,1.0
07:37:46,178.0,51.0,184.41,51.0,176.82,17.0,185.19,37.0,6.409999999999997,68.0,88.0,3.77785918212581,178.0,184.41,156,-20.0,37.0,-0.13,178.0,
07:37:47,178.0,39.0,182.5,34.0,174.48,21.0,184.0,36.0,4.5,60.0,70.0,0.9144287834335544,178.0,182.5,130,-10.0,-26.0,-0.08,178.0,
07:37:48,177.79,42.0,179.08,53.0,175.86,29.0,181.93,56.0,1.2900000000000205,71.0,109.0,1.4097872179770692,177.79,179.07999999999998,180,-38.0,50.0,-0.21,178.0,3.0
07:37:49,177.0,36.0,178.0,12.0,174.0,12.0,179.0,48.0,1.0,48.0,60.0,1.7545854211098544,177.0,178.0,108,-12.0,-72.0,-0.11,178.0,
07:37:50,177.0,16.0,178.91,22.0,174.0,7.0,181.61,23.0,1.9099999999999968,23.0,45.0,1.589094081535452,177.0,178.91,68,-22.0,-40.0,-0.32,177.0,1.0
07:37:51,177.0,28.0,179.92,26.0,174.0,14.0,185.23,22.0,2.9199999999999875,42.0,48.0,1.0452128969596612,177.0,179.92000000000002,90,-6.0,22.0,-0.07,179.67,6.0
07:37:52,177.0,24.0,183.0,12.0,174.0,12.0,187.0,12.0,6.0,36.0,24.0,0.942586866008006,177.0,183.0,60,12.0,-30.0,0.2,179.67,
07:37:53,178.0,28.0,183.0,14.0,176.35,23.0,187.0,14.0,5.0,51.0,28.0,1.3061852854671752,178.0,183.0,79,23.0,19.0,0.29,179.67,
07:37:54,179.21,28.0,183.0,14.0,175.55,29.0,187.0,14.0,3.789999999999992,57.0,28.0,1.3483434280520938,179.21,183.0,85,29.0,6.0,0.34,179.67,
07:37:55,180.88,34.0,182.47,15.0,173.63,30.0,187.0,15.0,1.5900000000000034,64.0,30.0,1.2285235040370768,180.88,182.47,94,34.0,9.0,0.36,179.67,
07:37:56,180.81,26.0,182.0,12.0,176.47,17.0,186.08,12.0,1.1899999999999975,43.0,24.0,0.6801690966015619,180.81,182.0,67,19.0,-27.0,0.28,181.0,3.0
07:37:57,180.0,7.0,181.86,7.0,174.0,14.0,186.0,7.0,1.8600000000000136,21.0,14.0,0.4476270768975687,180.0,181.86,35,7.0,-32.0,0.2,181.0,
07:37:58,175.93,28.0,185.62,8.0,172.05,86.0,248.44,36.0,9.689999999999998,114.0,44.0,0.3591239340003461,175.93,185.62,158,70.0,123.0,0.44,177.0,2.0
07:37:59,177.0,48.0,183.83,6.0,174.83,6.0,247.5,26.0,6.8300000000000125,54.0,32.0,0.4976444513624555,177.0,183.83,86,22.0,-72.0,0.26,177.0,1.0
07:38:00,178.12,50.0,193.0,18.0,176.8,30.0,408.83,35.0,14.879999999999995,80.0,53.0,2.1211836318367414,178.12,193.0,133,27.0,47.0,0.2,178.33,6.0
07:38:04,177.33,72.0,370.12,32.0,176.71,49.0,648.4,30.0,192.79,121.0,62.0,36.78957664882789,177.33,370.12,183,59.0,80.0,0.32,178.33,3.0
07:38:05,177.35,51.0,368.57,21.0,176.5,24.0,489.0,18.0,191.22,75.0,39.0,41.7839556528578,177.35,368.57,114,36.0,-69.0,0.32,179.0,4.0
07:38:06,177.0,120.0,302.0,24.0,176.0,48.0,517.38,24.0,125.0,168.0,48.0,36.55909900421494,177.0,302.0,216,120.0,102.0,0.56,179.0,
07:38:07,177.0,75.0,245.2,15.0,176.0,30.0,337.2,15.0,68.19999999999999,105.0,30.0,37.41598562112176,177.0,245.2,135,75.0,-81.0,0.56,179.0,
07:38:08,177.0,105.0,460.43,21.0,176.0,42.0,613.14,21.0,283.43,147.0,42.0,40.50801957637525,177.0,460.43,189,105.0,54.0,0.56,179.0,
07:38:09,177.0,30.0,438.0,6.0,176.0,12.0,586.5,6.0,261.0,42.0,12.0,45.24136691126832,177.0,438.0,54,30.0,-135.0,0.56,179.0,
07:38:11,177.1,167.0,314.64,28.0,176.19,81.0,375.85,34.0,137.54,248.0,62.0,50.47414219181944,177.1,314.64,310,186.0,121.0,0.6,179.0,
07:38:12,178.64,44.0,229.29,14.0,176.94,93.0,232.0,21.0,50.650000000000006,137.0,35.0,53.00706019012944,178.64,229.29,172,102.0,-138.0,0.59,182.33,3.0
07:38:13,177.73,98.0,228.36,22.0,176.91,134.0,335.64,33.0,50.63000000000002,232.0,55.0,57.09854752968764,177.72999999999996,228.36,287,177.0,115.0,0.62,182.33,
07:38:14,177.0,148.0,227.6,30.0,176.0,72.0,490.45,33.0,50.6,220.0,63.0,53.130241200280565,177.0,227.6,283,157.0,-4.0,0.55,182.33,
07:38:15,178.03,35.0,197.57,37.0,176.23,66.0,226.41,34.0,19.539999999999992,101.0,71.0,21.8730137383942,178.03,197.57,172,30.0,-111.0,0.17,182.33,
07:38:16,179.0,72.0,182.84,19.0,177.0,38.0,186.22,37.0,3.8400000000000034,110.0,56.0,10.566744058600872,179.0,182.84,166,54.0,-6.0,0.33,182.33,
07:38:17,179.39,104.0,182.33,30.0,177.0,12.0,190.71,58.0,2.940000000000026,116.0,88.0,11.04035234944859,179.39,182.33,204,28.0,38.0,0.14,180.0,2.0
07:38:18,180.37,67.0,182.49,69.0,177.0,14.0,184.44,66.0,2.1200000000000045,81.0,135.0,9.21750617032466,180.37,182.49,216,-54.0,12.0,-0.25,181.0,5.0
07:38:19,181.0,26.0,182.0,65.0,178.12,16.0,185.0,65.0,1.0,42.0,130.0,2.975772168693596,181.0,182.0,172,-88.0,-44.0,-0.51,181.0,
07:38:20,180.25,24.0,183.9,52.0,178.2,15.0,236.05,58.0,3.6500000000000057,39.0,110.0,0.4966084976829111,180.25,183.90000000000003,149,-71.0,-23.0,-0.48,181.0,2.0
07:38:21,174.2,122.0,183.87,31.0,172.31,32.0,188.29,56.0,9.670000000000016,154.0,87.0,1.172582619677918,174.2,183.87,241,67.0,92.0,0.28,178.3,10.0
07:38:22,174.0,97.0,184.0,18.0,172.0,27.0,187.0,45.0,10.0,124.0,63.0,1.475964091694171,174.0,184.0,187,61.0,-54.0,0.33,174.0,1.0
07:38:23,180.0,61.0,183.42,24.0,174.0,120.0,187.0,60.0,3.4199999999999875,181.0,84.0,1.519615082832036,180.0,183.42,265,97.0,78.0,0.37,180.0,1.0
07:38:24,180.0,25.0,182.0,26.0,174.53,106.0,187.69,65.0,2.0,131.0,91.0,1.4663662571031095,180.0,182.0,222,40.0,-43.0,0.18,180.0,4.0
07:38:25,174.13,92.0,180.41,39.0,172.28,47.0,184.24,49.0,6.280000000000001,139.0,88.0,1.769595999082909,174.13,180.41,227,51.0,5.0,0.22,180.0,1.0
07:38:26,174.0,100.0,177.83,23.0,171.0,33.0,178.53,43.0,3.830000000000013,133.0,66.0,2.443495447094191,174.0,177.83,199,67.0,-28.0,0.34,174.0,1.0
07:38:27,174.0,76.0,175.22,45.0,171.0,27.0,204.59,29.0,1.2199999999999989,103.0,74.0,3.1267874887765714,174.0,175.22,177,29.0,-22.0,0.16,174.0,1.0
07:38:28,174.0,96.0,175.0,60.0,171.0,36.0,193.08,60.0,1.0,132.0,120.0,2.6757372815672977,174.0,175.0,252,12.0,75.0,0.05,175.0,4.0
07:38:29,174.0,48.0,175.0,6.0,171.0,18.0,183.0,30.0,1.0,66.0,36.0,1.2239566985676706,174.0,175.0,102,30.0,-150.0,0.29,175.0,
07:38:30,174.0,91.0,175.0,12.0,171.0,36.0,183.0,60.0,1.0,127.0,72.0,0.6201048298219164,174.0,175.0,199,55.0,97.0,0.28,174.0,5.0
07:38:31,174.0,22.0,175.0,11.0,170.73,33.0,182.27,55.0,1.0,55.0,66.0,0.0491934951835472,174.0,175.0,121,-11.0,-78.0,-0.09,174.0,1.0
07:38:32,174.0,12.0,175.0,6.0,171.0,16.0,183.0,30.0,1.0,28.0,36.0,0.0,174.0,175.0,64,-8.0,-57.0,-0.12,174.0,
07:38:33,176.57,70.0,182.76,67.0,172.65,40.0,287.84,62.0,6.189999999999998,110.0,129.0,2.312094288728016,176.57,182.76,239,-19.0,163.375,-0.08,175.0,1.0
07:38:34,177.1,20.0,183.0,25.0,176.33,18.0,327.76,21.0,5.900000000000006,38.0,46.0,2.9388654273323103,177.1,183.0,84,-8.0,-155.0,-0.1,175.0,
07:38:35,177.37,19.0,183.0,65.0,176.62,48.0,473.79,63.0,5.629999999999996,67.0,128.0,3.0000749990574427,177.37,183.0,195,-61.0,111.0,-0.31,177.2,5.0
07:38:36,177.38,16.0,182.96,45.0,176.12,17.0,245.43,49.0,5.5800000000000125,33.0,94.0,2.476172449562007,177.38,182.96,127,-61.0,-68.0,-0.48,183.0,1.0
07:38:37,178.2,10.0,181.74,19.0,177.06,17.0,190.78,36.0,3.5400000000000205,27.0,55.0,0.2081345717806819,178.2,181.74,82,-28.0,-45.0,-0.34,181.0,1.0
07:38:38,178.67,15.0,181.6,25.0,177.33,15.0,217.7,40.0,2.930000000000007,30.0,65.0,0.0888819440064289,178.67,181.6,95,-35.0,13.0,-0.37,180.0,1.0
07:38:39,177.07,14.0,182.5,48.0,176.53,19.0,244.89,27.0,5.430000000000007,33.0,75.0,0.1670927885049043,177.07,182.5,108,-42.0,13.0,-0.39,177.4,5.0
07:38:40,170.64,28.0,181.39,33.0,160.29,17.0,206.21,29.0,10.75,45.0,62.0,1.7928970968714386,170.64,181.39,107,-17.0,-1.0,-0.16,177.4,
07:38:41,171.05,22.0,179.25,32.0,170.33,24.0,198.21,29.0,8.199999999999989,46.0,61.0,2.4207478183341857,171.05,179.25,107,-15.0,0.0,-0.14,172.8,5.0
07:38:42,171.0,86.0,181.0,75.0,169.24,17.0,217.48,54.0,10.0,103.0,129.0,2.350014893563329,171.0,181.0,232,-26.0,125.0,-0.11,172.8,
07:38:43,172.54,26.0,180.54,65.0,170.86,43.0,184.0,52.0,8.0,69.0,117.0,1.7978181220494007,172.54,180.54,186,-48.0,-46.0,-0.26,173.0,2.0
07:38:44,171.0,6.0,180.0,15.0,169.0,3.0,184.0,12.0,9.0,9.0,27.0,0.5337789804488132,171.0,180.0,36,-18.0,-150.0,-0.5,173.0,
07:38:45,170.75,16.0,178.11,45.0,164.2,15.0,182.89,36.0,7.360000000000014,31.0,81.0,0.8056239817488515,170.75,178.11,112,-50.0,76.0,-0.45,171.0,2.0
07:38:46,170.5,16.0,178.0,35.0,167.77,13.0,182.0,28.0,7.5,29.0,63.0,0.9896110346842456,170.5,178.0,92,-34.0,-20.0,-0.37,171.0,2.0
07:38:47,172.0,26.0,177.62,65.0,169.69,13.0,181.69,52.0,5.6200000000000045,39.0,117.0,0.933932545727339,172.0,177.62,156,-78.0,64.0,-0.5,171.0,
07:38:48,175.29,14.0,177.0,40.0,173.3,10.0,180.0,32.0,1.710000000000008,24.0,72.0,0.7857671410594346,175.29,177.0,96,-48.0,-60.0,-0.5,176.0,2.0
07:38:49,147.0,32.0,179.53,38.0,103.66,47.0,275.97,35.0,32.53,79.0,73.0,5.261185227680934,147.0,179.53,152,6.0,56.0,0.04,173.0,2.0
07:38:50,147.2,50.0,173.14,43.0,121.54,52.0,177.55,47.0,25.94,102.0,90.0,7.42595650404494,147.2,173.14,192,12.0,40.0,0.06,173.0,
07:38:51,164.44,50.0,172.91,35.0,152.5,40.0,179.22,36.0,8.469999999999999,90.0,71.0,6.982153679200067,164.44,172.91,161,19.0,-31.0,0.12,172.0,3.0
07:38:52,165.46,78.0,174.04,47.0,141.15,52.0,251.24,51.0,8.579999999999984,130.0,98.0,6.179826049329118,165.46,174.04,228,32.0,67.0,0.14,173.0,4.0
07:38:53,169.25,64.0,172.0,50.0,164.29,48.0,211.57,42.0,2.75,112.0,92.0,4.551255870632464,169.25,172.0,204,20.0,-24.0,0.1,172.0,2.0
07:38:54,170.71,70.0,172.21,28.0,163.28,36.0,191.84,43.0,1.5,106.0,71.0,4.571031612225726,170.71,172.21,177,35.0,-27.0,0.2,172.0,2.0
07:38:55,167.56,32.0,172.0,11.0,163.1,41.0,173.0,33.0,4.439999999999998,73.0,44.0,1.0431299056049663,167.56,172.0,117,29.0,-60.0,0.25,172.0,
07:38:56,171.55,22.0,416.12,32.0,170.29,21.0,512.43,28.0,244.57,43.0,60.0,55.20740892307818,171.55,416.12,103,-17.0,-14.0,-0.17,172.75,4.0
07:38:57,174.0,24.0,355.17,36.0,171.71,34.0,453.42,31.0,181.17,58.0,67.0,60.37307081803921,174.0,355.17,125,-9.0,22.0,-0.07,172.75,
07:39:04,181.5,24.0,210.0,7.0,179.42,24.0,239.39,31.0,28.5,48.0,38.0,17.99355245636551,181.5,210.0,86,10.0,-59.0,0.12,182.0,4.0
07:39:05,182.0,44.0,207.92,13.0,180.0,22.0,262.45,40.0,25.919999999999987,66.0,53.0,16.79985029695129,182.0,207.92,119,13.0,33.0,0.11,182.0,
07:39:06,182.0,40.0,200.25,12.0,180.75,40.0,201.32,28.0,18.25,80.0,40.0,15.37555625009944,182.0,200.25,120,40.0,1.0,0.33,182.0,
07:39:09,181.63,38.0,193.9,10.0,180.5,16.0,197.0,30.0,12.27000000000001,54.0,40.0,2.653162264161099,181.63,193.9,94,14.0,-1.0,0.15,182.75,4.0
07:39:10,180.57,97.0,192.29,17.0,178.54,82.0,197.0,51.0,11.72,179.0,68.0,1.9856686531161023,180.57,192.29,247,111.0,153.0,0.45,181.0,5.0
07:39:11,180.0,77.0,188.21,29.0,176.38,63.0,199.9,39.0,8.210000000000008,140.0,68.0,2.600945981747309,180.0,188.21,208,72.0,-39.0,0.35,180.0,1.0
07:39:12,180.46,52.0,184.87,45.0,177.97,65.0,187.0,45.0,4.409999999999997,117.0,90.0,2.7673940810746376,180.46,184.87,207,27.0,-1.0,0.13,180.0,
07:39:13,181.0,39.0,182.46,39.0,180.0,52.0,183.46,39.0,1.460000000000008,91.0,78.0,2.531258580225737,181.0,182.46,169,13.0,-38.0,0.08,180.0,
07:39:14,180.18,49.0,182.0,39.0,176.77,62.0,310.38,39.0,1.8199999999999927,111.0,78.0,2.1299929577268517,180.18,182.0,189,33.0,20.0,0.17,181.0,3.0
07:39:15,180.53,19.0,432.7,23.0,176.71,31.0,549.03,38.0,252.17,50.0,61.0,55.562162214946,180.53,432.7,111,-11.0,-78.0,-0.1,180.0,3.0
07:39:16,181.0,20.0,317.9,30.0,180.0,10.0,518.0,40.0,136.89999999999998,30.0,70.0,56.437967893962806,181.0,317.9,100,-40.0,-11.0,-0.4,180.0,
07:39:17,181.0,14.0,274.43,21.0,180.0,7.0,435.1,20.0,93.43,21.0,41.0,52.37483670618917,181.0,274.43,62,-20.0,-38.0,-0.32,180.0,
07:39:18,182.52,27.0,237.09,55.0,181.69,26.0,437.22,23.0,54.56999999999999,53.0,78.0,47.25262870994566,182.52,237.09,131,-25.0,69.0,-0.19,180.0,
07:39:22,180.67,9.0,225.57,28.0,179.67,9.0,228.0,7.0,44.900000000000006,18.0,35.0,38.60372158225132,180.67,225.57,53,-17.0,-82.0,-0.32,182.8,5.0
07:39:23,178.0,7.0,224.96,25.0,177.0,7.0,226.8,10.0,46.96000000000001,14.0,35.0,39.58481678623732,178.0,224.96,49,-21.0,-4.0,-0.43,182.8,
07:39:24,176.77,13.0,212.69,16.0,175.5,44.0,219.39,28.0,35.91999999999999,57.0,44.0,6.297037398647773,176.77,212.69,101,13.0,52.0,0.13,176.6,5.0
07:39:25,176.47,19.0,197.3,20.0,174.89,61.0,198.22,41.0,20.830000000000013,80.0,61.0,7.67242008755824,176.47,197.3,141,19.0,40.0,0.13,177.0,1.0
07:39:26,177.12,32.0,194.96,26.0,174.45,62.0,197.1,29.0,17.840000000000003,94.0,55.0,7.945909010299948,177.12,194.96,149,39.0,8.0,0.26,177.0,
07:39:27,178.59,41.0,191.9,31.0,176.97,33.0,192.88,34.0,13.310000000000002,74.0,65.0,7.041621262178518,178.59,191.9,139,9.0,-10.0,0.06,177.0,
07:39:28,179.0,27.0,189.47,15.0,178.0,18.0,191.87,30.0,10.47,45.0,45.0,4.199694036470211,179.0,189.47,90,0.0,-49.0,0.0,177.0,
07:39:29,179.0,36.0,188.0,46.0,178.0,24.0,277.81,31.0,9.0,60.0,77.0,1.359430027608113,179.0,188.0,137,-17.0,47.0,-0.12,184.0,2.0
07:39:30,180.31,29.0,187.0,28.0,179.76,42.0,372.0,21.0,6.689999999999998,71.0,49.0,1.0830420120947992,180.31,187.0,120,22.0,-17.0,0.18,184.0,
07:39:32,177.92,24.0,186.0,28.0,175.89,28.0,339.35,23.0,8.080000000000013,52.0,51.0,1.062106397665507,177.92,186.0,103,1.0,-71.0,0.01,181.22,9.0
07:39:33,174.0,162.0,314.71,42.0,166.23,39.0,395.0,21.0,140.70999999999998,201.0,63.0,27.24611128216222,174.0,314.71,264,138.0,161.0,0.52,185.0,2.0
07:39:34,175.33,18.0,393.0,20.0,173.64,59.0,449.6,15.0,217.67,77.0,35.0,46.44856047284972,175.33,393.0,112,42.0,-152.0,0.38,185.0,
07:39:35,174.0,121.0,273.0,50.0,122.41,41.0,465.0,45.0,99.0,162.0,95.0,42.83601440376989,174.0,273.0,257,67.0,145.0,0.26,175.5,4.0
07:39:36,174.46,65.0,192.74,47.0,162.94,86.0,270.23,39.0,18.28,151.0,86.0,43.10907236301868,174.46,192.74,237,65.0,-20.0,0.27,175.5,
07:39:37,177.83,24.0,189.82,44.0,174.05,112.0,193.0,55.0,11.98999999999998,136.0,99.0,42.664209473515164,177.83,189.82,235,37.0,-2.0,0.16,175.5,
07:39:38,182.0,36.0,188.89,36.0,179.22,27.0,385.91,34.0,6.889999999999986,63.0,70.0,43.72139945152688,182.0,188.89,133,-7.0,-102.0,-0.05,175.5,
07:39:39,182.0,40.0,185.4,40.0,181.0,50.0,390.98,43.0,3.4000000000000057,90.0,83.0,17.617331807057628,182.0,185.4,173,7.0,40.0,0.04,175.5,
07:39:41,181.0,21.0,322.0,28.0,177.0,14.0,485.29,31.0,141.0,35.0,59.0,93.79380619209348,181.0,322.0,94,-24.0,-38.0,-0.26,175.5,
07:39:42,182.0,21.0,322.0,28.0,178.65,17.0,485.29,31.0,140.0,38.0,59.0,88.19451751668014,182.0,322.0,97,-21.0,3.0,-0.22,175.5,
07:39:43,182.0,9.0,317.3,33.0,181.0,28.0,540.97,34.0,135.3,37.0,67.0,79.88477326750078,182.0,317.3,104,-30.0,7.0,-0.29,182.0,2.0
07:39:44,182.12,8.0,303.25,40.0,181.0,32.0,388.64,39.0,121.13,40.0,79.0,67.87300545872425,182.12,303.25,119,-39.0,15.0,-0.33,182.0,
07:39:45,183.0,9.0,319.95,37.0,181.0,36.0,341.0,45.0,136.95,45.0,82.0,3.889803336930695,183.0,319.95,127,-37.0,8.0,-0.29,182.0,
07:39:46,183.0,12.0,318.69,16.0,181.0,104.0,319.98,56.0,135.69,116.0,72.0,3.813810430527073,183.0,318.69,188,44.0,61.0,0.23,182.0,
07:39:47,183.0,9.0,318.0,45.0,181.0,99.0,319.0,9.0,135.0,108.0,54.0,3.60453186974355,183.0,318.0,162,54.0,-26.0,0.33,182.0,
07:39:48,183.0,13.0,315.43,37.0,181.0,143.0,316.51,49.0,132.43,156.0,86.0,3.591146056622717,183.0,315.43,242,70.0,80.0,0.29,182.0,
07:39:49,181.33,48.0,295.43,23.0,180.87,92.0,312.1,52.0,114.1,140.0,75.0,5.485336817370148,181.33,295.43,215,65.0,-27.0,0.3,182.0,2.0
07:39:50,181.0,67.0,239.0,50.0,178.0,10.0,241.81,37.0,58.0,77.0,87.0,17.429598962683908,181.0,239.0,164,-10.0,-51.0,-0.06,181.0,6.0
07:39:59,180.28,54.0,183.44,50.0,179.92,51.0,202.86,42.0,3.1599999999999966,105.0,92.0,8.285073928454917,180.28,183.44,197,13.0,73.0,0.07,181.25,4.0
07:40:00,180.0,65.0,181.0,45.0,178.0,9.0,205.3,23.0,1.0,74.0,68.0,7.459660179925154,180.0,181.0,142,6.0,-55.0,0.04,180.0,5.0
07:40:01,178.53,15.0,226.47,34.0,175.03,86.0,238.17,35.0,47.94,101.0,69.0,8.989292519434525,178.53,226.47,170,32.0,28.0,0.19,180.0,4.0
07:40:02,178.0,8.0,224.0,8.0,175.0,24.0,225.0,24.0,46.0,32.0,32.0,10.749664180799453,178.0,224.0,64,0.0,-106.0,0.0,178.0,1.0
07:40:03,175.0,33.0,222.68,25.0,174.0,55.0,224.63,19.0,47.68000000000001,88.0,44.0,10.82459237107636,175.0,222.68,132,44.0,68.0,0.33,178.0,
07:40:04,175.2,40.0,219.91,35.0,172.31,59.0,221.53,17.0,44.71000000000001,99.0,52.0,8.915817405037336,175.2,219.91,151,47.0,19.0,0.31,174.5,6.0
07:40:05,177.72,50.0,217.06,18.0,176.21,28.0,218.2,30.0,39.34,78.0,48.0,2.2300493268017663,177.72,217.06,126,30.0,-25.0,0.24,174.5,
07:40:12,183.0,12.0,206.5,26.0,182.0,18.0,207.21,14.0,23.5,30.0,40.0,89.96529869899854,183.0,206.5,70,-10.0,-37.0,-0.14,183.0,1.0
07:40:13,183.0,8.0,191.25,24.0,182.0,16.0,194.0,14.0,8.25,24.0,38.0,98.86298589462092,183.0,191.25,62,-14.0,-8.0,-0.23,183.0,
07:40:14,183.0,9.0,190.11,27.0,182.0,18.0,194.0,21.0,7.110000000000014,27.0,48.0,54.45403456126998,183.0,190.11,75,-21.0,13.0,-0.28,183.0,
07:40:15,183.0,6.0,188.17,18.0,182.0,12.0,194.0,6.0,5.169999999999988,18.0,24.0,6.2032797776634165,183.0,188.17,42,-6.0,-33.0,-0.14,183.0,
07:40:16,180.78,9.0,185.54,13.0,180.57,14.0,186.91,23.0,4.759999999999991,23.0,36.0,4.361499742057291,180.78,185.54,59,-13.0,17.0,-0.22,182.33,3.0
07:40:17,178.0,12.0,184.94,32.0,177.0,12.0,185.62,16.0,6.939999999999998,24.0,48.0,2.390840856260429,178.0,184.94,72,-24.0,13.0,-0.33,182.33,
07:40:18,178.0,11.0,181.79,33.0,177.0,11.0,182.36,33.0,3.789999999999992,22.0,66.0,2.7756746927482547,178.0,181.79,88,-44.0,16.0,-0.5,182.33,
07:40:19,178.0,12.0,181.31,29.0,177.0,12.0,182.14,43.0,3.3100000000000023,24.0,72.0,2.4677459350512803,178.0,181.31,96,-48.0,8.0,-0.5,181.38,8.0
07:40:20,178.43,14.0,228.48,23.0,177.27,11.0,425.85,40.0,50.04999999999998,25.0,63.0,10.117970646328464,178.43,228.48,88,-38.0,-8.0,-0.43,180.33,3.0
07:40:21,178.0,10.0,333.4,40.0,177.0,10.0,415.0,30.0,155.39999999999998,20.0,70.0,32.69508877492113,178.0,333.4,90,-50.0,2.0,-0.56,180.33,
07:40:22,181.92,25.0,274.45,51.0,176.33,33.0,530.43,44.0,92.53,58.0,95.0,32.739356591111864,181.92,274.45,153,-37.0,63.0,-0.24,180.33,
07:40:28,181.0,11.0,272.69,35.0,178.0,11.0,274.31,35.0,91.69,22.0,70.0,15.91758398752743,181.0,272.69,92,-48.0,-27.0,-0.52,180.33,
07:40:29,182.71,14.0,247.08,62.0,179.29,14.0,266.55,56.0,64.37,28.0,118.0,7.904897216282575,182.71,247.08,146,-90.0,54.0,-0.62,180.33,
07:40:30,178.75,16.0,261.71,76.0,176.11,76.0,263.21,52.0,82.95999999999998,92.0,128.0,7.137456129461677,178.75,261.71,220,-36.0,74.0,-0.16,183.0,2.0
07:40:31,176.82,22.0,237.05,64.0,175.76,42.0,257.3,54.0,60.23000000000002,64.0,118.0,9.854672495825868,176.82,237.05,182,-54.0,-38.0,-0.3,176.67,3.0
07:40:32,178.22,49.0,182.99,79.0,175.87,23.0,184.42,57.0,4.77000000000001,72.0,136.0,17.926220181621673,178.22000000000003,182.99,208,-64.0,26.0,-0.31,176.67,
07:40:33,180.29,51.0,182.0,100.0,179.4,70.0,184.0,60.0,1.710000000000008,121.0,160.0,18.759423765136678,180.29,182.0,281,-39.0,73.0,-0.14,181.0,6.0
07:40:34,180.71,31.0,182.0,80.0,176.51,43.0,201.83,35.0,1.289999999999992,74.0,115.0,18.4365148550362,180.71,182.0,189,-41.0,-92.0,-0.22,181.0,4.0
07:40:35,177.04,27.0,181.5,20.0,175.85,33.0,242.8,44.0,4.460000000000008,60.0,64.0,11.805292033658684,177.04,181.5,124,-4.0,-65.0,-0.03,180.0,1.0
07:40:36,172.94,35.0,180.14,14.0,172.07,45.0,425.2,44.0,7.199999999999989,80.0,58.0,1.9867259498887224,172.94,180.14,138,22.0,14.0,0.16,173.0,1.0
07:40:37,172.71,112.0,178.0,12.0,158.5,28.0,230.42,48.0,5.289999999999992,140.0,60.0,2.700246285056336,172.71,178.0,200,80.0,62.0,0.4,173.0,
07:40:38,173.89,380.0,204.04,50.0,170.95,76.0,238.24,25.0,30.15000000000001,456.0,75.0,5.382227234144015,173.89,204.04,531,381.0,163.375,0.72,177.2,5.0
07:40:39,176.76,255.0,270.66,50.0,172.27,22.0,441.88,16.0,93.90000000000003,277.0,66.0,20.25150982025703,176.76,270.66,343,211.0,-163.625,0.62,177.0,1.0
07:40:40,179.22,171.0,326.78,36.0,175.0,9.0,691.0,9.0,147.55999999999997,180.0,45.0,33.869288891265136,179.22,326.78,225,135.0,-118.0,0.6,177.0,
07:40:41,180.0,190.0,274.65,37.0,176.86,14.0,574.38,13.0,94.64999999999998,204.0,50.0,31.271868668181337,180.0,274.65,254,154.0,29.0,0.61,177.0,
07:40:42,180.82,198.0,188.29,21.0,177.53,19.0,468.46,26.0,7.469999999999999,217.0,47.0,28.6142857677766,180.82,188.29,264,170.0,10.0,0.64,180.0,1.0
07:40:43,181.8,276.0,188.0,30.0,178.13,47.0,379.13,60.0,6.199999999999989,323.0,90.0,29.59897346192908,181.8,188.0,413,233.0,149.0,0.56,180.0,
07:40:44,183.0,144.0,187.12,16.0,182.0,24.0,563.6,20.0,4.1200000000000045,168.0,36.0,31.63333969090171,183.0,187.12,204,132.0,-163.625,0.65,180.0,
07:40:45,183.0,126.0,185.71,14.0,182.0,21.0,408.57,7.0,2.710000000000008,147.0,21.0,19.054427831870733,183.0,185.71,168,126.0,-36.0,0.75,180.0,
07:40:46,183.0,164.0,184.7,20.0,182.0,30.0,206.32,34.0,1.6999999999999886,194.0,54.0,0.4765815774504903,183.0,184.7,248,140.0,80.0,0.56,183.0,5.0
07:40:58,183.0,39.0,230.59,39.0,182.0,45.0,319.06,33.0,47.59,84.0,72.0,3.7172678138628856,183.0,230.59,156,12.0,-89.0,0.08,183.0,
07:40:59,183.0,40.0,243.0,8.0,182.0,24.0,365.0,32.0,60.0,64.0,40.0,3.4486562600497943,183.0,243.0,104,24.0,-52.0,0.23,183.0,
07:41:00,183.0,55.0,241.91,11.0,182.0,33.0,365.0,44.0,58.91,88.0,55.0,3.180665024799106,183.0,241.91,143,33.0,39.0,0.23,183.0,
07:41:01,182.87,46.0,240.0,10.0,181.75,32.0,365.0,40.0,57.13,78.0,50.0,2.773553677140544,182.87,240.0,128,28.0,-15.0,0.22,182.62,8.0
07:41:03,182.36,22.0,193.2,30.0,180.75,32.0,224.67,12.0,10.839999999999977,54.0,42.0,10.97012169485723,182.36,193.2,96,12.0,18.0,0.12,182.62,
07:41:04,181.15,34.0,191.31,36.0,180.15,26.0,207.33,24.0,10.159999999999997,60.0,60.0,13.726604824208133,181.15,191.31,120,0.0,24.0,0.0,183.5,2.0
07:41:05,181.67,54.0,186.24,17.0,180.38,32.0,190.91,53.0,4.570000000000022,86.0,70.0,14.22319162494728,181.67,186.24,156,16.0,36.0,0.1,183.0,1.0
07:41:06,183.0,80.0,184.44,64.0,181.0,48.0,186.0,16.0,1.4399999999999975,128.0,80.0,12.106790243494212,183.0,184.44,208,48.0,52.0,0.23,183.0,
07:41:07,183.0,50.0,184.19,47.0,180.11,27.0,206.0,15.0,1.1899999999999975,77.0,62.0,1.8659126453194408,183.0,184.19,139,15.0,-69.0,0.11,183.0,3.0
07:41:08,183.0,29.0,184.31,62.0,179.68,31.0,189.6,20.0,1.3100000000000025,60.0,82.0,1.1260328591841475,183.0,184.31,142,-22.0,3.0,-0.15,183.0,2.0
07:41:10,181.0,14.0,261.57,21.0,180.0,14.0,263.0,14.0,80.57,28.0,35.0,18.615991781260824,181.0,261.57,63,-7.0,-100.0,-0.11,183.0,
07:41:11,180.59,17.0,257.31,32.0,178.38,52.0,261.64,28.0,76.72,69.0,60.0,18.95450289508999,180.59,257.31,129,9.0,66.0,0.07,180.67,3.0
07:41:12,178.21,28.0,253.88,24.0,175.74,73.0,396.47,30.0,75.66999999999999,101.0,54.0,15.383431996793792,178.21,253.88,155,47.0,26.0,0.3,179.0,2.0
07:41:13,178.0,40.0,252.0,24.0,175.0,88.0,406.0,32.0,74.0,128.0,56.0,3.224442587484428,178.0,252.0,184,72.0,29.0,0.39,179.0,
07:41:14,178.0,65.0,250.85,39.0,175.0,143.0,565.17,47.0,72.85,208.0,86.0,2.9020079255549014,178.0,250.85,294,122.0,110.0,0.41,179.0,
07:41:15,178.38,32.0,250.0,24.0,175.94,64.0,516.07,14.0,71.62,96.0,38.0,1.9419449013765957,178.38,250.0,134,58.0,-160.0,0.43,179.0,
07:41:16,179.08,36.0,249.33,36.0,176.17,90.0,326.0,26.0,70.25,126.0,62.0,0.7807496397578197,179.08,249.33000000000004,188,64.0,54.0,0.34,179.2,5.0
07:41:17,178.0,31.0,211.84,32.0,175.0,121.0,243.79,28.0,33.84,152.0,60.0,8.742446453938356,178.0,211.84,212,92.0,24.0,0.43,178.0,2.0
07:41:18,175.07,83.0,240.56,27.0,173.66,67.0,410.82,34.0,65.49000000000001,150.0,61.0,8.412172727659511,175.07,240.56,211,89.0,-1.0,0.42,175.75,4.0
07:41:19,177.0,72.0,238.52,29.0,175.0,72.0,397.0,35.0,61.52000000000001,144.0,64.0,7.8710526614918335,177.0,238.52,208,80.0,-3.0,0.38,175.75,
07:41:20,178.06,72.0,204.31,32.0,175.0,80.0,227.86,42.0,26.25,152.0,74.0,9.699248939993993,178.06,204.31,226,78.0,18.0,0.35,178.0,4.0
07:41:21,181.44,50.0,202.0,26.0,177.52,66.0,217.09,44.0,20.56,116.0,70.0,8.435527250858218,181.44,202.0,186,46.0,-40.0,0.25,178.0,
07:41:24,180.17,24.0,194.5,20.0,178.25,48.0,196.0,20.0,14.330000000000013,72.0,40.0,1.8075757245455295,180.17,194.5,112,32.0,-9.0,0.29,181.67,6.0
07:41:25,179.29,34.0,192.79,28.0,177.09,79.0,194.29,28.0,13.5,113.0,56.0,2.595540406151605,179.29,192.79,169,57.0,57.0,0.34,179.33,3.0
07:41:26,178.75,32.0,190.6,20.0,175.75,64.0,192.8,20.0,11.849999999999994,96.0,40.0,2.94018196715182,178.75,190.6,136,56.0,-33.0,0.41,179.33,
07:41:27,178.0,44.0,189.36,22.0,175.0,88.0,191.0,22.0,11.360000000000014,132.0,44.0,2.695008348774402,178.0,189.36,176,88.0,40.0,0.5,179.33,
07:41:28,178.0,72.0,186.33,45.0,175.0,144.0,187.18,78.0,8.330000000000013,216.0,123.0,2.0076229725629684,178.0,186.33,339,93.0,163.0,0.27,179.33,
07:41:29,178.0,44.0,182.06,32.0,175.0,88.0,182.88,32.0,4.060000000000002,132.0,64.0,2.319709033469824,178.0,182.06,196,68.0,-143.0,0.35,179.33,
07:41:30,178.0,50.0,179.14,51.0,175.0,136.0,218.62,47.0,1.1399999999999864,186.0,98.0,2.5262679984436445,178.0,179.14,284,88.0,88.0,0.31,178.8,5.0
07:41:31,175.14,83.0,414.55,55.0,173.94,34.0,528.61,49.0,239.41000000000005,117.0,104.0,50.90265611930263,175.14,414.55,221,13.0,-63.0,0.06,178.0,2.0
07:41:32,177.0,54.0,380.48,29.0,174.8,81.0,447.29,56.0,203.48,135.0,85.0,58.644741622757536,177.0,380.48,220,50.0,-1.0,0.23,178.0,
07:41:33,151.55,44.0,220.09,43.0,130.83,48.0,248.79,34.0,68.53999999999999,92.0,77.0,58.030932010437255,151.55,220.09000000000003,169,15.0,-51.0,0.09,176.6,5.0
07:41:34,133.11,64.0,173.0,33.0,81.95,59.0,174.0,11.0,39.88999999999999,123.0,44.0,64.03873382570885,133.11,173.0,167,79.0,-2.0,0.47,176.6,
07:41:35,169.7,74.0,172.21,39.0,133.4,80.0,174.0,13.0,2.5100000000000198,154.0,52.0,65.29613671573523,169.7,172.21,206,102.0,39.0,0.5,172.2,5.0
07:41:36,170.58,86.0,172.71,17.0,158.0,60.0,173.86,14.0,2.1299999999999955,146.0,31.0,49.84161564395732,170.58,172.71,177,115.0,-29.0,0.65,172.5,2.0
07:41:37,172.41,74.0,192.59,17.0,138.07,61.0,284.0,31.0,20.180000000000007,135.0,48.0,12.830049493277844,172.41,192.59,183,87.0,6.0,0.48,173.5,2.0
07:41:38,181.56,72.0,215.53,60.0,178.76,37.0,322.11,36.0,33.97,109.0,96.0,16.728058165847003,181.56,215.53,205,13.0,22.0,0.06,173.5,
07:41:42,182.8,30.0,208.94,34.0,181.25,24.0,302.0,27.0,26.139999999999983,54.0,61.0,71.3334092834487,182.8,208.94,115,-7.0,-73.0,-0.06,184.0,5.0
07:41:43,182.0,38.0,214.15,47.0,181.0,38.0,286.48,71.0,32.150000000000006,76.0,118.0,71.41571164666782,182.0,214.15000000000003,194,-42.0,79.0,-0.22,184.0,
07:41:47,182.0,10.0,209.42,24.0,181.0,20.0,211.09,23.0,27.419999999999987,30.0,47.0,1.6864074240731233,182.0,209.42,77,-17.0,19.0,-0.22,184.0,
07:41:48,181.88,17.0,201.26,35.0,180.83,36.0,202.08,37.0,19.379999999999995,53.0,72.0,3.508271654243431,181.88,201.26,125,-19.0,48.0,-0.15,184.0,
07:41:49,182.57,69.0,197.41,34.0,181.19,54.0,199.8,35.0,14.840000000000003,123.0,69.0,4.167451259458983,182.57,197.41,192,54.0,67.0,0.28,184.0,
07:41:51,180.74,38.0,192.06,31.0,179.95,43.0,193.1,41.0,11.319999999999991,81.0,72.0,3.399422009689647,180.74,192.06,153,9.0,40.0,0.06,182.0,4.0
07:41:52,180.0,96.0,188.5,56.0,178.0,16.0,189.13,46.0,8.5,112.0,102.0,2.9597009984051503,180.0,188.5,214,10.0,61.0,0.05,182.0,
07:41:53,180.98,242.0,183.51,74.0,179.98,91.0,184.34,58.0,2.530000000000001,333.0,132.0,3.336113007672075,180.98,183.51,465,201.0,163.375,0.43,181.0,8.0
07:41:54,181.0,58.0,182.78,41.0,180.0,60.0,185.67,24.0,1.7800000000000011,118.0,65.0,3.167988320678819,181.0,182.78,183,53.0,-163.625,0.29,181.1,10.0
07:41:55,179.77,26.0,181.84,62.0,175.83,162.0,246.86,28.0,2.069999999999993,188.0,90.0,2.219511207440904,179.77,181.84,278,98.0,95.0,0.35,180.25,8.0
07:41:56,178.0,11.0,180.73,44.0,175.0,209.0,366.03,29.0,2.7299999999999898,220.0,73.0,1.8107650316798476,178.0,180.73,293,147.0,15.0,0.5,180.25,
07:41:57,176.0,33.0,193.13,31.0,174.83,83.0,339.72,32.0,17.129999999999995,116.0,63.0,1.9214838016373157,176.0,193.13,179,53.0,-114.0,0.3,179.33,3.0
07:41:58,174.0,239.0,274.25,24.0,165.2,59.0,386.46,37.0,100.25,298.0,61.0,19.08718889726725,174.0,274.25,359,237.0,163.375,0.66,179.33,
07:41:59,175.1,321.0,261.0,36.0,158.61,92.0,370.33,49.0,85.9,413.0,85.0,21.83028675945345,175.1,261.0,498,328.0,139.0,0.66,174.0,3.0
07:42:06,182.0,286.0,202.0,13.0,181.0,26.0,340.06,33.0,20.0,312.0,46.0,1.4255946127722017,182.0,202.0,358,266.0,163.375,0.74,174.0,
07:42:07,182.0,148.0,201.75,8.0,181.0,16.0,354.0,40.0,19.75,164.0,48.0,1.2174070806285278,182.0,201.75,212,116.0,-146.0,0.55,182.0,4.0
07:42:08,182.0,180.0,200.0,40.0,181.0,24.0,254.91,32.0,18.0,204.0,72.0,1.0465180361387905,182.0,200.0,276,132.0,64.0,0.48,182.0,3.0
07:42:09,182.0,73.0,198.2,25.0,181.0,10.0,201.0,5.0,16.19999999999999,83.0,30.0,1.010544407714519,182.0,198.2,113,53.0,-163.0,0.47,182.0,1.0
07:42:10,182.0,80.0,197.29,35.0,181.0,14.0,201.0,7.0,15.289999999999992,94.0,42.0,1.0494188867952146,182.0,197.29,136,52.0,23.0,0.38,182.0,3.0
07:42:11,182.0,88.0,196.97,36.0,181.0,16.0,199.33,12.0,14.97,104.0,48.0,1.005445175015535,182.0,196.97,152,56.0,16.0,0.37,182.0,
07:42:12,182.0,132.0,194.25,48.0,181.0,24.0,195.38,24.0,12.25,156.0,72.0,1.047568613486172,182.0,194.25,228,84.0,76.0,0.37,183.0,1.0
07:42:13,182.11,80.0,194.0,9.0,181.61,36.0,195.0,45.0,11.889999999999986,116.0,54.0,0.9332845225121962,182.11,194.0,170,62.0,-58.0,0.36,185.0,1.0
07:42:15,182.46,26.0,190.33,30.0,181.92,48.0,192.0,6.0,7.870000000000003,74.0,36.0,1.1867265902304769,182.46,190.33,110,38.0,-70.0,0.35,185.0,1.0
07:42:16,182.54,24.0,188.26,46.0,181.65,153.0,189.38,26.0,5.719999999999999,177.0,72.0,1.469993197249325,182.54,188.26,249,105.0,139.0,0.42,185.0,
07:42:17,183.0,63.0,186.0,51.0,182.0,169.0,216.19,47.0,3.0,232.0,98.0,1.8670297265867588,183.0,186.0,330,134.0,81.0,0.41,183.0,4.0
07:42:18,183.0,18.0,184.67,30.0,182.0,78.0,377.19,27.0,1.6699999999999875,96.0,57.0,2.0360943003598453,183.0,184.67,153,39.0,-163.625,0.25,183.0,
07:42:19,183.0,18.0,184.0,30.0,182.0,78.0,657.0,24.0,1.0,96.0,54.0,1.1846434062437727,183.0,184.0,150,42.0,-3.0,0.28,183.0,
07:42:20,182.19,80.0,394.98,47.0,181.72,90.0,680.49,43.0,212.79,170.0,90.0,46.6377370806086,182.19,394.98,260,80.0,110.0,0.31,183.0,3.0
07:42:21,182.0,143.0,371.48,48.0,181.0,66.0,457.24,42.0,189.48,209.0,90.0,54.232343670543976,182.0,371.48,299,119.0,39.0,0.4,183.0,
07:42:22,182.0,117.0,404.76,29.0,181.0,54.0,440.37,43.0,222.76,171.0,72.0,56.50459078694413,182.0,404.76,243,99.0,-56.0,0.41,183.0,
07:42:25,182.36,99.0,306.49,57.0,181.68,171.0,318.25,71.0,124.13,270.0,128.0,23.514487661865687,182.36000000000004,306.49,398,142.0,144.0,0.36,183.0,4.0
07:42:26,182.0,140.0,308.89,35.0,181.0,84.0,309.78,49.0,126.89,224.0,84.0,24.52567491426133,182.0,308.89,308,140.0,-90.0,0.45,183.0,
07:42:41,181.86,35.0,202.54,24.0,180.25,40.0,204.57,40.0,20.67999999999998,75.0,64.0,6.41150684316684,181.86,202.54,139,11.0,4.0,0.08,183.0,
07:42:42,179.54,50.0,199.09,44.0,177.22,100.0,200.21,56.0,19.55000000000001,150.0,100.0,6.782639604163894,179.54,199.09000000000003,250,50.0,111.0,0.2,180.5,12.0
07:42:43,180.3,61.0,195.88,43.0,176.97,150.0,196.53,45.0,15.579999999999984,211.0,88.0,5.535491848062821,180.3,195.88,299,123.0,49.0,0.41,177.33,3.0
07:42:44,183.0,88.0,192.89,27.0,177.0,110.0,193.76,17.0,9.889999999999986,198.0,44.0,3.78169670914631,183.0,192.89,242,154.0,-57.0,0.64,177.33,
07:42:45,183.0,120.0,188.63,43.0,174.33,51.0,189.77,22.0,5.629999999999996,171.0,65.0,2.3415956098281474,183.0,188.63,236,106.0,-6.0,0.45,177.33,
07:42:46,182.94,50.0,185.26,23.0,181.9,49.0,185.79,29.0,2.319999999999993,99.0,52.0,2.077659741142744,182.94,185.26,151,47.0,-85.0,0.31,183.0,8.0
07:42:47,180.57,21.0,181.94,16.0,175.59,17.0,184.41,17.0,1.3700000000000043,38.0,33.0,2.8618647766734497,180.57,181.94,71,5.0,-80.0,0.07,182.0,3.0
07:42:48,177.0,13.0,180.54,26.0,175.0,26.0,183.0,13.0,3.539999999999992,39.0,39.0,3.6337900324541,177.0,180.54,78,0.0,7.0,0.0,182.0,
07:42:49,178.0,12.0,180.56,9.0,177.0,6.0,223.5,6.0,2.5600000000000023,18.0,15.0,3.0493884632761143,178.0,180.56,33,3.0,-45.0,0.09,178.0,2.0
07:42:50,179.17,12.0,378.73,15.0,177.18,11.0,505.43,47.0,199.56000000000003,23.0,62.0,43.92152604361528,179.17,378.7300000000001,85,-39.0,52.0,-0.46,181.0,3.0
07:42:51,181.82,11.0,363.0,11.0,179.55,11.0,479.09,55.0,181.18,22.0,66.0,52.59291130941498,181.82,363.0,88,-44.0,3.0,-0.5,181.0,
07:42:53,181.0,45.0,318.33,45.0,175.0,27.0,446.55,33.0,137.32999999999998,72.0,78.0,39.52352109820189,181.0,318.33,150,-6.0,48.0,-0.04,181.0,
07:42:54,182.14,35.0,365.9,31.0,179.14,29.0,449.91,11.0,183.76,64.0,42.0,16.14219935448776,182.14,365.9,106,22.0,-44.0,0.21,181.0,
07:42:55,183.0,56.0,311.89,72.0,181.0,80.0,424.18,50.0,128.89,136.0,122.0,14.741348988475243,183.0,311.89,258,14.0,152.0,0.05,183.0,4.0
07:42:56,183.0,6.0,298.0,30.0,181.0,30.0,351.33,18.0,115.0,36.0,48.0,13.410631230483316,183.0,298.0,84,-12.0,-163.625,-0.14,183.0,
07:42:57,181.16,38.0,316.5,50.0,180.52,29.0,340.67,18.0,135.34,67.0,68.0,12.780448740166184,181.16,316.5,135,-1.0,51.0,-0.01,183.0,1.0
07:42:58,181.0,45.0,334.37,43.0,180.0,18.0,348.0,13.0,153.37,63.0,56.0,12.903167440594448,181.0,334.37,119,7.0,-16.0,0.06,183.0,
07:42:59,181.0,36.0,297.12,40.0,180.0,20.0,395.37,38.0,116.12,56.0,78.0,7.461134632213215,181.0,297.12,134,-22.0,15.0,-0.16,181.0,2.0
07:43:01,181.0,27.0,255.21,19.0,180.0,20.0,362.0,18.0,74.21000000000001,47.0,37.0,56.52460809240542,181.0,255.21,84,10.0,-22.0,0.12,181.0,1.0
07:43:02,182.33,18.0,253.08,24.0,180.5,24.0,613.29,42.0,70.75,42.0,66.0,60.37740537651497,182.33,253.08,108,-24.0,24.0,-0.22,181.0,
07:43:05,182.65,34.0,224.2,35.0,178.43,139.0,246.79,29.0,41.54999999999998,173.0,64.0,6.272529792674281,182.65,224.2,237,109.0,27.0,0.46,185.0,2.0
07:43:06,181.14,29.0,219.11,28.0,178.17,90.0,245.24,17.0,37.97000000000003,119.0,45.0,8.51259184972377,181.14,219.11,164,74.0,-73.0,0.45,185.0,
07:43:07,182.0,44.0,217.45,31.0,181.0,55.0,216.0,42.0,35.44999999999999,99.0,73.0,8.762386661177457,182.0,217.45,172,26.0,8.0,0.15,185.0,
07:43:08,181.44,36.0,201.86,21.0,178.57,105.0,211.31,32.0,20.420000000000016,141.0,53.0,9.113760475236132,181.44,201.86,194,88.0,22.0,0.45,181.8,5.0
07:43:09,181.0,44.0,197.28,29.0,178.0,187.0,198.35,26.0,16.28,231.0,55.0,6.095676336549672,181.0,197.28,286,176.0,92.0,0.62,181.8,
07:43:10,182.0,30.0,193.5,16.0,178.22,110.0,196.0,24.0,11.5,140.0,40.0,5.8731056520352976,182.0,193.5,180,100.0,-106.0,0.56,181.8,
07:43:16,183.0,60.0,184.69,48.0,181.0,40.0,185.72,32.0,1.6899999999999975,100.0,80.0,1.8274928180330636,183.0,184.69,180,20.0,8.0,0.11,181.8,
07:43:17,179.21,121.0,184.45,47.0,179.45,51.0,187.08,39.0,5.239999999999981,172.0,86.0,2.3148974059256138,179.21,184.45,258,86.0,78.0,0.33,182.2,10.0
07:43:18,178.0,131.0,182.44,27.0,176.0,9.0,185.22,27.0,4.439999999999998,140.0,54.0,2.707354797576356,178.0,182.44,194,86.0,-64.0,0.44,178.0,8.0
07:43:19,179.7,47.0,181.5,24.0,178.0,80.0,257.86,21.0,1.8000000000000114,127.0,45.0,2.06753960057805,179.7,181.5,172,82.0,-22.0,0.48,180.0,3.0
07:43:20,180.0,36.0,181.67,27.0,178.0,90.0,468.78,18.0,1.6699999999999875,126.0,45.0,1.455620142742467,180.0,181.67,171,81.0,-1.0,0.47,180.0,
07:43:21,178.92,36.0,307.5,32.0,162.0,64.0,687.0,16.0,128.58,100.0,48.0,27.885655272917116,178.92,307.5,148,52.0,-23.0,0.35,178.43,7.0
07:43:22,141.0,11.0,172.12,25.0,91.76,34.0,212.04,27.0,31.120000000000005,45.0,52.0,32.41493374973894,141.0,172.12,97,-7.0,-51.0,-0.07,167.0,3.0
07:43:23,131.32,31.0,172.71,7.0,122.62,16.0,174.08,13.0,41.390000000000015,47.0,20.0,36.37964169697056,131.32,172.71,67,27.0,-30.0,0.4,171.0,1.0
07:43:24,148.9,42.0,173.5,30.0,137.09,46.0,174.31,13.0,24.599999999999994,88.0,43.0,37.66400310641389,148.9,173.5,131,45.0,64.0,0.34,174.0,1.0
07:43:25,166.8,20.0,172.3,37.0,165.3,60.0,184.92,26.0,5.5,80.0,63.0,37.84669827078649,166.8,172.3,143,17.0,12.0,0.12,172.75,8.0
07:43:26,167.0,8.0,175.0,4.0,127.33,9.0,252.0,4.0,8.0,17.0,8.0,8.182522838338961,167.0,175.0,25,9.0,-118.0,0.36,172.75,
07:43:27,168.0,12.0,175.0,6.0,50.0,6.0,298.29,7.0,7.0,18.0,13.0,8.394318316572313,168.0,175.0,31,5.0,6.0,0.16,172.75,
07:43:29,141.6,30.0,173.0,8.0,103.83,18.0,273.4,10.0,31.40000000000001,48.0,18.0,9.64579338364349,141.6,173.0,66,30.0,-4.0,0.45,172.75,
07:43:30,142.0,20.0,171.0,5.0,116.0,5.0,175.0,5.0,29.0,25.0,10.0,9.500614716950592,142.0,171.0,35,15.0,-31.0,0.43,172.75,
07:43:31,142.0,36.0,170.69,13.0,109.33,9.0,402.82,11.0,28.69,45.0,24.0,7.879703674627337,142.0,170.69,69,21.0,34.0,0.3,171.0,1.0
07:43:32,146.17,24.0,168.0,18.0,138.42,38.0,175.0,9.0,21.830000000000013,62.0,27.0,2.9944031124638024,146.17,168.0,89,35.0,20.0,0.39,171.0,
07:43:33,166.83,29.0,174.32,38.0,162.35,26.0,325.02,44.0,7.489999999999981,55.0,82.0,6.1673697797308025,166.83,174.32,137,-27.0,48.0,-0.2,172.17,6.0
07:43:34,175.0,5.0,264.29,14.0,167.0,20.0,374.0,19.0,89.29000000000002,25.0,33.0,27.29189201942491,175.0,264.29,58,-8.0,-79.0,-0.14,176.0,3.0
07:43:35,175.96,27.0,328.5,24.0,172.09,11.0,497.0,32.0,152.54,38.0,56.0,42.83043579045126,175.96,328.5,94,-18.0,36.0,-0.19,176.0,2.0
07:43:36,183.0,66.0,343.33,36.0,180.5,24.0,452.28,43.0,160.32999999999998,90.0,79.0,47.50367217384348,183.0,343.33,169,11.0,75.0,0.07,183.0,5.0
07:43:37,183.0,30.0,307.74,31.0,182.0,20.0,395.64,33.0,124.74,50.0,64.0,36.97878148344007,183.0,307.74,114,-14.0,-55.0,-0.12,183.0,
07:43:38,181.5,12.0,223.89,38.0,180.05,74.0,289.45,31.0,42.38999999999999,86.0,69.0,24.819467560768043,181.5,223.89,155,17.0,41.0,0.11,182.6,5.0
07:43:39,180.14,29.0,388.44,27.0,179.52,42.0,445.78,27.0,208.3,71.0,54.0,30.04974741990408,180.14,388.44,125,17.0,-30.0,0.14,180.25,4.0
07:43:42,180.0,13.0,320.08,48.0,178.0,26.0,355.35,51.0,140.07999999999998,39.0,99.0,52.10839836341223,180.0,320.08,138,-60.0,4.0,-0.43,180.25,
07:43:43,180.0,3.0,208.0,12.0,178.0,6.0,209.0,9.0,28.0,9.0,21.0,55.27168606076767,180.0,208.0,30,-12.0,-108.0,-0.4,180.25,
07:43:44,180.33,9.0,207.43,28.0,178.15,13.0,454.0,28.0,27.099999999999994,22.0,56.0,65.53918278404177,180.33,207.43,78,-34.0,48.0,-0.44,180.25,
07:43:45,180.86,28.0,207.0,48.0,179.0,16.0,291.98,47.0,26.139999999999983,44.0,95.0,57.89046830005788,180.86,207.0,139,-51.0,61.0,-0.37,181.0,3.0
07:43:46,180.67,12.0,206.0,32.0,178.67,12.0,221.0,32.0,25.330000000000013,24.0,64.0,25.159408379371243,180.67,206.0,88,-40.0,-51.0,-0.45,181.0,
07:43:47,179.54,13.0,204.2,40.0,177.76,17.0,221.0,40.0,24.66,30.0,80.0,0.8968110168603821,179.54,204.2,110,-50.0,22.0,-0.45,181.0,
07:43:48,145.33,18.0,195.85,26.0,123.5,16.0,214.25,32.0,50.51999999999998,34.0,58.0,10.169085504604473,145.33,195.85,92,-24.0,-18.0,-0.26,177.0,3.0
07:43:50,155.48,31.0,168.0,8.0,134.72,50.0,172.0,16.0,12.52000000000001,81.0,24.0,19.409846212681305,155.48,168.0,105,57.0,26.0,0.54,177.0,
07:43:51,159.8,40.0,167.82,11.0,148.0,24.0,171.79,19.0,8.019999999999982,64.0,30.0,15.928049786459471,159.8,167.82,94,34.0,-11.0,0.36,177.0,
07:43:52,160.07,58.0,167.0,27.0,102.11,19.0,170.21,19.0,6.930000000000007,77.0,46.0,8.119232106543386,160.07,167.0,123,31.0,29.0,0.25,167.0,4.0
07:43:53,161.0,32.0,167.0,8.0,160.0,16.0,171.0,16.0,6.0,48.0,24.0,6.710561079367615,161.0,167.0,72,24.0,-51.0,0.33,167.0,
07:43:54,161.56,36.0,167.11,9.0,112.15,26.0,168.47,30.0,5.550000000000011,62.0,39.0,1.0163513171768943,161.56,167.11,101,23.0,29.0,0.23,167.75,4.0
07:43:55,162.71,56.0,170.77,26.0,98.27,44.0,173.46,63.0,8.060000000000002,100.0,89.0,1.295364813451553,162.71,170.77,189,11.0,88.0,0.06,169.6,5.0
07:43:56,163.0,20.0,171.0,10.0,157.0,20.0,173.0,10.0,8.0,40.0,20.0,1.6252230615915764,163.0,171.0,60,20.0,-129.0,0.33,169.6,
07:43:57,163.69,26.0,171.0,22.0,161.91,44.0,173.0,22.0,7.310000000000002,70.0,44.0,1.5883733817745571,163.69,171.0,114,26.0,54.0,0.23,169.6,
07:43:58,164.27,30.0,171.48,21.0,163.08,48.0,173.74,61.0,7.2099999999999795,78.0,82.0,1.3684918706118785,164.27,171.48,160,-4.0,46.0,-0.03,171.67,3.0
07:43:59,170.08,13.0,173.83,29.0,165.04,23.0,192.74,57.0,3.75,36.0,86.0,2.148480858637674,170.07999999999998,173.83,122,-50.0,-38.0,-0.41,173.75,4.0
07:44:00,172.57,14.0,174.0,36.0,119.07,28.0,471.24,34.0,1.4300000000000068,42.0,70.0,2.910999828226361,172.57,174.0,112,-28.0,-10.0,-0.25,174.0,4.0
07:44:01,173.0,16.0,174.0,16.0,105.78,50.0,205.9,10.0,1.0,66.0,26.0,2.970676690576636,173.0,174.0,92,40.0,-20.0,0.43,174.0,
07:44:02,173.0,16.0,174.0,15.0,155.17,47.0,175.0,8.0,1.0,63.0,23.0,2.4094127915192827,173.0,174.0,86,40.0,-6.0,0.47,174.0,4.0
07:44:03,177.1,52.0,241.58,57.0,172.14,121.0,316.56,52.0,64.48000000000002,173.0,109.0,16.237787102925882,177.09999999999997,241.58,282,64.0,163.375,0.23,175.25,4.0
07:44:04,179.0,17.0,403.64,44.0,178.0,165.0,495.2,40.0,224.64,182.0,84.0,51.12905631830078,179.0,403.64,266,98.0,-16.0,0.37,179.0,1.0
07:44:05,179.0,13.0,275.43,40.0,178.0,195.0,448.81,42.0,96.43,208.0,82.0,48.6064777575992,179.0,275.43,290,126.0,24.0,0.43,179.0,
07:44:06,181.33,52.0,274.38,24.0,178.12,64.0,554.0,24.0,93.04999999999998,116.0,48.0,42.73544465663132,181.33,274.38,164,68.0,-126.0,0.41,181.0,4.0
07:44:07,182.05,104.0,273.5,42.0,181.72,64.0,507.46,52.0,91.45,168.0,94.0,31.543784966297427,182.05,273.5,262,74.0,98.0,0.28,181.0,
07:44:08,183.0,13.0,251.31,45.0,182.0,143.0,394.04,46.0,68.31,156.0,91.0,30.00451749320448,183.0,251.31,247,65.0,-15.0,0.26,181.0,
07:44:12,181.56,45.0,214.0,30.0,181.29,72.0,245.0,10.0,32.44,117.0,40.0,15.153134989168878,181.56,214.0,157,77.0,-35.0,0.49,183.5,2.0
07:44:13,177.17,24.0,213.17,18.0,175.3,10.0,319.0,6.0,36.0,34.0,24.0,14.6236339532952,177.17,213.17,58,10.0,-99.0,0.17,183.5,
07:44:15,182.62,47.0,213.0,27.0,181.2,60.0,366.67,9.0,30.379999999999995,107.0,36.0,1.4460186720653192,182.62,213.0,143,71.0,-83.0,0.5,184.25,4.0
07:44:16,183.0,47.0,213.0,33.0,182.0,99.0,241.09,11.0,30.0,146.0,44.0,1.422135717841825,183.0,213.0,190,102.0,47.0,0.54,184.25,
07:44:20,183.0,86.0,195.57,63.0,182.0,180.0,200.25,67.0,12.569999999999991,266.0,130.0,4.60007391244514,183.0,195.57,396,136.0,163.375,0.34,183.0,2.0
07:44:23,182.2,80.0,184.35,20.0,181.67,72.0,187.25,20.0,2.1500000000000057,152.0,40.0,3.1532919306571734,182.2,184.35,192,112.0,15.0,0.58,184.0,2.0
07:44:24,182.0,60.0,183.86,14.0,181.0,15.0,184.57,7.0,1.8600000000000136,75.0,21.0,2.6229430035639942,182.0,183.86,96,54.0,-96.0,0.56,184.0,
07:44:25,182.0,83.0,183.92,26.0,181.0,30.0,185.67,18.0,1.9199999999999875,113.0,44.0,1.7446632912810451,182.0,183.92,157,69.0,61.0,0.44,182.0,6.0
07:44:26,182.0,39.0,183.38,24.0,181.0,24.0,270.57,21.0,1.3799999999999957,63.0,45.0,1.144565419686678,182.0,183.38,108,18.0,-49.0,0.17,182.0,3.0
07:44:27,180.52,25.0,204.39,31.0,178.71,28.0,512.75,24.0,23.869999999999976,53.0,55.0,4.247940677545335,180.52,204.39,108,-2.0,0.0,-0.02,181.0,4.0
07:44:29,182.38,21.0,223.0,20.0,178.83,24.0,261.95,19.0,40.620000000000005,45.0,39.0,9.684715793452808,182.38,223.0,84,6.0,-8.0,0.07,184.67,3.0
07:44:30,177.43,109.0,250.76,25.0,175.89,76.0,304.72,29.0,73.32999999999998,185.0,54.0,11.803406288015436,177.42999999999998,250.76,239,131.0,155.0,0.55,177.9,10.0
07:44:31,178.51,43.0,224.27,11.0,177.22,46.0,231.88,16.0,45.76000000000002,89.0,27.0,7.705705678259914,178.51,224.27,116,62.0,-123.0,0.53,178.0,2.0
07:44:32,181.46,46.0,208.93,55.0,178.95,62.0,209.85,33.0,27.47,108.0,88.0,6.867730338326317,181.46,208.93,196,20.0,80.0,0.1,179.33,3.0
07:44:40,182.0,30.0,185.67,12.0,181.0,24.0,187.0,30.0,3.669999999999988,54.0,42.0,1.871478025504735,182.0,185.67,96,12.0,-53.0,0.12,179.33,
07:44:41,182.0,40.0,184.78,23.0,181.0,40.0,186.91,47.0,2.780000000000001,80.0,70.0,1.465598853692886,182.0,184.78,150,10.0,54.0,0.07,182.0,2.0
07:44:42,182.0,34.0,183.44,48.0,181.0,48.0,284.4,30.0,1.4399999999999975,82.0,78.0,1.1509865333464515,182.0,183.44,160,4.0,10.0,0.03,182.0,1.0
07:44:43,182.0,26.0,184.74,23.0,181.0,52.0,443.53,38.0,2.740000000000009,78.0,61.0,0.7304587599203295,182.0,184.74,139,17.0,-21.0,0.12,184.33,3.0
07:44:44,182.0,20.0,184.57,7.0,181.0,28.0,259.5,24.0,2.569999999999993,48.0,31.0,0.3963584235815101,182.0,184.57,79,17.0,-60.0,0.22,184.33,
07:44:45,182.0,15.0,184.0,5.0,181.0,20.0,234.0,15.0,2.0,35.0,20.0,0.2884961003962194,182.0,184.0,55,15.0,-24.0,0.27,184.33,
07:44:46,182.0,19.0,264.91,11.0,181.0,28.0,310.61,23.0,82.91000000000003,47.0,34.0,18.049128233794363,182.0,264.91,81,13.0,26.0,0.16,182.0,1.0
07:44:51,181.64,53.0,435.37,43.0,180.64,105.0,561.4,20.0,253.73,158.0,63.0,33.4856614090277,181.64,435.37,221,95.0,144.0,0.43,183.75,8.0
07:44:52,181.0,56.0,217.4,20.0,180.0,64.0,255.67,12.0,36.400000000000006,120.0,32.0,48.14836113514183,181.0,217.4,152,88.0,-69.0,0.58,183.75,
07:44:53,181.16,50.0,184.6,30.0,180.37,76.0,630.8,10.0,3.4399999999999977,126.0,40.0,61.71323520931326,181.16,184.6,166,86.0,14.0,0.52,183.75,
07:44:54,181.0,71.0,183.09,33.0,180.0,88.0,231.02,53.0,2.0900000000000034,159.0,86.0,69.25244869316901,181.0,183.09,245,73.0,79.0,0.3,181.0,3.0
07:44:55,180.71,28.0,253.55,29.0,179.68,76.0,599.46,41.0,72.84,104.0,70.0,52.61193619322508,180.71,253.55,174,34.0,-71.0,0.2,181.0,4.0
07:45:00,182.4,25.0,190.85,26.0,181.3,88.0,192.08,26.0,8.449999999999989,113.0,52.0,72.07572129365064,182.4,190.85,165,61.0,44.0,0.37,182.75,8.0
07:45:01,179.49,43.0,185.78,18.0,177.86,112.0,187.11,18.0,6.289999999999992,155.0,36.0,28.97799717026644,179.49,185.78,191,119.0,26.0,0.62,179.6,5.0
07:45:02,179.41,68.0,184.5,24.0,177.58,152.0,185.5,24.0,5.090000000000003,220.0,48.0,4.120155336872059,179.41,184.5,268,172.0,77.0,0.64,179.6,
07:45:03,178.89,36.0,182.88,16.0,177.41,108.0,258.4,10.0,3.990000000000009,144.0,26.0,3.5546476618580813,178.89,182.88,170,118.0,-98.0,0.69,179.71,7.0
07:45:04,178.0,38.0,182.0,12.0,177.0,96.0,684.0,18.0,4.0,134.0,30.0,2.5555664733970787,178.0,182.0,164,104.0,-6.0,0.63,178.0,1.0
07:45:05,178.93,27.0,273.41,34.0,177.67,98.0,491.0,36.0,94.48000000000002,125.0,70.0,20.061554526007185,178.93000000000004,273.41,195,55.0,31.0,0.28,180.0,3.0
07:45:06,178.08,52.0,377.0,40.0,175.27,139.0,0.0,0.0,198.92,191.0,40.0,42.88052005281628,178.07999999999998,377.0,231,151.0,36.0,0.65,179.0,2.0
07:45:07,175.86,70.0,375.33,6.0,172.76,102.0,445.17,24.0,199.47,172.0,30.0,48.082241212322856,175.86,375.33,202,142.0,-29.0,0.7,178.0,6.0
07:45:08,175.0,150.0,373.67,6.0,117.5,48.0,786.0,24.0,198.67,198.0,30.0,43.06999965172992,175.0,373.67,228,168.0,26.0,0.74,178.0,
07:45:09,175.0,150.0,372.0,6.0,133.4,30.0,520.0,24.0,197.0,180.0,30.0,21.998656095317138,175.0,372.0,210,150.0,-18.0,0.71,178.0,
07:45:10,175.92,195.0,367.47,15.0,160.81,144.0,529.57,37.0,191.55000000000004,339.0,52.0,2.200652176070243,175.91999999999996,367.47,391,287.0,163.375,0.73,178.0,
07:45:21,181.1,80.0,384.0,32.0,180.33,18.0,448.04,23.0,202.9,98.0,55.0,42.73638180754175,181.1,384.0,153,43.0,21.0,0.28,184.0,1.0
07:45:22,182.0,42.0,285.11,45.0,181.0,108.0,367.0,45.0,103.11,150.0,90.0,38.01961901439828,182.0,285.11,240,60.0,87.0,0.25,182.0,5.0
07:45:23,181.33,54.0,281.19,43.0,180.94,99.0,295.09,32.0,99.86,153.0,75.0,28.920240835788448,181.33000000000004,281.19,228,78.0,-12.0,0.34,182.0,3.0
07:45:24,181.0,204.0,279.62,58.0,179.0,17.0,288.55,66.0,98.62,221.0,124.0,22.122173265753347,181.0,279.62,345,97.0,117.0,0.28,182.0,
07:45:25,182.47,57.0,257.0,30.0,180.93,87.0,320.7,50.0,74.53,144.0,80.0,24.65459450082288,182.47,257.0,224,64.0,-121.0,0.29,182.0,
07:45:28,182.0,12.0,253.58,36.0,181.0,105.0,256.0,36.0,71.58000000000001,117.0,72.0,4.964944108445261,182.0,253.58000000000004,189,45.0,82.0,0.24,182.0,
07:45:29,182.0,12.0,241.48,29.0,181.0,132.0,251.53,36.0,59.47999999999999,144.0,65.0,3.606560688520456,182.0,241.48,209,79.0,20.0,0.38,182.0,
07:45:30,182.0,11.0,246.0,33.0,181.0,121.0,247.58,33.0,64.0,132.0,66.0,3.788955001049745,182.0,246.0,198,66.0,-11.0,0.33,182.0,
07:45:31,181.2,46.0,240.15,54.0,180.9,104.0,243.49,35.0,58.95000000000002,150.0,89.0,3.8479384090676,181.2,240.15,239,61.0,41.0,0.26,181.14,7.0
07:45:32,181.0,43.0,241.91,33.0,179.0,11.0,243.0,44.0,60.91,54.0,77.0,2.884380349394972,181.0,241.91,131,-23.0,-108.0,-0.18,181.0,4.0
07:45:33,177.92,26.0,237.69,39.0,178.33,12.0,239.53,40.0,59.77000000000001,38.0,79.0,2.2330091804499204,177.92000000000002,237.69,117,-41.0,-14.0,-0.35,177.8,5.0
07:45:34,176.0,72.0,233.44,27.0,175.0,9.0,236.0,36.0,57.44,81.0,63.0,3.5658589428035548,176.0,233.44,144,18.0,27.0,0.12,177.8,
07:45:35,176.15,103.0,220.57,35.0,175.69,35.0,230.8,41.0,44.41999999999999,138.0,76.0,5.314684374444887,176.15,220.57,214,62.0,70.0,0.29,177.8,
07:45:36,178.63,71.0,207.29,51.0,176.95,80.0,214.77,44.0,28.66,151.0,95.0,7.412998718465077,178.63,207.29,246,56.0,32.0,0.23,177.8,
07:45:37,181.14,70.0,203.03,40.0,178.29,56.0,204.35,46.0,21.89000000000001,126.0,86.0,6.981030009959903,181.14,203.03,212,40.0,-34.0,0.19,177.8,
07:45:38,182.92,60.0,200.0,36.0,179.53,38.0,201.0,36.0,17.080000000000013,98.0,72.0,5.630104794758019,182.92,200.0,170,26.0,-42.0,0.15,177.8,
07:45:39,183.0,23.0,196.35,43.0,181.0,30.0,198.09,46.0,13.349999999999994,53.0,89.0,3.2784874561227224,183.0,196.35,142,-36.0,-28.0,-0.25,183.0,4.0
07:45:40,183.0,10.0,192.91,33.0,181.0,20.0,193.91,33.0,9.909999999999997,30.0,66.0,2.0084894821611194,183.0,192.91,96,-36.0,-46.0,-0.38,183.0,
07:45:41,181.75,16.0,188.0,40.0,179.75,32.0,189.23,35.0,6.25,48.0,75.0,2.9089293563010687,181.75,188.0,123,-27.0,27.0,-0.22,183.0,1.0
07:45:42,180.64,22.0,184.69,26.0,178.37,43.0,185.67,36.0,4.050000000000011,65.0,62.0,3.561183791936068,180.64,184.69,127,3.0,4.0,0.02,180.0,4.0
07:45:43,179.96,46.0,181.82,40.0,177.93,30.0,182.82,33.0,1.8599999999999848,76.0,73.0,3.628808344339222,179.96,181.82,149,3.0,22.0,0.02,180.0,4.0
07:45:44,175.89,27.0,181.0,17.0,174.89,27.0,183.0,18.0,5.110000000000014,54.0,35.0,3.6534819008643935,175.89,181.0,89,19.0,-60.0,0.21,178.5,4.0
07:45:45,175.0,70.0,179.71,24.0,174.0,10.0,181.67,24.0,4.710000000000008,80.0,48.0,3.06498450239829,175.0,179.71,128,32.0,39.0,0.25,178.5,
07:45:46,175.0,63.0,177.0,22.0,174.0,45.0,178.17,23.0,2.0,108.0,45.0,2.69168534564128,175.0,177.0,153,63.0,25.0,0.41,178.5,
07:45:47,175.0,96.0,176.0,12.0,174.0,130.0,177.0,20.0,1.0,226.0,32.0,2.153817541004486,175.0,176.0,258,194.0,105.0,0.75,175.5,4.0
07:45:48,175.56,55.0,198.96,49.0,174.5,100.0,253.58,38.0,23.40000000000001,155.0,87.0,4.8081493321172815,175.55999999999997,198.96,242,68.0,-16.0,0.28,175.0,3.0
07:45:49,180.0,12.0,275.0,30.0,177.94,16.0,465.57,14.0,95.0,28.0,44.0,22.20283585490714,180.0,275.0,72,-16.0,-163.625,-0.22,175.0,
07:45:50,181.6,5.0,312.0,10.0,180.2,5.0,629.0,5.0,130.4,10.0,15.0,32.59959693002299,181.6,312.0,25,-5.0,-47.0,-0.2,175.0,
07:45:51,183.0,50.0,285.55,22.0,182.0,11.0,610.73,15.0,102.55,61.0,37.0,31.088127637411297,183.0,285.55,98,24.0,73.0,0.24,183.0,1.0
07:45:52,182.0,7.0,246.21,19.0,181.0,7.0,300.0,12.0,64.21000000000001,14.0,31.0,22.72092581740418,182.0,246.21,45,-17.0,-53.0,-0.38,183.0,4.0
07:45:54,182.8,10.0,232.11,27.0,181.4,10.0,266.24,21.0,49.31,20.0,48.0,16.461222008100883,182.8,232.11,68,-28.0,26.0,-0.41,184.0,1.0
07:45:55,180.85,13.0,241.69,35.0,178.0,32.0,395.95,19.0,60.84,45.0,54.0,10.417709441138072,180.85,241.69,99,-9.0,31.0,-0.09,180.4,5.0
07:45:56,180.0,12.0,243.22,27.0,177.15,39.0,384.83,24.0,63.22,51.0,51.0,2.8379975334683927,180.0,243.22,102,0.0,3.0,0.0,180.4,
07:45:57,179.33,12.0,242.73,33.0,177.03,61.0,487.68,38.0,63.39999999999998,73.0,71.0,2.5304841433947107,179.33,242.73,144,2.0,42.0,0.01,181.0,2.0
07:45:58,177.15,13.0,227.0,28.0,175.67,18.0,242.0,21.0,49.85,31.0,49.0,4.057813450612222,177.15000000000003,227.0,80,-18.0,-64.0,-0.23,177.4,5.0
07:45:59,177.0,18.0,239.86,28.0,175.0,18.0,306.91,35.0,62.860000000000014,36.0,63.0,4.00717855853338,177.0,239.86,99,-27.0,19.0,-0.27,177.4,
07:46:00,177.0,14.0,241.0,21.0,175.0,14.0,323.79,24.0,64.0,28.0,45.0,3.7920904525036296,177.0,241.0,73,-17.0,-26.0,-0.23,177.4,
07:46:01,177.0,24.0,222.73,45.0,175.0,24.0,223.12,41.0,45.72999999999999,48.0,86.0,4.824818131283989,177.0,222.73,134,-38.0,61.0,-0.28,177.4,
07:46:02,177.0,24.0,182.71,58.0,175.0,24.0,184.11,37.0,5.710000000000008,48.0,95.0,11.856560631142589,177.0,182.71,143,-47.0,9.0,-0.33,177.4,
07:46:03,174.0,106.0,179.76,38.0,144.33,21.0,180.55,47.0,5.759999999999991,127.0,85.0,15.473772326099244,174.0,179.76,212,42.0,69.0,0.2,175.0,8.0
07:46:04,174.0,71.0,175.7,43.0,169.0,42.0,177.83,36.0,1.6999999999999886,113.0,79.0,15.369253397610024,174.0,175.7,192,34.0,-20.0,0.18,174.0,7.0
07:46:05,169.16,31.0,174.92,25.0,160.23,13.0,177.81,32.0,5.759999999999991,44.0,57.0,11.090783110310069,169.16,174.92,101,-13.0,-91.0,-0.13,174.0,3.0
07:46:06,168.23,31.0,172.4,35.0,143.62,13.0,173.25,40.0,4.170000000000016,44.0,75.0,3.795000658752553,168.23,172.4,119,-31.0,18.0,-0.26,174.0,
07:46:07,145.0,7.0,170.8,15.0,135.0,21.0,172.64,25.0,25.80000000000001,28.0,40.0,7.428669463633942,145.0,170.8,68,-12.0,-51.0,-0.18,174.0,
07:46:08,150.04,23.0,170.29,21.0,116.48,29.0,172.53,38.0,20.25,52.0,59.0,7.5425837748031554,150.04,170.29,111,-7.0,43.0,-0.06,166.0,1.0
07:46:09,152.43,49.0,172.61,23.0,150.0,7.0,173.8,20.0,20.180000000000007,56.0,43.0,6.262721453164042,152.43,172.61,99,13.0,-12.0,0.13,172.25,4.0
07:46:10,153.25,56.0,173.0,24.0,120.25,8.0,175.0,16.0,19.75,64.0,40.0,4.678687850233142,153.25,173.0,104,24.0,5.0,0.23,172.25,
07:46:11,167.24,58.0,209.29,41.0,156.63,51.0,278.05,44.0,42.04999999999998,109.0,85.0,12.40259166464507,167.24,209.29,194,24.0,90.0,0.12,173.8,5.0
07:46:12,176.47,40.0,296.82,44.0,176.0,36.0,462.76,49.0,120.35,76.0,93.0,32.55281139932374,176.47,296.82,169,-17.0,-25.0,-0.1,173.8,
07:46:13,178.83,36.0,324.77,39.0,177.44,27.0,418.43,35.0,145.93999999999997,63.0,74.0,41.61678231194673,178.83,324.77,137,-11.0,-32.0,-0.08,173.8,
07:46:14,179.0,60.0,428.82,38.0,178.0,24.0,507.43,44.0,249.82,84.0,82.0,55.20114446277355,179.0,428.82,166,2.0,29.0,0.01,173.8,
07:46:15,180.33,54.0,352.0,36.0,179.2,30.0,507.35,52.0,171.67,84.0,88.0,42.30178601430463,180.33000000000004,352.0,172,-4.0,6.0,-0.02,173.8,
07:46:16,182.4,15.0,261.0,32.0,181.03,31.0,352.0,24.0,78.6,46.0,56.0,31.493407722887444,182.4,261.0,102,-10.0,-70.0,-0.1,182.5,4.0
07:46:17,181.62,13.0,237.36,22.0,177.5,8.0,309.18,17.0,55.74000000000001,21.0,39.0,37.453511584363085,181.62,237.36,60,-18.0,-42.0,-0.3,180.8,5.0
07:46:18,179.29,14.0,244.4,47.0,174.07,41.0,339.09,44.0,65.11000000000001,55.0,91.0,41.2120075948747,179.29,244.40000000000003,146,-36.0,86.0,-0.25,180.8,
07:46:19,182.33,18.0,260.44,36.0,174.33,27.0,283.91,33.0,78.10999999999999,45.0,69.0,23.056382413552868,182.33,260.44,114,-24.0,-32.0,-0.21,185.0,4.0
07:46:21,180.11,9.0,208.0,36.0,150.45,20.0,229.4,35.0,27.889999999999983,29.0,71.0,13.207098470139682,180.11,208.0,100,-42.0,-23.0,-0.42,185.0,
07:46:22,164.15,20.0,204.83,41.0,150.1,31.0,251.69,16.0,40.68000000000001,51.0,57.0,15.694025933455068,164.15,204.83,108,-6.0,8.0,-0.06,180.0,1.0
07:46:23,156.9,29.0,195.26,39.0,124.54,35.0,193.95,22.0,38.35999999999999,64.0,61.0,17.165371245619827,156.9,195.26,125,3.0,17.0,0.02,180.0,
07:46:24,159.0,7.0,170.0,14.0,157.0,21.0,175.0,28.0,11.0,28.0,42.0,11.700170938919609,159.0,170.0,70,-14.0,-55.0,-0.2,173.0,5.0
07:46:25,160.0,42.0,173.12,25.0,158.18,22.0,175.55,20.0,13.120000000000005,64.0,45.0,12.38081661280602,160.0,173.12,109,19.0,39.0,0.17,173.0,
07:46:26,161.31,39.0,170.85,13.0,159.0,13.0,173.75,16.0,9.539999999999992,52.0,29.0,8.551135597096259,161.31,170.84999999999997,81,23.0,-28.0,0.28,170.67,3.0
07:46:27,163.8,10.0,166.0,6.0,162.57,14.0,173.0,6.0,2.1999999999999886,24.0,12.0,4.801029056350517,163.8,166.0,36,12.0,-45.0,0.33,170.67,
07:46:28,166.05,20.0,219.26,27.0,164.5,12.0,250.17,24.0,53.20999999999998,32.0,51.0,12.16638072723051,166.05,219.26,83,-19.0,47.0,-0.23,171.33,3.0
07:46:29,178.26,23.0,268.78,45.0,176.57,28.0,345.4,30.0,90.51999999999998,51.0,75.0,25.587253076482064,178.26,268.78,126,-24.0,43.0,-0.19,182.5,4.0
07:46:30,177.75,8.0,347.0,3.0,127.22,9.0,570.0,9.0,169.25,17.0,12.0,41.42127931389811,177.75,347.0,29,5.0,-97.0,0.17,179.0,3.0
07:46:31,178.0,36.0,228.0,18.0,177.0,6.0,337.67,6.0,50.0,42.0,24.0,36.42789727667482,178.0,228.0,66,18.0,37.0,0.27,179.0,
07:46:32,178.0,60.0,251.53,34.0,177.0,10.0,390.63,38.0,73.53,70.0,72.0,26.78717827618253,178.0,251.53,142,-2.0,76.0,-0.01,179.0,
07:46:33,178.52,61.0,221.51,35.0,177.75,16.0,312.52,29.0,42.98999999999998,77.0,64.0,25.106793502954275,178.52,221.51,141,13.0,-1.0,0.09,179.0,
07:46:34,181.14,56.0,185.05,20.0,180.2,15.0,185.5,20.0,3.910000000000025,71.0,40.0,30.01402538814108,181.14,185.05,111,31.0,-30.0,0.28,179.0,
07:46:35,182.0,44.0,183.6,10.0,177.0,8.0,220.3,30.0,1.5999999999999943,52.0,40.0,13.738991229342762,182.0,183.6,92,12.0,-19.0,0.13,182.0,3.0
07:46:36,181.55,22.0,275.09,22.0,177.43,14.0,474.75,40.0,93.53999999999996,36.0,62.0,19.906848067937915,181.55,275.09,98,-26.0,6.0,-0.27,181.6,5.0
07:46:37,176.56,9.0,327.35,37.0,172.84,25.0,581.41,37.0,150.79000000000002,34.0,74.0,30.230663571942525,176.56,327.35,108,-40.0,10.0,-0.37,175.2,5.0
07:46:38,165.86,7.0,283.07,27.0,120.57,7.0,536.59,29.0,117.20999999999998,14.0,56.0,30.34408459650709,165.86,283.07,70,-42.0,-38.0,-0.6,173.0,1.0
07:46:39,175.0,7.0,258.14,35.0,115.67,9.0,389.2,25.0,83.13999999999999,16.0,60.0,25.011158909574487,175.0,258.14,76,-44.0,6.0,-0.58,173.0,
07:46:40,146.62,13.0,257.29,35.0,107.2,15.0,339.57,35.0,110.67000000000002,28.0,70.0,18.29868629164379,146.62,257.29,98,-42.0,22.0,-0.43,173.0,
07:46:41,128.8,30.0,238.07,44.0,87.0,10.0,277.6,50.0,109.26999999999998,40.0,94.0,25.6034388315316,128.8,238.07,134,-54.0,36.0,-0.4,173.0,
07:46:43,135.5,12.0,166.15,26.0,123.7,20.0,180.24,38.0,30.65000000000001,32.0,64.0,31.11060719433056,135.5,166.15000000000003,96,-32.0,12.0,-0.33,165.0,3.0
07:46:46,140.74,38.0,171.0,60.0,87.13,54.0,414.76,46.0,30.25999999999999,92.0,106.0,3.865481858694008,140.74,171.0,198,-14.0,123.0,-0.07,165.0,
07:46:50,173.0,10.0,174.8,10.0,106.65,31.0,178.56,18.0,1.8000000000000114,41.0,28.0,19.527497279474563,173.0,174.8,69,13.0,-23.0,0.19,165.0,
07:46:55,162.42,43.0,254.54,41.0,140.25,40.0,284.96,53.0,92.12,83.0,94.0,34.905603704847884,162.42,254.54,177,-11.0,-32.0,-0.06,171.33,12.0
07:46:56,174.16,25.0,271.6,30.0,129.82,61.0,377.07,56.0,97.44000000000004,86.0,86.0,46.00223668475172,174.16,271.6,172,0.0,-5.0,0.0,171.33,
07:46:57,176.0,9.0,259.44,39.0,174.0,18.0,325.37,38.0,83.44,27.0,77.0,49.57516434667601,176.0,259.44,104,-50.0,-68.0,-0.48,171.33,
07:46:58,176.22,9.0,283.83,35.0,174.25,16.0,341.73,22.0,107.61,25.0,57.0,42.48265622580544,176.22,283.83,82,-32.0,-22.0,-0.39,171.33,
07:46:59,178.27,11.0,299.91,44.0,176.64,11.0,340.69,32.0,121.64,22.0,76.0,11.67244832929227,178.27,299.91,98,-54.0,16.0,-0.55,171.33,
07:47:00,181.8,10.0,299.0,24.0,178.0,6.0,331.91,22.0,117.2,16.0,46.0,9.903016207197002,181.8,299.0,62,-30.0,-36.0,-0.48,171.33,
07:47:01,183.0,19.0,254.0,28.0,180.57,7.0,311.8,20.0,71.0,26.0,48.0,10.842138626673488,183.0,254.0,74,-22.0,12.0,-0.3,183.0,2.0
07:47:02,180.0,10.0,246.5,40.0,175.0,28.0,346.65,34.0,66.5,38.0,74.0,12.128055491298015,180.0,246.5,112,-36.0,38.0,-0.32,182.0,2.0
07:47:03,179.0,144.0,242.31,52.0,178.0,16.0,276.18,44.0,63.31,160.0,96.0,14.317722235048375,179.0,242.31,256,64.0,144.0,0.25,182.0,
07:47:04,180.0,13.0,193.58,48.0,179.0,108.0,195.0,24.0,13.580000000000013,121.0,72.0,19.16602123550906,180.0,193.58,193,49.0,-63.0,0.25,180.0,1.0
07:47:05,180.0,66.0,192.33,36.0,178.39,46.0,195.0,18.0,12.330000000000013,112.0,54.0,15.409591818084248,180.0,192.33,166,58.0,-27.0,0.35,180.0,1.0
07:47:06,179.27,60.0,190.31,52.0,176.46,52.0,295.56,36.0,11.039999999999992,112.0,88.0,14.306970329177297,179.27,190.31,200,24.0,34.0,0.12,180.0,
07:47:07,178.37,19.0,187.27,44.0,176.71,42.0,239.27,44.0,8.900000000000006,61.0,88.0,11.508630674409147,178.37,187.27,149,-27.0,-51.0,-0.18,178.5,2.0
