Time,Bid1_Price,Bid1_Volume,Ask1_Price,Ask1_Volume,Bid2_Price,Bid2_Volume,Ask2_Price,Ask2_Volume,Bid_Ask_Spread,Market_Depth_Bid,Market_Depth_Ask,Historical_Volatility,Weighted_Avg_Bid_Price,Weighted_Avg_Ask_Price,Total_volume,Cumulative_Volume_Difference,Total_Volume_Change_Corrected,Order_imbalance,Weighted_Avg_Price,Trade_Volume
07:30:01,343.29,28.0,397.0,4.0,343.0,33.0,0.0,0.0,53.70999999999998,61.0,4.0,,343.29,397.0,65,57.0,65.0,0.88,,
07:30:34,343.0,36.0,362.22,9.0,326.92,36.0,365.78,27.0,19.220000000000027,72.0,36.0,0.9261587336933929,343.0,362.22,108,36.0,-10.0,0.33,,
07:30:35,343.0,52.0,363.0,37.0,324.73,49.0,364.42,50.0,20.0,101.0,87.0,0.8757111395868761,343.0,363.0,188,14.0,80.0,0.07,,
07:30:36,344.07,42.0,360.0,75.0,338.0,52.0,362.0,39.0,15.930000000000009,94.0,114.0,0.8603894467022131,344.07,360.0,208,-20.0,20.0,-0.1,,
07:30:37,345.0,27.0,360.0,88.0,341.0,48.0,361.21,14.0,15.0,75.0,102.0,0.3721155734399198,345.0,360.0,177,-27.0,-31.0,-0.15,345.0,1.0
07:31:21,344.3,40.0,351.35,40.0,343.88,51.0,359.78,81.0,7.050000000000011,91.0,121.0,2.5590271589019005,344.3,351.35,212,-30.0,32.0,-0.14,348.75,8.0
07:31:22,338.0,39.0,352.0,26.0,336.0,26.0,362.0,73.0,14.0,65.0,99.0,3.84099336109787,338.0,352.0,164,-34.0,-48.0,-0.21,348.75,
07:31:23,338.0,36.0,348.24,25.0,336.0,24.0,356.46,57.0,10.240000000000007,60.0,82.0,4.117189575426288,338.0,348.24,142,-22.0,-22.0,-0.15,345.5,2.0
07:31:24,338.0,30.0,345.67,24.0,336.0,20.0,350.5,24.0,7.670000000000016,50.0,48.0,3.856945682790988,338.0,345.67,98,2.0,-44.0,0.02,345.33,3.0
07:31:25,338.0,39.0,346.0,26.0,336.0,26.0,355.0,52.0,8.0,65.0,78.0,2.5071158728708784,338.0,346.0,143,-13.0,45.0,-0.09,345.33,
07:31:26,339.18,102.0,345.76,34.0,338.0,51.0,353.8,60.0,6.579999999999984,153.0,94.0,1.284223500797964,339.18,345.76,247,59.0,104.0,0.24,345.33,
07:31:27,340.0,57.0,345.0,24.0,337.03,29.0,346.0,24.0,5.0,86.0,48.0,0.5042122568939402,340.0,345.0,134,38.0,-113.0,0.28,340.0,5.0
07:31:28,342.15,27.0,345.0,22.0,341.22,46.0,346.0,22.0,2.8500000000000227,73.0,44.0,0.6784762339257222,342.15,345.0,117,29.0,-17.0,0.25,340.0,
07:31:29,344.0,69.0,345.0,15.0,335.79,47.0,346.0,24.0,1.0,116.0,39.0,1.0130992054096863,344.0,345.0,155,77.0,38.0,0.5,345.0,1.0
07:31:30,344.59,59.0,345.9,20.0,342.56,50.0,348.75,16.0,1.3100000000000025,109.0,36.0,1.2250999959192606,344.59,345.9,145,73.0,-10.0,0.5,345.0,1.0
07:31:31,338.0,43.0,341.0,43.0,333.93,28.0,357.31,58.0,3.0,71.0,101.0,2.242594479615446,338.0,341.0,172,-30.0,27.0,-0.17,352.43,7.0
07:31:32,337.67,45.0,339.0,60.0,335.0,30.0,358.0,45.0,1.329999999999984,75.0,105.0,3.111743884062782,337.67,339.0,180,-30.0,8.0,-0.17,352.43,
07:31:33,336.4,25.0,339.0,30.0,330.36,22.0,358.0,27.0,2.6000000000000227,47.0,57.0,3.555478870701194,336.4,339.0,104,-10.0,-76.0,-0.1,339.0,3.0
07:31:34,329.41,17.0,354.0,19.0,324.33,24.0,358.59,17.0,24.58999999999997,41.0,36.0,3.0649420875446967,329.41,354.0,77,5.0,-27.0,0.06,339.0,1.0
07:31:41,337.94,35.0,354.77,26.0,346.08,25.0,357.0,52.0,16.829999999999984,60.0,78.0,4.235093859644642,337.94,354.77000000000004,138,-18.0,15.0,-0.13,350.0,5.0
07:31:42,333.71,70.0,351.64,22.0,330.83,60.0,353.05,38.0,17.930000000000007,130.0,60.0,6.365840085958804,333.71,351.64,190,70.0,52.0,0.37,350.0,
07:31:43,337.35,31.0,350.57,28.0,330.79,94.0,353.33,60.0,13.21999999999997,125.0,88.0,6.403961274086551,337.35,350.57,213,37.0,23.0,0.17,350.0,2.0
07:31:44,333.89,18.0,347.72,36.0,331.7,46.0,350.04,71.0,13.83000000000004,64.0,107.0,5.7701126505468014,333.89,347.72,171,-43.0,-42.0,-0.25,350.0,
07:31:45,335.73,11.0,347.52,27.0,332.14,21.0,347.88,17.0,11.789999999999964,32.0,44.0,2.178136818475852,335.73,347.52,76,-12.0,-95.0,-0.16,347.54,13.0
07:31:46,336.0,12.0,350.0,12.0,333.37,71.0,351.17,12.0,14.0,83.0,24.0,1.2255121378428335,336.0,350.0,107,59.0,31.0,0.55,347.54,
07:31:48,337.0,9.0,343.56,36.0,336.0,9.0,380.26,38.0,6.560000000000002,18.0,74.0,37.67493861972434,337.0,343.56,92,-56.0,-21.0,-0.61,343.0,4.0
07:31:49,338.38,8.0,345.0,62.0,336.62,8.0,440.0,24.0,6.6200000000000045,16.0,86.0,37.574904923366034,338.38,345.0,102,-70.0,10.0,-0.69,343.0,
07:31:50,340.45,11.0,345.0,49.0,335.0,66.0,440.0,33.0,4.550000000000011,77.0,82.0,37.45372438089431,340.45,345.0,159,-5.0,57.0,-0.03,343.0,
07:31:51,341.92,12.0,345.0,48.0,334.17,72.0,524.29,42.0,3.079999999999984,84.0,90.0,37.40615123211684,341.92,345.0,174,-6.0,15.0,-0.03,343.0,
07:31:52,342.0,13.0,345.0,52.0,334.0,78.0,532.07,55.0,3.0,91.0,107.0,1.3617892641665363,342.0,345.0,198,-16.0,24.0,-0.08,343.0,
07:31:53,334.22,37.0,345.0,28.0,330.0,33.0,477.57,35.0,10.779999999999973,70.0,63.0,1.6222422753704946,334.22,345.0,133,7.0,-65.0,0.05,342.0,1.0
07:31:54,334.0,72.0,345.0,48.0,333.0,48.0,400.86,59.0,11.0,120.0,107.0,2.0364552536206983,334.0,345.0,227,13.0,94.0,0.06,342.0,
07:31:55,334.0,54.0,344.85,33.0,333.0,36.0,345.91,44.0,10.850000000000025,90.0,77.0,2.175550505044532,334.0,344.85,167,13.0,-60.0,0.08,340.0,1.0
07:31:56,334.0,30.0,345.0,20.0,333.0,20.0,346.0,25.0,11.0,50.0,45.0,1.7867792253101131,334.0,345.0,95,5.0,-72.0,0.05,340.0,
07:31:57,334.0,42.0,345.0,28.0,333.0,28.0,346.0,35.0,11.0,70.0,63.0,0.0676756972634359,334.0,345.0,133,7.0,38.0,0.05,340.0,
07:31:58,334.54,48.0,345.0,72.0,332.32,226.0,346.0,90.0,10.45999999999998,274.0,162.0,0.1342385935566914,334.54,345.0,436,112.0,173.5,0.26,340.0,
07:31:59,342.19,21.0,345.0,51.0,334.82,50.0,346.0,75.0,2.8100000000000023,71.0,126.0,1.8171736295687035,342.19,345.0,197,-55.0,-174.5,-0.28,345.0,2.0
07:32:00,332.53,34.0,345.0,18.0,329.18,44.0,346.0,45.0,12.470000000000027,78.0,63.0,1.9232212561221205,332.53,345.0,141,15.0,-56.0,0.11,344.0,1.0
07:32:01,331.0,72.0,344.1,63.0,327.0,48.0,345.45,33.0,13.100000000000025,120.0,96.0,2.273132200291055,331.0,344.1,216,24.0,75.0,0.11,344.0,
07:32:02,331.0,36.0,344.0,42.0,327.0,24.0,345.0,12.0,13.0,60.0,54.0,2.51060351310202,331.0,344.0,114,6.0,-102.0,0.05,344.0,
07:32:03,331.0,78.0,342.64,61.0,327.0,52.0,344.08,26.0,11.639999999999986,130.0,87.0,2.7479046562791174,331.0,342.64,217,43.0,103.0,0.2,342.0,1.0
07:32:04,331.0,84.0,341.93,56.0,323.44,78.0,344.0,28.0,10.930000000000009,162.0,84.0,0.8804089958655569,331.0,341.93,246,78.0,29.0,0.32,342.0,
07:32:05,327.35,69.0,341.0,40.0,323.35,79.0,344.0,23.0,13.649999999999975,148.0,63.0,1.3816113780659791,327.35,341.0,211,85.0,-35.0,0.4,342.0,
07:32:06,326.05,19.0,340.29,28.0,325.2,51.0,344.0,35.0,14.240000000000007,70.0,63.0,1.856402434818934,326.05,340.29,133,7.0,-78.0,0.05,342.0,
07:32:07,325.96,75.0,339.13,60.0,323.89,115.0,344.0,45.0,13.170000000000016,190.0,105.0,1.924481748420092,325.96,339.13,295,85.0,162.0,0.29,342.0,
07:32:08,331.75,32.0,339.0,48.0,325.92,48.0,344.0,24.0,7.25,80.0,72.0,1.5951269541958684,331.75,339.0,152,8.0,-143.0,0.05,342.0,
07:32:09,333.0,33.0,339.0,44.0,326.3,100.0,344.0,22.0,6.0,133.0,66.0,1.4493205304563392,333.0,339.0,199,67.0,47.0,0.34,342.0,
07:32:10,334.3,30.0,339.0,40.0,326.31,102.0,343.2,20.0,4.699999999999989,132.0,60.0,1.7962321676225523,334.3,339.0,192,72.0,-7.0,0.38,342.0,
07:32:11,336.03,34.0,339.0,48.0,326.07,70.0,342.0,24.0,2.9700000000000277,104.0,72.0,1.8881128144265251,336.03,339.0,176,32.0,-16.0,0.18,342.0,
07:32:12,336.15,40.0,339.0,32.0,323.63,107.0,342.0,28.0,2.8500000000000227,147.0,60.0,0.9509837012279644,336.15,339.0,207,87.0,31.0,0.42,339.0,2.0
07:32:13,336.85,39.0,339.12,25.0,322.13,95.0,342.15,26.0,2.269999999999982,134.0,51.0,0.8011054861883095,336.85,339.12,185,83.0,-22.0,0.45,340.0,3.0
07:32:14,338.67,54.0,342.0,10.0,323.0,79.0,344.0,20.0,3.329999999999984,133.0,30.0,1.385323067013818,338.67,342.0,163,103.0,-22.0,0.63,340.0,
07:32:15,339.14,111.0,341.38,32.0,328.67,72.0,343.66,29.0,2.240000000000009,183.0,61.0,1.4402603931234743,339.14,341.38,244,122.0,81.0,0.5,341.0,4.0
07:32:16,339.87,70.0,342.0,16.0,334.78,58.0,344.0,32.0,2.1299999999999955,128.0,48.0,1.5280804952618905,339.87,342.0,176,80.0,-68.0,0.45,341.0,
07:32:17,341.0,45.0,344.22,27.0,332.0,75.0,345.27,66.0,3.2200000000000277,120.0,93.0,1.6623567607464051,341.0,344.22,213,27.0,37.0,0.13,344.29,7.0
07:32:18,342.21,42.0,345.0,28.0,330.0,70.0,346.0,56.0,2.7900000000000205,112.0,84.0,1.4909560691042385,342.21,345.0,196,28.0,-17.0,0.14,344.29,
07:32:19,339.12,49.0,345.87,60.0,331.24,70.0,346.71,55.0,6.75,119.0,115.0,1.3559019138560675,339.12,345.87,234,4.0,38.0,0.02,344.2,5.0
07:32:20,334.6,57.0,344.49,107.0,329.69,83.0,346.12,96.0,9.889999999999986,140.0,203.0,1.600646744287627,334.6,344.49,343,-63.0,109.0,-0.18,344.0,7.0
07:32:21,336.0,44.0,345.9,40.0,335.0,11.0,346.77,35.0,9.899999999999975,55.0,75.0,1.599249824135862,336.0,345.9,130,-20.0,-174.5,-0.15,344.0,
07:32:22,336.0,72.0,346.0,72.0,335.0,18.0,347.0,54.0,10.0,90.0,126.0,1.567217279128439,336.0,346.0,216,-36.0,86.0,-0.17,344.0,
07:32:23,336.0,32.0,345.71,34.0,335.0,8.0,346.69,26.0,9.70999999999998,40.0,60.0,1.0453372661485834,336.0,345.71,100,-20.0,-116.0,-0.2,344.0,
07:32:24,338.0,23.0,344.35,85.0,336.98,62.0,346.0,68.0,6.350000000000023,85.0,153.0,0.6616116685784048,338.0,344.35,238,-68.0,138.0,-0.29,344.0,
07:32:25,340.61,18.0,343.0,63.0,337.92,51.0,346.0,60.0,2.3899999999999864,69.0,123.0,0.3836274234187478,340.61,343.0,192,-54.0,-46.0,-0.28,343.0,4.0
07:32:26,343.21,14.0,346.0,56.0,330.0,28.0,348.0,76.0,2.7900000000000205,42.0,132.0,1.5638574103793923,343.21,346.0,174,-90.0,-18.0,-0.52,343.0,1.0
07:32:27,329.53,38.0,346.87,55.0,326.0,63.0,348.33,72.0,17.340000000000032,101.0,127.0,2.2933926833403118,329.53,346.86999999999995,228,-26.0,54.0,-0.11,346.0,1.0
07:32:28,333.42,26.0,347.62,96.0,328.04,55.0,349.27,66.0,14.199999999999989,81.0,162.0,2.315303435837067,333.42,347.62000000000006,243,-81.0,15.0,-0.33,346.0,
07:32:29,330.88,17.0,347.75,107.0,329.86,100.0,350.54,35.0,16.870000000000005,117.0,142.0,2.476018982156468,330.88,347.75,259,-25.0,16.0,-0.1,345.75,4.0
07:32:30,333.78,18.0,346.64,25.0,330.41,87.0,348.09,81.0,12.860000000000014,105.0,106.0,2.430693316730706,333.78,346.64,211,-1.0,-48.0,-0.0,345.75,
07:32:31,335.62,13.0,349.69,13.0,330.76,41.0,364.94,62.0,14.069999999999991,54.0,75.0,1.649045178277244,335.62,349.69,129,-21.0,-82.0,-0.16,347.6,5.0
07:32:45,296.87,15.0,342.12,25.0,247.32,71.0,344.21,28.0,45.25,86.0,53.0,23.12122769231782,296.87,342.12,139,33.0,-64.0,0.24,347.6,
07:32:46,321.29,38.0,340.67,36.0,296.62,42.0,341.75,16.0,19.379999999999995,80.0,52.0,21.178548817140573,321.29,340.67,132,28.0,-7.0,0.21,347.6,
07:32:47,325.0,55.0,339.36,22.0,324.0,55.0,340.29,21.0,14.360000000000014,110.0,43.0,18.561572401065806,325.0,339.36,153,67.0,21.0,0.44,338.67,3.0
07:32:48,326.27,75.0,340.0,30.0,325.27,75.0,341.0,15.0,13.730000000000018,150.0,45.0,15.066739195990918,326.27,340.0,195,105.0,42.0,0.54,338.67,
07:32:49,329.44,59.0,341.0,40.0,327.27,75.0,342.33,30.0,11.560000000000002,134.0,70.0,6.185026273186296,329.44,341.0,204,64.0,9.0,0.31,340.33,3.0
07:32:50,331.18,55.0,342.0,44.0,327.45,55.0,343.0,44.0,10.819999999999991,110.0,88.0,2.2728946302023925,331.18,342.0,198,22.0,-6.0,0.11,340.33,
07:32:51,335.13,75.0,339.39,69.0,332.93,75.0,342.22,54.0,4.259999999999991,150.0,123.0,2.182688708909749,335.13,339.39,273,27.0,75.0,0.1,340.33,
07:32:52,336.62,52.0,338.24,34.0,334.5,40.0,341.8,30.0,1.6200000000000043,92.0,64.0,1.7887509608666856,336.62,338.24,156,28.0,-117.0,0.18,338.0,5.0
07:32:53,338.66,74.0,341.33,18.0,337.68,95.0,344.58,95.0,2.669999999999959,169.0,113.0,1.742053386093751,338.66,341.33,282,56.0,126.0,0.2,342.4,10.0
07:32:54,340.42,60.0,343.0,12.0,338.0,96.0,346.0,96.0,2.579999999999984,156.0,108.0,2.1700622110898,340.42,343.0,264,48.0,-18.0,0.18,342.4,
07:32:55,338.71,63.0,342.64,11.0,309.71,42.0,345.64,25.0,3.930000000000007,105.0,36.0,1.987065675814324,338.71,342.64,141,69.0,-123.0,0.49,342.0,2.0
07:32:56,338.0,64.0,343.0,8.0,326.82,49.0,345.0,8.0,5.0,113.0,16.0,1.598508679988656,338.0,343.0,129,97.0,-12.0,0.75,342.0,
07:32:57,340.51,70.0,343.93,15.0,335.93,59.0,345.64,22.0,3.420000000000016,129.0,37.0,0.9141225300793224,340.51,343.93,166,92.0,37.0,0.55,343.0,1.0
07:32:58,343.98,44.0,345.86,14.0,343.14,28.0,346.6,10.0,1.8799999999999957,72.0,24.0,1.7784206476528948,343.98,345.86,96,48.0,-70.0,0.5,344.75,4.0
07:32:59,344.28,82.0,346.67,18.0,293.14,44.0,348.92,75.0,2.390000000000043,126.0,93.0,2.331055554893058,344.28,346.67,219,33.0,123.0,0.15,346.0,2.0
07:33:03,343.33,18.0,349.0,11.0,339.09,33.0,353.0,44.0,5.670000000000016,51.0,55.0,1.0902522643846029,343.33,349.0,106,-4.0,-21.0,-0.04,348.0,1.0
07:33:04,342.92,26.0,348.0,26.0,341.0,39.0,352.29,34.0,5.079999999999984,65.0,60.0,1.093535550403273,342.92,348.0,125,5.0,19.0,0.04,348.0,
07:33:05,343.9,20.0,346.7,20.0,335.4,30.0,351.9,40.0,2.800000000000012,50.0,60.0,1.3005460391681385,343.9,346.7,110,-10.0,-15.0,-0.09,348.0,
07:33:06,335.43,28.0,348.39,31.0,331.6,30.0,361.0,10.0,12.95999999999998,58.0,41.0,2.17493218284994,335.43,348.39,99,17.0,-11.0,0.17,347.5,8.0
07:33:07,331.0,39.0,346.56,36.0,330.0,39.0,357.14,14.0,15.560000000000002,78.0,50.0,3.123064200428362,331.0,346.56,128,28.0,29.0,0.22,344.33,6.0
07:33:08,331.0,9.0,347.0,3.0,330.0,9.0,349.0,3.0,16.0,18.0,6.0,3.247983990107981,331.0,347.0,24,12.0,-104.0,0.5,344.33,
07:33:09,331.0,18.0,347.0,10.0,330.0,18.0,349.0,6.0,16.0,36.0,16.0,2.830303870611466,331.0,347.0,52,20.0,28.0,0.38,344.33,
07:33:10,331.0,24.0,346.6,10.0,330.0,24.0,349.4,10.0,15.600000000000025,48.0,20.0,1.3524496293757349,331.0,346.6,68,28.0,16.0,0.41,346.0,3.0
07:33:11,331.0,33.0,353.36,11.0,330.0,33.0,385.65,23.0,22.360000000000014,66.0,34.0,1.4728611611413167,331.0,353.36,100,32.0,32.0,0.32,347.0,1.0
07:33:12,331.0,12.0,358.0,4.0,330.0,12.0,398.5,12.0,27.0,24.0,16.0,2.550505832182762,331.0,358.0,40,8.0,-60.0,0.2,347.0,
07:33:13,331.92,39.0,344.07,43.0,330.31,39.0,348.0,13.0,12.149999999999975,78.0,56.0,2.748286739042769,331.92,344.07,134,22.0,94.0,0.16,347.0,
07:33:14,337.67,54.0,348.75,24.0,332.93,41.0,396.11,19.0,11.079999999999984,95.0,43.0,2.819365176772623,337.67,348.75,138,52.0,4.0,0.38,344.2,5.0
07:33:28,334.0,30.0,350.35,40.0,332.0,70.0,385.45,33.0,16.350000000000023,100.0,73.0,18.87646497626081,334.0,350.35,173,27.0,61.0,0.16,344.2,
07:33:29,334.0,33.0,338.41,34.0,332.0,77.0,342.27,30.0,4.410000000000025,110.0,64.0,25.504399032323885,334.0,338.41,174,46.0,1.0,0.26,338.29,7.0
07:33:30,334.0,21.0,339.0,14.0,332.0,49.0,346.0,14.0,5.0,70.0,28.0,25.622856398145892,334.0,339.0,98,42.0,-76.0,0.43,338.29,
07:33:31,334.0,33.0,339.0,11.0,332.0,77.0,346.0,28.0,5.0,110.0,39.0,21.146591214661733,334.0,339.0,149,71.0,51.0,0.48,339.0,1.0
07:33:32,334.0,18.0,339.0,6.0,332.0,42.0,346.0,12.0,5.0,60.0,18.0,2.575659138941173,334.0,339.0,78,42.0,-71.0,0.54,339.0,
07:33:33,334.69,29.0,339.0,8.0,332.83,36.0,346.0,16.0,4.310000000000002,65.0,24.0,0.2231591360697788,334.69,339.0,89,41.0,11.0,0.46,339.0,
07:33:34,335.27,44.0,339.0,11.0,333.81,37.0,346.0,22.0,3.730000000000018,81.0,33.0,0.2885827437865023,335.27,339.0,114,48.0,25.0,0.42,339.0,
07:33:35,335.96,54.0,343.08,24.0,332.61,76.0,346.19,43.0,7.1200000000000045,130.0,67.0,1.269409311455971,335.96,343.08,197,63.0,83.0,0.32,345.75,12.0
07:33:36,332.5,56.0,347.0,8.0,325.75,24.0,476.07,14.0,14.5,80.0,22.0,1.5568879214673388,332.5,347.0,102,58.0,-95.0,0.57,345.75,
07:33:37,331.65,40.0,342.55,60.0,329.76,97.0,344.33,36.0,10.900000000000034,137.0,96.0,1.4355835050636478,331.65,342.55,233,41.0,131.0,0.18,342.0,3.0
07:33:38,333.29,35.0,342.0,21.0,330.25,97.0,343.0,64.0,8.70999999999998,132.0,85.0,1.3026511428662515,333.29,342.0,217,47.0,-16.0,0.22,342.0,1.0
07:33:39,336.9,83.0,341.12,16.0,335.62,45.0,343.0,64.0,4.220000000000027,128.0,80.0,1.1735118235495423,336.9,341.12,208,48.0,-9.0,0.23,342.0,2.0
07:33:40,338.94,62.0,347.23,26.0,337.99,89.0,429.0,17.0,8.29000000000002,151.0,43.0,2.3542153682299745,338.94,347.23,194,108.0,-14.0,0.56,343.25,4.0
07:33:41,341.75,79.0,353.0,14.0,340.33,43.0,511.94,32.0,11.25,122.0,46.0,4.3369055788671975,341.75,353.0,168,76.0,-26.0,0.45,343.25,
07:33:42,343.61,51.0,366.41,17.0,344.32,75.0,414.79,28.0,22.80000000000001,126.0,45.0,7.033538938543498,343.61,366.41,171,81.0,3.0,0.47,353.0,1.0
07:34:03,342.0,18.0,356.72,29.0,338.0,27.0,365.7,23.0,14.720000000000027,45.0,52.0,3.087034175386158,342.0,356.72,97,-7.0,-33.0,-0.07,353.0,
07:34:04,342.0,20.0,343.67,12.0,338.0,30.0,346.45,22.0,1.670000000000016,50.0,34.0,5.443909440834071,342.0,343.67,84,16.0,-13.0,0.19,343.5,2.0
07:34:05,340.11,19.0,342.89,9.0,307.71,21.0,346.86,22.0,2.7799999999999727,40.0,31.0,6.912391047966138,340.11,342.89,71,9.0,-13.0,0.13,342.0,2.0
07:34:06,338.0,21.0,339.0,14.0,240.25,16.0,344.0,7.0,1.0,37.0,21.0,6.987928877714937,338.0,339.0,58,16.0,-13.0,0.28,342.0,
07:34:07,338.0,30.0,344.0,17.0,132.38,32.0,346.42,26.0,6.0,62.0,43.0,4.071955304273645,338.0,344.0,105,19.0,47.0,0.18,342.0,4.0
07:34:08,338.0,24.0,353.69,26.0,210.15,13.0,378.05,19.0,15.689999999999998,37.0,45.0,2.6921608421493555,338.0,353.69,82,-8.0,-23.0,-0.1,348.14,7.0
07:34:10,339.62,8.0,356.0,32.0,338.0,8.0,433.75,16.0,16.379999999999995,16.0,48.0,4.868816077857328,339.62,356.0,64,-32.0,-35.0,-0.5,348.14,
07:34:11,341.91,11.0,355.14,35.0,336.55,11.0,393.44,27.0,13.22999999999996,22.0,62.0,3.5696750552398684,341.91,355.14,84,-40.0,20.0,-0.48,348.14,
07:34:12,343.0,9.0,354.34,32.0,336.0,9.0,360.12,34.0,11.339999999999977,18.0,66.0,1.6228123736284068,343.0,354.34,84,-48.0,0.0,-0.57,348.14,
07:34:13,343.0,16.0,353.62,24.0,336.75,8.0,356.0,32.0,10.620000000000005,24.0,56.0,0.9521554494941216,343.0,353.62000000000006,80,-32.0,-4.0,-0.4,348.14,
07:34:14,344.47,15.0,352.73,33.0,342.4,20.0,357.0,56.0,8.259999999999991,35.0,89.0,0.3481091782781385,344.47,352.73,124,-54.0,44.0,-0.44,348.14,
07:34:17,339.69,13.0,355.26,39.0,331.67,21.0,361.0,46.0,15.569999999999991,34.0,85.0,0.6218761934673334,339.69,355.26,119,-51.0,-43.0,-0.43,348.0,1.0
07:34:18,335.0,9.0,358.42,24.0,332.0,18.0,363.44,25.0,23.420000000000016,27.0,49.0,1.0069409118719364,335.0,358.42,76,-22.0,-43.0,-0.29,346.0,3.0
07:34:19,334.0,15.0,358.0,36.0,332.35,20.0,359.46,70.0,24.0,35.0,106.0,1.3266989108315372,334.0,358.0,141,-71.0,65.0,-0.5,346.0,
07:34:20,338.26,19.0,348.29,73.0,336.95,19.0,351.42,48.0,10.03000000000003,38.0,121.0,2.048675181672756,338.26,348.29,159,-83.0,18.0,-0.52,345.0,5.0
07:34:32,343.4,20.0,351.37,19.0,337.97,97.0,358.82,22.0,7.970000000000027,117.0,41.0,2.365586608010825,343.4,351.37,158,76.0,4.0,0.48,347.0,1.0
07:34:33,338.83,48.0,345.49,49.0,337.67,90.0,351.09,22.0,6.660000000000025,138.0,71.0,4.09567088521537,338.83,345.49000000000007,209,67.0,51.0,0.32,339.0,2.0
07:34:34,339.0,24.0,345.0,60.0,335.25,36.0,351.0,24.0,6.0,60.0,84.0,4.512706504970324,339.0,345.0,144,-24.0,-65.0,-0.17,339.0,
07:34:35,339.47,34.0,344.69,45.0,335.37,38.0,346.35,62.0,5.21999999999997,72.0,107.0,3.865809100305144,339.47,344.69,179,-35.0,35.0,-0.2,339.0,
07:34:36,341.1,20.0,344.78,27.0,335.0,80.0,347.19,16.0,3.67999999999995,100.0,43.0,2.3050639904355004,341.1,344.78,143,57.0,-36.0,0.4,344.0,2.0
07:34:37,343.0,22.0,344.56,27.0,334.8,60.0,346.04,23.0,1.5600000000000025,82.0,50.0,0.763491977693715,343.0,344.56,132,32.0,-11.0,0.24,344.0,2.0
07:34:38,344.0,22.0,345.0,33.0,330.18,57.0,349.0,11.0,1.0,79.0,44.0,1.082866566111688,344.0,345.0,123,35.0,-9.0,0.28,344.0,
07:34:39,332.88,105.0,344.33,18.0,329.88,68.0,345.21,38.0,11.449999999999989,173.0,56.0,2.299260750763747,332.88,344.33,229,117.0,106.0,0.51,344.0,2.0
07:34:40,331.14,168.0,343.22,23.0,329.84,50.0,344.62,24.0,12.08000000000004,218.0,47.0,3.2899240112809576,331.14,343.22,265,171.0,36.0,0.65,344.0,
07:34:41,334.99,170.0,340.38,32.0,332.97,38.0,342.85,26.0,5.389999999999986,208.0,58.0,3.5081220047203927,334.99,340.38,266,150.0,1.0,0.56,344.0,
07:34:42,336.24,182.0,341.93,28.0,330.91,43.0,344.19,32.0,5.689999999999998,225.0,60.0,2.9427402195919234,336.24,341.93,285,165.0,19.0,0.58,339.75,4.0
07:34:43,325.61,115.0,345.0,27.0,324.81,37.0,347.0,27.0,19.389999999999983,152.0,54.0,1.471230777276194,325.61,345.0,206,98.0,-79.0,0.48,339.75,
07:34:44,333.65,85.0,345.0,51.0,332.0,85.0,347.0,79.0,11.350000000000025,170.0,130.0,1.6247215146001606,333.65,345.0,300,40.0,94.0,0.13,339.75,
07:34:45,335.33,75.0,340.33,45.0,330.19,59.0,345.91,55.0,5.0,134.0,100.0,1.5972851968276016,335.33,340.33,234,34.0,-66.0,0.15,339.75,
07:34:46,336.69,64.0,345.0,42.0,327.53,102.0,347.0,70.0,8.310000000000002,166.0,112.0,2.0718301088661613,336.69,345.0,278,54.0,44.0,0.19,339.75,
07:34:47,339.4,60.0,345.0,45.0,336.0,75.0,347.0,75.0,5.600000000000023,135.0,120.0,2.6804328008745606,339.4,345.0,255,15.0,-23.0,0.06,339.75,
07:34:48,342.32,107.0,345.75,53.0,340.98,100.0,347.18,67.0,3.430000000000007,207.0,120.0,2.4217720784590853,342.32,345.75,327,87.0,72.0,0.27,345.0,3.0
07:34:49,343.69,52.0,347.0,75.0,338.9,82.0,348.0,45.0,3.3100000000000023,134.0,120.0,2.921689579678832,343.69,347.0,254,14.0,-73.0,0.06,343.8,5.0
07:34:50,340.36,100.0,347.39,51.0,332.5,80.0,349.67,24.0,7.029999999999973,180.0,75.0,1.756479433413221,340.36,347.39,255,105.0,1.0,0.41,347.44,9.0
07:34:51,335.0,90.0,344.96,49.0,330.87,90.0,347.0,26.0,9.95999999999998,180.0,75.0,2.0675105803849134,335.0,344.9599999999999,255,105.0,0.0,0.41,347.44,
07:34:52,336.09,96.0,343.0,40.0,332.73,98.0,345.4,20.0,6.910000000000025,194.0,60.0,2.6188451653359754,336.09,343.0,254,134.0,-1.0,0.53,347.44,
07:34:53,337.93,210.0,343.0,56.0,335.07,84.0,345.0,28.0,5.069999999999993,294.0,84.0,2.602389286790833,337.93,343.0,378,210.0,124.0,0.56,347.44,
07:34:54,339.57,210.0,343.26,47.0,335.29,84.0,345.72,25.0,3.6899999999999977,294.0,72.0,1.7234645340139072,339.57,343.26,366,222.0,-12.0,0.61,343.67,6.0
07:34:55,341.2,280.0,345.81,64.0,334.0,114.0,347.0,31.0,4.610000000000014,394.0,95.0,1.5692832758950097,341.2,345.81,489,299.0,123.0,0.61,342.0,5.0
07:34:56,339.05,122.0,344.12,48.0,332.56,78.0,345.84,45.0,5.069999999999993,200.0,93.0,1.4751508397461215,339.05,344.12000000000006,293,107.0,-174.5,0.37,344.0,4.0
07:34:57,335.08,104.0,338.0,34.0,334.0,78.0,339.0,26.0,2.920000000000016,182.0,60.0,2.573878396506684,335.08,338.0,242,122.0,-51.0,0.5,338.0,3.0
07:34:58,335.87,90.0,338.4,15.0,333.27,66.0,341.8,30.0,2.5299999999999727,156.0,45.0,3.0401036166558497,335.87,338.4,201,111.0,-41.0,0.55,338.0,1.0
07:34:59,334.43,94.0,339.0,26.0,331.6,60.0,346.0,52.0,4.569999999999993,154.0,78.0,3.229029265894661,334.43,339.0,232,76.0,31.0,0.33,338.0,
07:35:00,336.22,90.0,339.0,24.0,335.12,114.0,346.0,48.0,2.7799999999999727,204.0,72.0,2.0950847238249137,336.22,339.0,276,132.0,44.0,0.48,339.0,1.0
07:35:01,337.74,76.0,342.5,16.0,334.3,94.0,346.35,34.0,4.759999999999991,170.0,50.0,1.456423702088321,337.74,342.5,220,120.0,-56.0,0.55,339.0,1.0
07:35:02,327.74,100.0,346.0,68.0,325.71,141.0,352.0,17.0,18.25999999999999,241.0,85.0,1.401577682472375,327.74,346.0,326,156.0,106.0,0.48,339.0,
07:35:03,327.64,66.0,346.19,53.0,325.4,67.0,348.59,41.0,18.55000000000001,133.0,94.0,1.4267024917636553,327.64,346.19,227,39.0,-99.0,0.17,339.0,
07:35:04,328.81,63.0,347.31,58.0,327.88,50.0,349.33,24.0,18.5,113.0,82.0,1.3302368210226994,328.81,347.31,195,31.0,-32.0,0.16,348.0,1.0
07:35:05,330.0,33.0,346.0,55.0,329.0,74.0,348.0,44.0,16.0,107.0,99.0,1.319344534230756,330.0,346.0,206,8.0,11.0,0.04,348.0,
07:35:06,333.0,84.0,346.0,55.0,331.22,58.0,348.0,44.0,13.0,142.0,99.0,1.0760436794129689,333.0,346.0,241,43.0,35.0,0.18,348.0,
07:35:07,337.33,54.0,346.0,50.0,335.45,66.0,348.0,40.0,8.670000000000016,120.0,90.0,1.8359384521286448,337.33,346.0,210,30.0,-31.0,0.14,348.0,
07:35:08,339.0,27.0,345.22,45.0,338.0,81.0,346.37,43.0,6.220000000000027,108.0,88.0,1.9472724514059525,339.0,345.22,196,20.0,-14.0,0.1,348.0,
07:35:09,339.0,33.0,344.88,51.0,338.0,99.0,345.82,55.0,5.879999999999996,132.0,106.0,1.815276838392578,339.0,344.88,238,26.0,42.0,0.11,348.0,
07:35:10,340.91,69.0,343.81,21.0,339.41,111.0,345.03,61.0,2.8999999999999773,180.0,82.0,1.1546557928683965,340.91,343.81,262,98.0,24.0,0.37,342.83,6.0
07:35:11,336.63,63.0,345.0,21.0,328.17,54.0,346.0,60.0,8.370000000000005,117.0,81.0,0.5925791086467147,336.63,345.0,198,36.0,-64.0,0.18,344.75,4.0
07:35:12,331.0,18.0,345.0,9.0,327.12,34.0,346.0,45.0,14.0,52.0,54.0,1.801882349101775,331.0,345.0,106,-2.0,-92.0,-0.02,344.75,
07:35:13,331.75,24.0,344.19,26.0,326.32,25.0,345.78,32.0,12.439999999999998,49.0,58.0,2.1147623980023,331.75,344.19,107,-9.0,1.0,-0.08,344.75,
07:35:14,332.45,22.0,343.18,33.0,327.0,59.0,345.0,11.0,10.730000000000018,81.0,44.0,2.078408044635213,332.45,343.18,125,37.0,18.0,0.3,344.75,
07:35:15,335.12,16.0,342.75,24.0,328.84,38.0,345.0,8.0,7.6299999999999955,54.0,32.0,1.259841259843576,335.12,342.75,86,22.0,-39.0,0.26,344.75,
07:35:16,337.2,30.0,342.0,45.0,329.0,105.0,345.0,15.0,4.800000000000011,135.0,60.0,0.7731623374196592,337.2,342.0,195,75.0,109.0,0.38,344.75,
07:35:17,339.47,30.0,342.0,42.0,328.72,105.0,345.0,14.0,2.5299999999999727,135.0,56.0,1.205101655464964,339.47,342.0,191,79.0,-4.0,0.41,344.75,
07:35:18,340.8,40.0,343.2,25.0,330.83,120.0,345.91,55.0,2.3999999999999773,160.0,80.0,1.6127058008219126,340.8,343.2,240,80.0,49.0,0.33,342.0,3.0
07:35:19,342.83,24.0,345.0,12.0,329.0,132.0,346.0,60.0,2.170000000000016,156.0,72.0,1.9871889693748563,342.83,345.0,228,84.0,-12.0,0.37,342.0,
07:35:20,344.78,18.0,346.11,36.0,329.0,154.0,348.93,60.0,1.330000000000041,172.0,96.0,2.362291260620861,344.78,346.11,268,76.0,40.0,0.28,346.22,9.0
07:35:22,333.36,42.0,352.0,45.0,332.07,45.0,355.0,53.0,18.639999999999983,87.0,98.0,2.010253715332155,333.36,352.0,185,-11.0,-102.0,-0.06,347.5,2.0
07:35:23,333.62,26.0,349.37,19.0,329.14,98.0,353.05,60.0,15.75,124.0,79.0,2.156872736163792,333.62,349.37,203,45.0,18.0,0.22,347.5,
07:35:24,334.0,22.0,347.64,28.0,330.9,78.0,351.0,23.0,13.639999999999986,100.0,51.0,2.6148804944024486,334.0,347.64,151,49.0,-52.0,0.32,347.25,4.0
07:35:26,343.25,24.0,351.25,32.0,332.67,27.0,352.79,47.0,8.0,51.0,79.0,3.363892091016992,343.25,351.25,130,-28.0,-63.0,-0.22,347.25,
07:35:27,336.11,19.0,345.83,29.0,333.32,50.0,350.61,28.0,9.71999999999997,69.0,57.0,3.616932401912768,336.11,345.83,126,12.0,-4.0,0.1,347.25,
07:35:28,338.69,16.0,344.0,32.0,333.0,32.0,345.0,16.0,5.310000000000002,48.0,48.0,3.640597478437636,338.69,344.0,96,0.0,-30.0,0.0,347.25,
07:35:29,339.73,11.0,343.11,18.0,331.76,29.0,344.07,15.0,3.3799999999999955,40.0,33.0,3.530573607787624,339.73,343.11,73,7.0,-23.0,0.1,347.25,
07:35:30,332.61,36.0,342.0,29.0,329.87,67.0,344.65,17.0,9.389999999999986,103.0,46.0,3.563940235189886,332.61,342.0,149,57.0,76.0,0.38,341.5,2.0
07:35:31,328.08,99.0,342.0,14.0,327.21,33.0,349.36,28.0,13.920000000000016,132.0,42.0,2.894707239083796,328.08,342.0,174,90.0,25.0,0.52,341.5,
07:35:32,329.0,80.0,342.0,10.0,328.0,70.0,348.0,50.0,13.0,150.0,60.0,3.0929468149329167,329.0,342.0,210,90.0,36.0,0.43,341.5,
07:35:33,330.5,128.0,342.0,16.0,327.43,81.0,346.8,50.0,11.5,209.0,66.0,2.560884612785853,330.5,342.0,275,143.0,65.0,0.52,341.5,
07:35:34,332.0,40.0,341.2,5.0,327.0,44.0,344.25,8.0,9.199999999999989,84.0,13.0,0.8961305708450237,332.0,341.2,97,71.0,-174.5,0.73,341.5,
07:35:35,332.0,112.0,345.59,44.0,326.29,112.0,348.75,20.0,13.589999999999977,224.0,64.0,1.4555823576847622,332.0,345.59,288,160.0,173.5,0.56,344.67,6.0
07:35:36,333.12,136.0,343.48,73.0,323.96,138.0,348.31,39.0,10.360000000000014,274.0,112.0,1.4019629096389672,333.12,343.48,386,162.0,98.0,0.42,344.67,
07:35:37,334.63,152.0,349.68,38.0,321.15,192.0,358.07,56.0,15.050000000000011,344.0,94.0,2.3541282887735457,334.63,349.68,438,250.0,52.0,0.57,348.0,3.0
07:35:38,335.81,128.0,349.0,48.0,324.52,54.0,350.0,68.0,13.189999999999998,182.0,116.0,2.5379676908905657,335.81,349.0,298,66.0,-140.0,0.22,348.0,
07:35:39,337.19,128.0,348.0,48.0,326.02,50.0,350.0,90.0,10.810000000000002,178.0,138.0,2.114372247265114,337.19,348.0,316,40.0,18.0,0.13,348.0,
07:35:40,338.39,92.0,346.38,39.0,337.36,55.0,350.67,60.0,7.990000000000009,147.0,99.0,1.8343527468851957,338.39,346.38,246,48.0,-70.0,0.2,348.0,
07:36:12,344.0,30.0,363.0,50.0,340.0,50.0,377.0,30.0,19.0,80.0,80.0,2.585946635180533,344.0,363.0,160,0.0,28.0,0.0,348.0,
07:36:40,339.0,158.0,352.4,30.0,337.0,12.0,353.14,42.0,13.399999999999975,170.0,72.0,4.555822647996887,339.0,352.4,242,98.0,86.0,0.4,348.0,
07:36:41,339.0,150.0,349.92,26.0,146.8,49.0,351.24,34.0,10.920000000000016,199.0,60.0,4.976828307265628,339.0,349.92,259,139.0,17.0,0.54,348.0,
07:36:42,339.0,210.0,347.95,40.0,337.0,14.0,349.87,46.0,8.949999999999989,224.0,86.0,4.505583203093639,339.0,347.95,310,138.0,51.0,0.45,348.0,
07:36:43,339.0,315.0,347.63,76.0,337.0,21.0,355.5,96.0,8.629999999999995,336.0,172.0,2.549082187768513,339.0,347.63,508,164.0,173.5,0.32,348.0,
07:36:44,339.4,90.0,345.5,24.0,337.94,17.0,346.9,40.0,6.100000000000023,107.0,64.0,1.2417004469670525,339.4,345.5,171,43.0,-174.5,0.25,348.0,
07:36:45,341.87,69.0,343.62,48.0,340.26,129.0,345.4,57.0,1.75,198.0,105.0,0.7750935427404441,341.87,343.62000000000006,303,93.0,132.0,0.31,342.5,4.0
07:36:46,342.75,16.0,344.0,24.0,336.14,28.0,347.0,32.0,1.25,44.0,56.0,0.4509212791583954,342.75,344.0,100,-12.0,-174.5,-0.12,342.5,
07:36:47,336.79,19.0,345.75,24.0,331.29,35.0,348.0,44.0,8.95999999999998,54.0,68.0,0.8565804107015413,336.79,345.75,122,-14.0,22.0,-0.11,345.71,7.0
07:36:48,333.83,29.0,350.87,31.0,332.23,26.0,356.25,24.0,17.04000000000002,55.0,55.0,0.7675936424942065,333.83,350.87,110,0.0,-12.0,0.0,345.71,
07:36:49,335.73,40.0,350.0,32.0,334.18,40.0,353.11,38.0,14.269999999999982,80.0,70.0,0.7904871915455451,335.73,350.0,150,10.0,40.0,0.07,345.71,
07:36:50,337.14,42.0,349.33,30.0,336.73,33.0,355.0,30.0,12.189999999999998,75.0,60.0,0.853668553946791,337.14,349.33,135,15.0,-15.0,0.11,345.71,
07:36:51,338.0,16.0,347.34,53.0,337.0,64.0,349.75,32.0,9.339999999999977,80.0,85.0,0.7481777863566572,338.0,347.34000000000003,165,-5.0,30.0,-0.03,345.71,
07:36:52,338.83,18.0,346.38,45.0,337.04,57.0,347.3,60.0,7.550000000000011,75.0,105.0,0.3309531688889576,338.83,346.38,180,-30.0,15.0,-0.17,345.0,2.0
07:36:53,341.43,56.0,345.82,85.0,340.66,29.0,351.38,52.0,4.389999999999986,85.0,137.0,0.4286840328234136,341.43,345.82,222,-52.0,42.0,-0.23,345.0,
07:36:54,337.21,56.0,346.53,47.0,326.8,41.0,354.0,28.0,9.319999999999991,97.0,75.0,0.6708800190776814,337.21,346.53,172,22.0,-50.0,0.13,344.2,5.0
07:36:55,326.14,70.0,346.96,46.0,324.64,55.0,354.14,28.0,20.819999999999997,125.0,74.0,2.8183115512656034,326.14,346.96,199,51.0,27.0,0.26,344.2,
07:36:56,339.8,25.0,352.0,11.0,326.96,52.0,353.73,22.0,12.199999999999989,77.0,33.0,3.460335243874113,339.8,352.0,110,44.0,-89.0,0.4,346.4,5.0
07:36:57,343.0,16.0,352.0,8.0,333.75,52.0,353.0,16.0,9.0,68.0,24.0,4.239569553621881,343.0,352.0,92,44.0,-18.0,0.48,346.4,
07:36:58,343.0,26.0,350.05,20.0,340.0,117.0,352.19,31.0,7.050000000000011,143.0,51.0,4.519366105992946,343.0,350.05,194,92.0,102.0,0.47,347.0,1.0
07:36:59,343.0,16.0,347.0,16.0,327.0,40.0,351.0,32.0,4.0,56.0,48.0,4.42381961657549,343.0,347.0,104,8.0,-90.0,0.08,347.0,
07:37:00,343.5,16.0,347.0,16.0,331.57,28.0,350.62,32.0,3.5,44.0,48.0,1.0108313410252658,343.5,347.0,92,-4.0,-12.0,-0.04,347.0,
07:37:01,344.14,28.0,347.0,28.0,339.0,28.0,351.0,56.0,2.8600000000000136,56.0,84.0,1.0323129370490824,344.14,347.0,140,-28.0,48.0,-0.2,347.0,
07:37:02,345.0,26.0,347.0,26.0,337.31,26.0,351.0,52.0,2.0,52.0,78.0,0.6055328232216246,345.0,347.0,130,-26.0,-10.0,-0.2,347.0,
07:37:03,345.0,20.0,346.67,24.0,337.0,20.0,350.56,36.0,1.670000000000016,40.0,60.0,0.4098170323433139,345.0,346.67,100,-20.0,-30.0,-0.2,347.0,
07:37:04,332.85,26.0,339.38,39.0,327.72,29.0,342.63,27.0,6.529999999999973,55.0,66.0,4.2769182830628765,332.85,339.38,121,-11.0,21.0,-0.09,341.0,4.0
07:37:05,337.0,20.0,339.0,50.0,327.5,24.0,344.0,10.0,2.0,44.0,60.0,4.835445170818974,337.0,339.0,104,-16.0,-17.0,-0.15,341.0,
07:37:06,334.75,24.0,339.0,60.0,327.0,27.0,344.0,12.0,4.25,51.0,72.0,4.928892370502265,334.75,339.0,123,-21.0,19.0,-0.17,341.0,
07:37:07,328.0,16.0,339.0,40.0,325.0,24.0,344.0,8.0,11.0,40.0,48.0,4.645587153417089,328.0,339.0,88,-8.0,-35.0,-0.09,341.0,
07:37:08,328.0,14.0,339.0,35.0,325.0,21.0,344.0,7.0,11.0,35.0,42.0,2.0303201717936825,328.0,339.0,77,-7.0,-11.0,-0.09,341.0,
07:37:09,328.77,44.0,339.0,55.0,325.83,29.0,344.0,11.0,10.230000000000018,73.0,66.0,2.130018779258076,328.77,339.0,139,7.0,62.0,0.05,341.0,
07:37:10,330.66,58.0,338.13,78.0,328.76,123.0,339.31,80.0,7.46999999999997,181.0,158.0,1.4164639070557523,330.66,338.13,339,23.0,173.5,0.07,338.0,1.0
07:37:11,334.29,56.0,337.0,48.0,333.43,56.0,339.0,80.0,2.7099999999999795,112.0,128.0,0.8922611725226682,334.29,337.0,240,-16.0,-99.0,-0.07,338.0,
07:37:12,335.06,48.0,338.6,50.0,329.11,36.0,342.53,68.0,3.5400000000000205,84.0,118.0,1.3693246510568415,335.06,338.6,202,-34.0,-38.0,-0.17,337.0,3.0
07:37:13,335.71,21.0,339.0,60.0,334.55,47.0,344.0,72.0,3.2900000000000205,68.0,132.0,1.4998233229258953,335.71,339.0,200,-64.0,-2.0,-0.32,337.0,
07:37:14,338.24,17.0,341.58,64.0,337.07,28.0,344.35,51.0,3.339999999999975,45.0,115.0,2.0698381579228133,338.24,341.58,160,-70.0,-40.0,-0.44,339.0,5.0
07:37:15,339.62,16.0,342.0,35.0,338.87,23.0,344.0,13.0,2.3799999999999955,39.0,48.0,2.1697810949480947,339.62,342.0,87,-9.0,-73.0,-0.1,342.0,1.0
07:37:16,340.32,19.0,346.52,27.0,326.76,29.0,349.4,47.0,6.199999999999989,48.0,74.0,2.6842745761183124,340.32,346.52,122,-26.0,35.0,-0.21,346.57,14.0
07:37:17,340.0,5.0,347.0,12.0,330.0,15.0,351.5,16.0,7.0,20.0,28.0,2.577799449141822,340.0,347.0,48,-8.0,-74.0,-0.17,346.57,
07:37:18,340.0,14.0,343.79,34.0,326.75,36.0,345.54,52.0,3.790000000000021,50.0,86.0,1.5825833311381754,340.0,343.79,136,-36.0,88.0,-0.26,346.57,
07:37:19,340.0,8.0,341.78,9.0,327.0,24.0,344.8,25.0,1.7799999999999727,32.0,34.0,1.3105838393618905,340.0,341.78,66,-2.0,-70.0,-0.03,342.5,2.0
07:37:20,340.0,11.0,345.25,24.0,327.0,33.0,349.5,48.0,5.25,44.0,72.0,1.0962572690736043,340.0,345.25,116,-28.0,50.0,-0.24,345.67,3.0
07:37:21,340.31,16.0,348.06,32.0,327.38,34.0,349.82,56.0,7.75,50.0,88.0,1.299095839419391,340.31,348.06,138,-38.0,22.0,-0.28,345.67,
07:37:22,341.13,63.0,344.64,44.0,340.78,51.0,345.89,70.0,3.509999999999991,114.0,114.0,1.221363991608037,341.13,344.64,228,0.0,90.0,0.0,345.67,
07:37:23,342.12,8.0,345.0,32.0,330.0,40.0,350.0,16.0,2.8799999999999955,48.0,48.0,1.244254797055972,342.12,345.0,96,0.0,-132.0,0.0,343.0,2.0
07:37:24,343.67,15.0,345.0,60.0,336.24,87.0,350.2,30.0,1.329999999999984,102.0,90.0,0.7625811432214462,343.67,345.0,192,12.0,96.0,0.06,343.0,
07:37:25,327.8,35.0,347.47,59.0,325.1,70.0,348.84,43.0,19.670000000000016,105.0,102.0,2.7879472735324056,327.8,347.47,207,3.0,15.0,0.01,344.0,1.0
07:37:26,327.0,60.0,345.02,61.0,325.73,105.0,346.55,65.0,18.019999999999985,165.0,126.0,3.784815715460458,327.0,345.02,291,39.0,84.0,0.13,346.0,2.0
07:37:27,327.0,48.0,341.44,18.0,326.0,84.0,342.69,51.0,14.439999999999998,132.0,69.0,4.54766643455696,327.0,341.44,201,63.0,-90.0,0.31,346.0,
07:37:28,328.46,39.0,341.6,35.0,324.52,69.0,342.76,74.0,13.140000000000043,108.0,109.0,4.053804386005287,328.46,341.6,217,-1.0,16.0,-0.0,341.0,1.0
07:37:29,329.0,42.0,340.91,33.0,326.0,120.0,341.95,41.0,11.910000000000023,162.0,74.0,1.3207005716646742,329.0,340.91,236,88.0,19.0,0.37,341.0,1.0
07:37:30,329.25,24.0,340.0,36.0,327.8,30.0,341.0,24.0,10.75,54.0,60.0,0.66530444158693,329.25,340.0,114,-6.0,-122.0,-0.05,341.0,
07:37:31,331.29,28.0,339.27,30.0,329.4,20.0,340.4,30.0,7.979999999999961,48.0,60.0,0.4100609710704728,331.29,339.2699999999999,108,-12.0,-6.0,-0.11,341.0,
07:37:32,333.54,13.0,342.0,33.0,331.94,31.0,345.0,22.0,8.45999999999998,44.0,55.0,1.2742252548099446,333.54,342.0,99,-11.0,-9.0,-0.11,339.2,5.0
07:37:33,336.12,42.0,341.57,58.0,334.41,22.0,343.78,37.0,5.449999999999989,64.0,95.0,1.8906004337235476,336.12,341.57000000000005,159,-31.0,60.0,-0.19,339.2,
07:37:34,338.0,39.0,340.23,65.0,337.0,13.0,342.0,39.0,2.230000000000018,52.0,104.0,2.0625421207810404,338.0,340.23,156,-52.0,-3.0,-0.33,339.0,1.0
07:37:35,326.24,75.0,341.08,39.0,323.72,50.0,344.0,32.0,14.839999999999977,125.0,71.0,2.375137890733049,326.24,341.08,196,54.0,40.0,0.28,339.0,4.0
07:37:36,324.12,41.0,345.31,29.0,323.85,53.0,348.73,44.0,21.19,94.0,73.0,2.483368679837081,324.12,345.31,167,21.0,-29.0,0.13,342.67,6.0
07:37:37,326.89,9.0,344.53,17.0,324.0,53.0,347.86,29.0,17.639999999999986,62.0,46.0,2.4575190741875588,326.89,344.53,108,16.0,-59.0,0.15,342.67,
07:37:38,328.0,16.0,342.16,19.0,324.88,32.0,359.54,28.0,14.160000000000023,48.0,47.0,2.073287244931476,328.0,342.16,95,1.0,-13.0,0.01,345.1,10.0
07:38:00,344.0,81.0,378.11,45.0,263.0,27.0,426.91,35.0,34.110000000000014,108.0,80.0,14.615143858340875,344.0,378.11,188,28.0,24.0,0.15,345.0,8.0
07:38:01,344.18,88.0,364.68,44.0,318.0,60.0,393.27,40.0,20.5,148.0,84.0,14.911212894999409,344.18,364.68,232,64.0,44.0,0.28,350.0,3.0
07:38:03,344.98,41.0,347.38,48.0,343.76,59.0,348.57,56.0,2.3999999999999773,100.0,104.0,14.8856088219459,344.98,347.37999999999994,204,-4.0,-7.0,-0.02,346.0,4.0
07:38:04,338.57,42.0,344.52,62.0,321.4,60.0,365.92,26.0,5.949999999999989,102.0,88.0,7.767321288577721,338.57,344.52,190,14.0,-14.0,0.07,343.33,9.0
07:38:05,332.0,30.0,347.83,46.0,268.57,42.0,363.6,10.0,15.829999999999984,72.0,56.0,5.650383172846955,332.0,347.83,128,16.0,-62.0,0.12,341.6,5.0
07:38:06,336.0,24.0,358.0,32.0,193.92,39.0,363.5,20.0,22.0,63.0,52.0,3.2367298311709365,336.0,358.0,115,11.0,-13.0,0.1,341.6,
07:38:07,284.17,18.0,358.0,12.0,228.0,21.0,361.0,24.0,73.82999999999998,39.0,36.0,10.533965065443866,284.17,358.0,75,3.0,-40.0,0.04,341.6,
07:38:23,343.61,33.0,347.47,64.0,339.19,42.0,348.79,76.0,3.8600000000000136,75.0,140.0,2.237393572885914,343.61,347.47,215,-65.0,-17.0,-0.3,347.0,1.0
07:38:24,343.59,34.0,348.34,35.0,339.89,36.0,354.12,43.0,4.75,70.0,78.0,2.5211445813342457,343.59,348.34,148,-8.0,-67.0,-0.05,346.75,4.0
07:38:25,344.36,55.0,348.0,55.0,342.18,22.0,349.0,33.0,3.6399999999999855,77.0,88.0,2.2763303802372192,344.36,348.0,165,-11.0,17.0,-0.07,346.75,
07:38:26,345.0,70.0,347.64,70.0,342.0,28.0,349.0,42.0,2.6399999999999864,98.0,112.0,1.3987422922006731,345.0,347.64,210,-14.0,45.0,-0.07,346.75,
07:38:27,343.99,126.0,347.25,55.0,340.94,33.0,352.2,25.0,3.259999999999991,159.0,80.0,0.3407051511068241,343.99,347.25,239,79.0,29.0,0.33,345.0,5.0
07:38:28,344.24,187.0,346.12,51.0,342.0,34.0,354.18,17.0,1.8799999999999957,221.0,68.0,0.4598695467094047,344.24,346.12,289,153.0,50.0,0.53,345.0,
07:38:29,345.0,138.0,346.0,28.0,342.13,30.0,354.0,15.0,1.0,168.0,43.0,0.477912125804208,345.0,346.0,211,125.0,-78.0,0.59,345.0,3.0
07:39:39,344.18,28.0,361.5,36.0,339.1,73.0,362.97,31.0,17.319999999999993,101.0,67.0,1.8400461950708653,344.18,361.5,168,34.0,21.0,0.2,347.5,2.0
07:39:40,344.0,36.0,356.85,47.0,339.0,96.0,359.68,40.0,12.850000000000025,132.0,87.0,2.9642149044889257,344.0,356.85,219,45.0,51.0,0.21,347.5,
07:39:41,344.0,42.0,354.43,47.0,339.0,112.0,356.18,51.0,10.430000000000009,154.0,98.0,3.5542551962392626,344.0,354.43,252,56.0,33.0,0.22,347.5,
07:39:42,343.44,72.0,351.91,57.0,338.89,113.0,353.17,46.0,8.470000000000027,185.0,103.0,3.89557826259378,343.44,351.91,288,82.0,36.0,0.28,347.5,
07:39:43,344.0,40.0,350.0,32.0,339.0,64.0,351.0,24.0,6.0,104.0,56.0,2.326149178361577,344.0,350.0,160,48.0,-128.0,0.3,347.5,
07:40:25,343.0,26.0,356.82,28.0,342.6,10.0,365.78,37.0,13.819999999999991,36.0,65.0,3.678155787891008,343.0,356.82,101,-29.0,-36.0,-0.29,352.0,4.0
07:40:26,342.0,18.0,346.0,18.0,340.0,6.0,349.0,6.0,4.0,24.0,24.0,5.887907098451445,342.0,346.0,48,0.0,-53.0,0.0,352.0,
07:40:27,342.84,38.0,346.0,30.0,341.85,26.0,347.6,10.0,3.160000000000025,64.0,40.0,6.759372751964044,342.84,346.0,104,24.0,56.0,0.23,352.0,
07:40:28,343.36,44.0,346.21,29.0,342.0,33.0,353.59,17.0,2.849999999999966,77.0,46.0,6.830940638008284,343.36,346.21,123,31.0,19.0,0.25,346.25,4.0
07:40:29,344.22,37.0,349.0,13.0,341.48,44.0,360.0,26.0,4.779999999999973,81.0,39.0,2.429306485396981,344.22,349.0,120,42.0,-3.0,0.35,346.25,
07:40:36,338.76,17.0,343.55,31.0,334.71,35.0,350.07,43.0,4.7900000000000205,52.0,74.0,5.483370313957807,338.76,343.55,126,-22.0,-18.0,-0.17,342.0,5.0
07:40:37,335.57,14.0,350.6,25.0,334.4,30.0,350.68,44.0,15.03000000000003,44.0,69.0,6.259327439908662,335.57,350.6,113,-25.0,-13.0,-0.22,344.14,7.0
07:40:38,336.4,10.0,355.5,40.0,331.1,30.0,358.43,35.0,19.100000000000023,40.0,75.0,5.537582505028082,336.4,355.5,115,-35.0,2.0,-0.3,344.14,
07:40:45,344.25,48.0,354.0,60.0,341.05,59.0,355.0,45.0,9.75,107.0,105.0,3.024494999168431,344.25,354.0,212,2.0,40.0,0.01,344.14,
07:40:47,343.19,69.0,352.29,41.0,336.08,131.0,355.33,36.0,9.100000000000025,200.0,77.0,2.7656699007643906,343.19,352.29,277,123.0,97.0,0.44,351.0,4.0
07:40:48,340.0,87.0,350.8,45.0,335.0,225.0,357.38,47.0,10.800000000000011,312.0,92.0,2.7173093309363368,340.0,350.8,404,220.0,127.0,0.54,351.0,
07:40:49,340.03,37.0,348.42,36.0,335.46,84.0,354.42,50.0,8.390000000000043,121.0,86.0,3.1453425886528183,340.03,348.42,207,35.0,-174.5,0.17,340.0,1.0
07:40:50,341.56,16.0,345.81,48.0,340.0,48.0,347.29,56.0,4.25,64.0,104.0,3.468021049531393,341.56,345.81,168,-40.0,-39.0,-0.24,340.0,
07:40:51,343.06,16.0,345.0,48.0,337.75,48.0,346.0,112.0,1.9399999999999975,64.0,160.0,1.6531575847426787,343.06,345.0,224,-96.0,56.0,-0.43,340.0,
07:40:52,339.43,23.0,344.95,37.0,336.41,34.0,346.0,76.0,5.519999999999982,57.0,113.0,1.1551320270825352,339.43,344.95,170,-56.0,-54.0,-0.33,344.5,2.0
07:40:53,337.0,39.0,343.69,26.0,334.38,16.0,345.64,44.0,6.689999999999998,55.0,70.0,1.6317107586797943,337.0,343.69,125,-15.0,-45.0,-0.12,344.5,
07:40:54,337.0,45.0,353.07,54.0,334.0,15.0,355.17,53.0,16.069999999999993,60.0,107.0,1.8275119698626945,337.0,353.07,167,-47.0,42.0,-0.28,344.83,12.0
07:40:55,336.54,13.0,353.98,41.0,333.16,25.0,354.83,24.0,17.439999999999998,38.0,65.0,2.080223545677601,336.54,353.98,103,-27.0,-64.0,-0.26,344.83,
07:40:56,334.86,14.0,352.47,32.0,331.5,107.0,353.65,48.0,17.610000000000014,121.0,80.0,2.057510631805213,334.86,352.47,201,41.0,98.0,0.2,344.83,
07:40:57,337.0,8.0,349.97,29.0,331.0,128.0,351.15,13.0,12.970000000000027,136.0,42.0,1.962197747422904,337.0,349.97,178,94.0,-23.0,0.53,344.83,
07:40:58,337.0,12.0,348.33,12.0,331.0,192.0,351.81,69.0,11.329999999999984,204.0,81.0,1.0979162080922344,337.0,348.33,285,123.0,107.0,0.43,344.83,
07:40:59,337.73,11.0,348.0,11.0,331.3,101.0,351.0,55.0,10.269999999999982,112.0,66.0,1.0228782918761894,337.73,348.0,178,46.0,-107.0,0.26,344.83,
07:41:00,339.06,16.0,346.62,16.0,336.19,16.0,349.75,80.0,7.560000000000002,32.0,96.0,0.4382008671733997,339.06,346.62,128,-64.0,-50.0,-0.5,344.83,
07:41:01,340.0,10.0,348.62,42.0,335.4,10.0,350.16,38.0,8.620000000000005,20.0,80.0,0.6766609195095588,340.0,348.62,100,-60.0,-28.0,-0.6,346.0,1.0
07:41:02,342.72,93.0,344.87,69.0,340.07,15.0,348.14,71.0,2.1499999999999773,108.0,140.0,0.7180041782549234,342.72,344.87,248,-32.0,148.0,-0.13,346.0,
07:41:03,343.0,77.0,344.0,23.0,334.64,11.0,345.31,39.0,1.0,88.0,62.0,0.6279729293461135,343.0,344.0,150,26.0,-98.0,0.17,344.0,1.0
07:41:04,343.51,68.0,346.0,16.0,334.0,12.0,353.45,44.0,2.490000000000009,80.0,60.0,0.7391549228622957,343.51,346.0,140,20.0,-10.0,0.14,343.0,2.0
07:41:05,344.51,47.0,348.0,13.0,342.89,45.0,354.0,65.0,3.490000000000009,92.0,78.0,1.0842647278186115,344.51,348.0,170,14.0,30.0,0.08,344.6,5.0
07:41:09,340.54,35.0,350.08,49.0,333.27,37.0,354.67,60.0,9.539999999999964,72.0,109.0,2.347119511229009,340.54,350.08,181,-37.0,79.0,-0.2,344.6,
07:41:10,339.14,22.0,351.65,102.0,335.88,24.0,354.52,122.0,12.509999999999993,46.0,224.0,2.52359465841721,339.14,351.65,270,-178.0,89.0,-0.66,346.0,3.0
07:41:11,340.62,13.0,353.89,61.0,337.31,13.0,354.61,79.0,13.269999999999982,26.0,140.0,2.524048335510212,340.62,353.89,166,-114.0,-104.0,-0.69,346.0,
07:41:15,343.77,31.0,352.8,60.0,337.26,84.0,354.0,60.0,9.03000000000003,115.0,120.0,2.532415842627749,343.77,352.8,235,-5.0,107.0,-0.02,351.4,5.0
07:41:16,334.0,26.0,352.0,52.0,331.0,104.0,354.92,102.0,18.0,130.0,154.0,3.998015757846904,334.0,352.0,284,-24.0,49.0,-0.08,351.4,
07:41:17,334.0,24.0,350.92,48.0,331.0,96.0,354.83,72.0,16.920000000000016,120.0,120.0,4.9998169966502175,334.0,350.92,240,0.0,-44.0,0.0,351.4,
07:41:18,334.73,66.0,338.27,51.0,331.38,84.0,348.84,74.0,3.539999999999964,150.0,125.0,6.233311319033638,334.73,338.27,275,25.0,35.0,0.09,338.67,3.0
07:41:19,335.53,136.0,338.0,68.0,333.0,34.0,339.0,34.0,2.4700000000000277,170.0,102.0,4.916687909557936,335.53,338.0,272,68.0,-3.0,0.25,338.67,
07:41:20,336.0,152.0,337.74,76.0,333.0,38.0,339.0,38.0,1.740000000000009,190.0,114.0,3.305543828176141,336.0,337.74,304,76.0,32.0,0.25,338.67,
07:41:21,336.0,80.0,337.12,34.0,330.18,68.0,340.33,24.0,1.1200000000000043,148.0,58.0,2.592547010180048,336.0,337.12,206,90.0,-98.0,0.44,337.4,5.0
07:41:22,337.0,46.0,339.0,17.0,336.0,136.0,343.0,68.0,2.0,182.0,85.0,0.612143773956466,337.0,339.0,267,97.0,61.0,0.36,337.4,
07:41:23,337.0,20.0,343.86,37.0,336.0,80.0,349.3,40.0,6.860000000000014,100.0,77.0,1.6133908391935212,337.0,343.86,177,23.0,-90.0,0.13,342.2,5.0
07:41:24,337.0,36.0,344.0,48.0,335.17,96.0,350.0,48.0,7.0,132.0,96.0,1.8968052087638068,337.0,344.0,228,36.0,51.0,0.16,342.2,
07:41:25,336.25,85.0,343.4,60.0,333.33,120.0,346.4,60.0,7.149999999999977,205.0,120.0,1.7249405786847964,336.25,343.4,325,85.0,97.0,0.26,342.2,
07:41:26,337.82,51.0,342.4,50.0,336.0,136.0,343.41,68.0,4.579999999999984,187.0,118.0,1.027068644245992,337.82,342.4,305,69.0,-20.0,0.23,342.2,
07:41:27,338.53,45.0,341.54,52.0,330.21,67.0,343.25,64.0,3.010000000000048,112.0,116.0,0.282400424916795,338.53,341.54,228,-4.0,-77.0,-0.02,340.0,2.0
07:41:28,341.0,13.0,342.0,52.0,340.0,39.0,344.0,52.0,1.0,52.0,104.0,0.6651917016869014,341.0,342.0,156,-52.0,-72.0,-0.33,340.0,
07:41:29,340.57,21.0,342.0,48.0,338.32,31.0,344.0,52.0,1.4300000000000068,52.0,100.0,0.7804934336642873,340.57,342.0,152,-48.0,-4.0,-0.32,342.0,1.0
07:41:30,334.43,21.0,343.51,37.0,324.73,30.0,345.62,26.0,9.079999999999984,51.0,63.0,1.0318769306429534,334.43,343.51,114,-12.0,-38.0,-0.11,342.0,3.0
07:41:31,327.0,8.0,347.33,27.0,323.0,80.0,350.04,26.0,20.329999999999984,88.0,53.0,1.7869890878215622,327.0,347.33,141,35.0,27.0,0.25,345.71,7.0
07:41:32,327.17,12.0,346.5,40.0,323.1,63.0,348.67,36.0,19.329999999999984,75.0,76.0,2.2043865359763024,327.17,346.5,151,-1.0,10.0,-0.01,345.71,
07:41:33,328.0,20.0,346.0,50.0,325.73,44.0,347.0,40.0,18.0,64.0,90.0,1.9042898938958632,328.0,346.0,154,-26.0,3.0,-0.17,345.71,
07:41:34,330.17,12.0,346.0,30.0,327.12,17.0,347.0,24.0,15.829999999999984,29.0,54.0,0.900638662280324,330.17,346.0,83,-25.0,-71.0,-0.3,345.71,
07:41:35,339.73,22.0,346.0,60.0,326.45,33.0,347.0,48.0,6.269999999999982,55.0,108.0,2.5461284335229117,339.73,346.0,163,-53.0,80.0,-0.33,345.71,
07:41:36,327.68,22.0,346.0,60.0,326.09,54.0,347.0,48.0,18.319999999999997,76.0,108.0,2.589501882600952,327.68,346.0,184,-32.0,21.0,-0.17,345.71,
07:41:37,328.0,30.0,345.56,45.0,327.0,10.0,346.44,45.0,17.560000000000002,40.0,90.0,2.5967903265365675,328.0,345.56,130,-50.0,-54.0,-0.38,345.71,
07:41:38,328.0,36.0,345.0,103.0,327.0,12.0,346.0,60.0,17.0,48.0,163.0,2.6685801468185124,328.0,345.0,211,-115.0,81.0,-0.55,345.71,
07:41:39,328.93,45.0,345.33,49.0,326.42,31.0,346.58,83.0,16.399999999999977,76.0,132.0,2.713764912440641,328.93,345.33,208,-56.0,-3.0,-0.27,345.25,12.0
07:41:40,331.0,57.0,343.6,50.0,325.33,156.0,346.92,98.0,12.600000000000025,213.0,148.0,0.3124099870269844,331.0,343.6,361,65.0,153.0,0.18,345.25,
07:41:41,331.0,27.0,340.0,45.0,325.0,66.0,344.67,30.0,9.0,93.0,75.0,0.7096618913216842,331.0,340.0,168,18.0,-174.5,0.11,345.25,
07:41:42,333.5,48.0,340.0,80.0,323.75,16.0,344.0,80.0,6.5,64.0,160.0,0.7083290195906663,333.5,340.0,224,-96.0,56.0,-0.43,345.25,
07:41:43,336.08,39.0,340.0,65.0,324.69,13.0,344.0,65.0,3.920000000000016,52.0,130.0,0.933450587869672,336.08,340.0,182,-78.0,-42.0,-0.43,345.25,
07:41:44,337.64,33.0,340.0,55.0,328.64,11.0,344.0,55.0,2.3600000000000136,44.0,110.0,1.2648003795042746,337.64,340.0,154,-66.0,-28.0,-0.43,345.25,
07:41:45,338.0,39.0,340.0,65.0,332.57,21.0,344.0,65.0,2.0,60.0,130.0,1.480884870607453,338.0,340.0,190,-70.0,36.0,-0.37,345.25,
07:41:46,330.36,14.0,341.21,33.0,318.96,98.0,344.17,60.0,10.849999999999966,112.0,93.0,1.3826134673125583,330.36,341.21,205,19.0,15.0,0.09,340.0,5.0
07:41:47,330.8,15.0,343.96,57.0,318.29,102.0,344.92,60.0,13.159999999999968,117.0,117.0,1.3033341858456788,330.8,343.96,234,0.0,29.0,0.0,340.0,
07:41:48,329.41,39.0,343.0,22.0,326.27,11.0,344.0,55.0,13.589999999999977,50.0,77.0,1.46714689107605,329.41,343.0,127,-27.0,-107.0,-0.21,340.0,
07:41:49,328.5,70.0,343.0,27.0,326.0,14.0,344.0,70.0,14.5,84.0,97.0,1.3842434756914328,328.5,343.0,181,-13.0,54.0,-0.07,343.0,1.0
07:41:50,329.0,60.0,342.0,12.0,326.0,12.0,344.0,60.0,13.0,72.0,72.0,0.7470809862354356,329.0,342.0,144,0.0,-37.0,0.0,343.0,
07:41:51,330.5,70.0,343.58,64.0,324.04,92.0,344.85,103.0,13.079999999999984,162.0,167.0,0.8117450338588037,330.5,343.58,329,-5.0,173.5,-0.02,342.0,1.0
07:41:52,331.0,50.0,341.62,34.0,325.59,68.0,344.05,60.0,10.620000000000005,118.0,94.0,0.5922583895518144,331.0,341.62,212,24.0,-117.0,0.11,342.0,
07:41:53,332.14,70.0,343.93,83.0,326.38,94.0,344.85,47.0,11.79000000000002,164.0,130.0,1.0317315542302483,332.14,343.93,294,34.0,82.0,0.12,342.0,
07:41:54,335.26,69.0,342.86,28.0,325.88,83.0,344.0,98.0,7.600000000000023,152.0,126.0,1.402889874506913,335.26,342.86,278,26.0,-16.0,0.09,342.0,
07:41:55,338.13,71.0,342.0,30.0,336.69,64.0,344.0,105.0,3.870000000000005,135.0,135.0,1.5078527779572768,338.13,342.0,270,0.0,-8.0,0.0,342.0,
07:41:56,339.08,65.0,342.0,26.0,337.0,52.0,344.0,91.0,2.920000000000016,117.0,117.0,1.6926665353793358,339.08,342.0,234,0.0,-36.0,0.0,342.0,
07:41:57,339.58,66.0,343.17,48.0,332.38,65.0,344.21,78.0,3.590000000000032,131.0,126.0,1.2965646917884497,339.58,343.17,257,5.0,23.0,0.02,342.0,2.0
07:41:58,338.62,64.0,343.33,84.0,336.14,66.0,344.15,106.0,4.70999999999998,130.0,190.0,0.8955556934061467,338.62,343.33,320,-60.0,63.0,-0.19,342.0,
07:41:59,339.79,67.0,342.46,79.0,333.64,66.0,343.89,112.0,2.669999999999959,133.0,191.0,0.5181505572629749,339.79,342.46,324,-58.0,4.0,-0.18,341.0,4.0
07:42:00,333.23,35.0,341.04,49.0,327.83,36.0,342.4,75.0,7.810000000000002,71.0,124.0,1.7578594938140748,333.23,341.0400000000001,195,-53.0,-129.0,-0.27,339.0,1.0
07:42:01,332.86,21.0,344.0,119.0,331.14,28.0,345.15,52.0,11.139999999999986,49.0,171.0,1.91084536265825,332.86,344.0,220,-122.0,25.0,-0.55,339.0,
07:42:02,337.39,23.0,343.88,34.0,336.2,20.0,344.92,49.0,6.490000000000009,43.0,83.0,1.785231077477822,337.39,343.88,126,-40.0,-94.0,-0.32,339.0,
07:42:03,339.79,14.0,344.71,35.0,338.0,14.0,346.5,48.0,4.919999999999959,28.0,83.0,2.0851450788835857,339.79,344.71,111,-55.0,-15.0,-0.5,343.5,4.0
07:42:04,341.71,14.0,344.92,36.0,338.0,14.0,346.66,53.0,3.2100000000000364,28.0,89.0,2.577291213656718,341.71,344.92,117,-61.0,6.0,-0.52,343.5,
07:42:05,342.53,15.0,344.32,19.0,337.76,17.0,345.34,47.0,1.7900000000000205,32.0,66.0,2.101373360445812,342.53,344.32,98,-34.0,-19.0,-0.35,344.0,1.0
07:42:06,328.68,53.0,344.36,28.0,327.54,56.0,346.81,53.0,15.680000000000009,109.0,81.0,2.8608040827696706,328.68,344.36,190,28.0,92.0,0.15,344.67,3.0
07:42:07,328.65,80.0,342.0,26.0,326.47,15.0,345.0,13.0,13.350000000000025,95.0,39.0,3.926076922322361,328.65,342.0,134,56.0,-56.0,0.42,344.67,
07:42:08,329.0,62.0,341.11,18.0,326.06,17.0,345.0,9.0,12.110000000000014,79.0,27.0,4.2733265730567584,329.0,341.11,106,52.0,-28.0,0.49,344.67,
07:42:09,329.31,58.0,340.0,22.0,327.47,36.0,345.0,11.0,10.689999999999998,94.0,33.0,3.657469070271676,329.31,340.0,127,61.0,21.0,0.48,344.67,
07:42:10,328.9,70.0,339.6,20.0,327.77,35.0,343.16,38.0,10.700000000000044,105.0,58.0,0.8607090100579142,328.9,339.6,163,47.0,36.0,0.29,344.67,
07:42:11,330.71,98.0,338.29,28.0,328.0,14.0,341.0,42.0,7.580000000000041,112.0,70.0,0.4304880950678004,330.71,338.29,182,42.0,19.0,0.23,344.67,
07:42:12,331.0,63.0,339.15,13.0,327.6,10.0,342.35,37.0,8.149999999999977,73.0,50.0,0.3597221149653287,331.0,339.15,123,23.0,-59.0,0.19,339.5,4.0
07:42:13,332.69,112.0,339.76,45.0,323.5,72.0,342.59,44.0,7.069999999999993,184.0,89.0,0.7755772044065057,332.69,339.76,273,95.0,150.0,0.35,339.0,5.0
07:42:14,333.0,91.0,341.0,13.0,323.0,78.0,343.0,65.0,8.0,169.0,78.0,1.169059451009558,333.0,341.0,247,91.0,-26.0,0.37,339.0,
07:42:15,334.75,56.0,341.0,8.0,322.44,18.0,343.0,40.0,6.25,74.0,48.0,1.377200058086838,334.75,341.0,122,26.0,-125.0,0.21,339.0,
07:42:16,335.14,98.0,346.39,38.0,323.75,40.0,347.27,49.0,11.25,138.0,87.0,2.151836425008584,335.14,346.39,225,51.0,103.0,0.23,344.82,11.0
07:42:17,336.31,91.0,346.0,65.0,326.69,13.0,348.48,58.0,9.689999999999998,104.0,123.0,2.2335017349429207,336.31,346.0,227,-19.0,2.0,-0.08,344.82,
07:42:18,339.1,90.0,346.82,85.0,337.93,61.0,371.47,62.0,7.71999999999997,151.0,147.0,2.457635042066316,339.1,346.82,298,4.0,71.0,0.01,346.44,9.0
07:42:22,333.44,36.0,347.8,30.0,328.39,101.0,349.85,46.0,14.360000000000014,137.0,76.0,3.27509999847168,333.44,347.8,213,61.0,55.0,0.29,347.0,4.0
07:42:23,334.1,58.0,346.84,38.0,332.05,76.0,349.67,36.0,12.739999999999952,134.0,74.0,3.8483606899548,334.1,346.84,208,60.0,-5.0,0.29,347.0,
07:42:24,337.56,50.0,346.0,42.0,336.33,36.0,347.0,28.0,8.439999999999998,86.0,70.0,3.7784388310504538,337.56,346.0,156,16.0,-52.0,0.1,347.0,
07:42:25,339.55,44.0,345.55,33.0,337.0,22.0,347.0,22.0,6.0,66.0,55.0,3.066833872251704,339.55,345.55,121,11.0,-35.0,0.09,347.0,
07:42:26,340.79,38.0,350.46,41.0,339.14,28.0,378.85,46.0,9.66999999999996,66.0,87.0,2.0947911590396293,340.79,350.46,153,-21.0,32.0,-0.14,347.62,8.0
07:42:27,342.11,54.0,348.92,65.0,341.33,36.0,389.86,70.0,6.810000000000002,90.0,135.0,2.301010647517762,342.11000000000007,348.92,225,-45.0,72.0,-0.2,347.62,
07:42:28,343.0,30.0,344.0,43.0,337.18,76.0,346.4,60.0,1.0,106.0,103.0,1.7349438031215545,343.0,344.0,209,3.0,-16.0,0.01,344.0,4.0
07:42:29,335.26,62.0,344.43,46.0,330.4,40.0,349.09,44.0,9.170000000000016,102.0,90.0,2.387561517529952,335.26,344.43,192,12.0,-17.0,0.06,344.0,1.0
07:42:30,338.09,22.0,342.17,77.0,335.73,60.0,345.0,68.0,4.080000000000041,82.0,145.0,2.812886417897126,338.09,342.17,227,-63.0,35.0,-0.28,341.0,2.0
07:42:31,327.69,96.0,337.91,35.0,325.46,65.0,342.88,34.0,10.220000000000027,161.0,69.0,4.846436835448413,327.69,337.91,230,92.0,3.0,0.4,341.0,1.0
07:42:32,326.0,66.0,337.0,39.0,325.0,50.0,340.0,20.0,11.0,116.0,59.0,5.160274217519112,326.0,337.0,175,57.0,-55.0,0.33,341.0,
07:42:33,326.94,149.0,337.0,48.0,325.93,68.0,339.0,16.0,10.060000000000002,217.0,64.0,4.353096598973336,326.94,337.0,281,153.0,106.0,0.54,341.0,
07:42:34,327.44,180.0,337.0,54.0,326.25,72.0,339.0,18.0,9.560000000000002,252.0,72.0,3.611624288321469,327.44,337.0,324,180.0,43.0,0.56,341.0,
07:42:35,328.42,240.0,337.0,72.0,327.0,72.0,339.0,24.0,8.579999999999984,312.0,96.0,0.5374476718657721,328.42,337.0,408,216.0,84.0,0.53,341.0,
07:42:36,329.7,200.0,337.0,42.0,327.0,60.0,339.0,20.0,7.300000000000011,260.0,62.0,0.7094716343828877,329.7,337.0,322,198.0,-86.0,0.61,341.0,
07:42:37,330.0,220.0,337.0,33.0,327.0,66.0,339.0,22.0,7.0,286.0,55.0,0.6733127059500903,330.0,337.0,341,231.0,19.0,0.68,341.0,
07:42:38,331.65,68.0,337.0,39.0,329.93,246.0,339.0,26.0,5.350000000000023,314.0,65.0,0.8008433055184312,331.65,337.0,379,249.0,38.0,0.66,341.0,
07:42:39,333.45,44.0,337.0,21.0,330.1,124.0,339.0,14.0,3.550000000000012,168.0,35.0,0.9738429031386616,333.45,337.0,203,133.0,-174.5,0.66,341.0,
07:42:40,334.14,195.0,339.62,26.0,333.67,99.0,343.96,52.0,5.480000000000018,294.0,78.0,1.4517678877814046,334.14,339.62,372,216.0,169.0,0.58,338.33,6.0
07:42:41,338.08,37.0,341.56,18.0,336.21,28.0,343.22,46.0,3.480000000000018,65.0,64.0,2.500979807993848,338.08,341.56,129,1.0,-174.5,0.01,341.5,2.0
07:42:42,340.11,248.0,343.21,66.0,339.83,232.0,344.33,97.0,3.099999999999966,480.0,163.0,3.0945145014998072,340.11,343.21,643,317.0,173.5,0.49,342.0,2.0
07:42:43,342.7,135.0,345.3,43.0,341.49,206.0,350.94,106.0,2.6000000000000227,341.0,149.0,3.5395508189588103,342.7,345.3,490,192.0,-153.0,0.39,344.44,9.0
07:43:04,337.57,37.0,347.8,40.0,333.4,30.0,348.5,32.0,10.230000000000018,67.0,72.0,4.157965848824356,337.57,347.8,139,-5.0,-92.0,-0.04,346.0,3.0
07:43:05,336.43,69.0,344.54,52.0,333.12,68.0,345.35,68.0,8.110000000000014,137.0,120.0,5.072688636215534,336.43,344.54,257,17.0,118.0,0.07,346.0,
07:43:06,337.0,39.0,342.88,50.0,332.72,58.0,344.13,30.0,5.879999999999996,97.0,80.0,4.999064912560223,337.0,342.88,177,17.0,-80.0,0.1,346.0,
07:43:07,337.0,18.0,338.0,48.0,333.0,72.0,342.0,48.0,1.0,90.0,96.0,4.539842508280587,337.0,338.0,186,-6.0,9.0,-0.03,337.0,3.0
07:43:08,333.53,38.0,338.0,32.0,332.43,42.0,344.0,16.0,4.470000000000027,80.0,48.0,2.693432753939126,333.53,338.0,128,32.0,-58.0,0.25,337.0,
07:43:09,334.5,48.0,338.0,48.0,331.17,72.0,344.0,24.0,3.5,120.0,72.0,2.1385205166171395,334.5,338.0,192,48.0,64.0,0.25,337.0,
07:43:10,335.7,80.0,344.38,48.0,331.0,120.0,349.37,92.0,8.680000000000007,200.0,140.0,2.012664900074648,335.7,344.37999999999994,340,60.0,148.0,0.18,340.29,7.0
07:43:11,338.16,76.0,349.13,70.0,332.47,114.0,350.07,69.0,10.96999999999997,190.0,139.0,3.250618402703137,338.16,349.13,329,51.0,-11.0,0.16,349.0,2.0
07:43:12,339.0,36.0,348.29,17.0,335.0,54.0,351.9,20.0,9.29000000000002,90.0,37.0,3.825136598867017,339.0,348.29,127,53.0,-174.5,0.42,348.0,5.0
07:43:13,339.83,48.0,349.14,14.0,335.4,40.0,354.14,28.0,9.310000000000002,88.0,42.0,3.455839984720268,339.83,349.14,130,46.0,3.0,0.35,348.0,1.0
07:43:14,340.75,48.0,350.29,28.0,335.11,72.0,354.39,46.0,9.54000000000002,120.0,74.0,2.065737156559553,340.75,350.29,194,46.0,64.0,0.24,348.0,
07:43:15,341.0,40.0,348.0,30.0,335.0,80.0,351.0,40.0,7.0,120.0,70.0,0.7753386356879792,341.0,348.0,190,50.0,-4.0,0.26,348.0,
07:43:16,341.0,44.0,347.94,32.0,335.0,88.0,352.47,43.0,6.939999999999998,132.0,75.0,0.6634229420139414,341.0,347.94,207,57.0,17.0,0.28,347.0,2.0
07:43:17,342.09,45.0,348.0,36.0,338.0,59.0,354.0,48.0,5.910000000000025,104.0,84.0,0.4666154733721291,342.09,348.0,188,20.0,-19.0,0.11,347.0,
07:43:18,343.0,56.0,348.64,42.0,340.12,34.0,354.0,56.0,5.639999999999986,90.0,98.0,0.6022457969883639,343.0,348.64,188,-8.0,0.0,-0.04,347.0,
07:43:19,343.79,34.0,349.0,33.0,338.0,22.0,354.0,44.0,5.20999999999998,56.0,77.0,0.8459196179248053,343.79,349.0,133,-21.0,-55.0,-0.16,343.0,1.0
07:43:20,344.95,63.0,349.0,39.0,338.0,26.0,354.0,52.0,4.050000000000011,89.0,91.0,1.01025739293995,344.95,349.0,180,-2.0,47.0,-0.01,343.0,
07:43:23,345.0,33.0,346.43,37.0,335.0,66.0,349.08,48.0,1.4300000000000068,99.0,85.0,0.7234638899000949,345.0,346.43,184,14.0,-100.0,0.08,343.0,
07:43:24,338.75,48.0,346.42,38.0,334.35,46.0,349.55,49.0,7.670000000000016,94.0,87.0,2.0042879034683887,338.75,346.42,181,7.0,-3.0,0.04,345.0,3.0
07:43:25,335.55,66.0,341.29,56.0,334.53,64.0,346.73,62.0,5.740000000000009,130.0,118.0,3.7755701556175953,335.55,341.29,248,12.0,67.0,0.05,345.0,
07:43:26,336.0,80.0,337.0,80.0,335.0,120.0,338.85,80.0,1.0,200.0,160.0,4.472298066988742,336.0,337.0,360,40.0,112.0,0.11,345.0,
07:43:27,336.0,40.0,337.64,25.0,335.0,60.0,339.95,42.0,1.6399999999999864,100.0,67.0,4.008890120718224,336.0,337.64,167,33.0,-174.5,0.2,337.0,4.0
07:43:28,337.33,58.0,339.0,40.0,335.56,54.0,343.0,50.0,1.670000000000016,112.0,90.0,2.432718643820675,337.33,339.0,202,22.0,35.0,0.11,337.0,
07:43:29,338.0,42.0,342.45,29.0,336.0,40.0,349.67,30.0,4.449999999999989,82.0,59.0,1.4807025359581765,338.0,342.45,141,23.0,-61.0,0.16,339.0,4.0
07:43:30,338.73,105.0,343.0,75.0,334.8,90.0,351.05,63.0,4.269999999999982,195.0,138.0,1.9692841338904905,338.73,343.0,333,57.0,173.5,0.17,339.0,
07:43:31,340.14,98.0,342.65,46.0,334.0,84.0,344.17,46.0,2.509999999999991,182.0,92.0,1.935401767073824,340.14,342.65,274,90.0,-59.0,0.33,339.0,
07:43:32,341.0,112.0,342.0,32.0,333.25,96.0,343.0,80.0,1.0,208.0,112.0,1.3671503209201652,341.0,342.0,320,96.0,46.0,0.3,339.0,
07:43:33,341.0,84.0,348.0,32.0,332.0,72.0,350.5,60.0,7.0,156.0,92.0,1.6469122623842307,341.0,348.0,248,64.0,-72.0,0.26,344.33,9.0
07:43:34,341.9,70.0,350.0,30.0,332.3,60.0,355.0,50.0,8.100000000000023,130.0,80.0,2.245980854769478,341.9,350.0,210,50.0,-38.0,0.24,344.33,
07:43:35,344.82,77.0,350.0,33.0,333.09,66.0,355.0,55.0,5.180000000000007,143.0,88.0,2.6727831935999893,344.82,350.0,231,55.0,21.0,0.24,344.33,
07:43:36,342.37,92.0,350.79,38.0,332.94,102.0,355.03,68.0,8.420000000000016,194.0,106.0,2.320036637639608,342.37,350.79,300,88.0,69.0,0.29,350.0,3.0
07:43:37,337.73,44.0,345.0,17.0,332.45,93.0,353.31,89.0,7.269999999999982,137.0,106.0,2.3758472173079763,337.73,345.0,243,31.0,-57.0,0.13,350.0,
07:43:38,340.0,38.0,351.51,43.0,338.85,52.0,353.52,54.0,11.509999999999993,90.0,97.0,2.355073247266413,340.0,351.51,187,-7.0,-56.0,-0.04,345.0,1.0
07:43:39,341.78,36.0,353.0,34.0,339.48,42.0,353.64,25.0,11.220000000000027,78.0,59.0,2.519613065530071,341.78,353.0,137,19.0,-50.0,0.14,352.12,8.0
07:44:15,344.58,57.0,346.21,58.0,340.8,30.0,350.73,33.0,1.6299999999999957,87.0,91.0,4.182226679651255,344.58,346.21,178,-4.0,-174.0,-0.02,345.17,6.0
07:44:16,341.0,32.0,345.75,32.0,340.0,32.0,354.75,48.0,4.75,64.0,80.0,4.227236686061882,341.0,345.75,144,-16.0,-34.0,-0.11,345.17,
07:44:17,341.0,30.0,347.3,33.0,340.0,30.0,357.05,60.0,6.300000000000011,60.0,93.0,3.112903789067063,341.0,347.3,153,-33.0,9.0,-0.22,343.0,2.0
07:44:18,338.8,15.0,355.57,47.0,336.33,48.0,357.31,32.0,16.769999999999982,63.0,79.0,1.6004061984347648,338.8,355.57,142,-16.0,-11.0,-0.11,340.0,5.0
07:44:19,338.0,14.0,353.93,56.0,336.0,56.0,356.0,28.0,15.930000000000009,70.0,84.0,1.4989763173541026,338.0,353.93,154,-14.0,12.0,-0.09,340.0,
07:44:20,338.0,14.0,352.07,56.0,336.0,56.0,355.45,60.0,14.069999999999991,70.0,116.0,1.496873408137273,338.0,352.07,186,-46.0,32.0,-0.25,340.0,
07:44:21,338.0,9.0,345.0,23.0,336.0,36.0,346.52,29.0,7.0,45.0,52.0,2.1460824774431706,338.0,345.0,97,-7.0,-89.0,-0.07,340.0,
07:44:22,338.0,12.0,340.15,26.0,336.0,48.0,342.83,35.0,2.1499999999999773,60.0,61.0,3.363521963654913,338.0,340.15,121,-1.0,24.0,-0.01,340.0,
07:44:23,338.0,12.0,340.92,24.0,336.0,48.0,344.85,39.0,2.920000000000016,60.0,63.0,3.159702517641421,338.0,340.92,123,-3.0,2.0,-0.02,340.56,9.0
07:44:24,339.0,16.0,350.56,18.0,336.93,15.0,355.0,54.0,11.560000000000002,31.0,72.0,2.8369913641020523,339.0,350.56,103,-41.0,-20.0,-0.4,340.56,
07:44:33,338.29,28.0,349.19,27.0,333.82,17.0,353.22,36.0,10.899999999999975,45.0,63.0,2.4045207422660435,338.29,349.19,108,-18.0,46.0,-0.17,345.8,5.0
07:44:34,334.0,32.0,342.71,59.0,329.0,16.0,343.79,34.0,8.70999999999998,48.0,93.0,4.848991647754021,334.0,342.71,141,-45.0,33.0,-0.32,345.8,
07:44:35,334.0,30.0,340.98,46.0,329.0,15.0,342.12,48.0,6.980000000000018,45.0,94.0,5.567268630126364,334.0,340.98,139,-49.0,-2.0,-0.35,340.38,8.0
07:44:36,334.0,16.0,339.0,8.0,328.3,20.0,342.36,11.0,5.0,36.0,19.0,5.268910703360813,334.0,339.0,55,17.0,-84.0,0.31,340.38,
07:44:37,334.0,18.0,338.8,10.0,328.0,63.0,340.88,17.0,4.800000000000011,81.0,27.0,3.0375681062308657,334.0,338.8,108,54.0,53.0,0.5,340.38,
07:44:38,334.0,26.0,336.62,13.0,328.0,91.0,338.0,26.0,2.6200000000000045,117.0,39.0,1.159642186189919,334.0,336.62,156,78.0,48.0,0.5,340.38,
07:44:39,334.18,17.0,336.0,10.0,328.65,55.0,338.0,20.0,1.8199999999999927,72.0,30.0,0.9758944615025952,334.18,336.0,102,42.0,-54.0,0.41,340.38,
07:44:40,335.0,10.0,338.0,20.0,333.4,20.0,341.0,20.0,3.0,30.0,40.0,0.6993210993466935,335.0,338.0,70,-10.0,-32.0,-0.14,336.0,1.0
07:44:41,336.76,42.0,345.47,30.0,328.67,61.0,349.33,24.0,8.710000000000036,103.0,54.0,2.446256323444324,336.76,345.47,157,49.0,87.0,0.31,342.29,7.0
07:44:42,336.0,12.0,345.25,60.0,328.0,94.0,347.0,24.0,9.25,106.0,84.0,2.9204160662465948,336.0,345.25,190,22.0,33.0,0.12,342.29,
07:44:43,338.0,31.0,343.93,76.0,334.73,55.0,345.74,27.0,5.930000000000007,86.0,103.0,2.8458162273750465,338.0,343.93,189,-17.0,-1.0,-0.09,342.29,
07:44:44,339.06,64.0,342.42,95.0,338.52,31.0,344.0,22.0,3.3600000000000136,95.0,117.0,1.9592268883391049,339.06,342.42,212,-22.0,23.0,-0.1,342.29,
07:44:45,339.0,32.0,341.04,24.0,337.04,51.0,342.85,68.0,2.0400000000000205,83.0,92.0,0.4216277979341962,339.0,341.04,175,-9.0,-37.0,-0.05,340.0,5.0
07:44:46,334.0,10.0,338.5,10.0,326.0,30.0,345.25,12.0,4.5,40.0,22.0,1.9712813091974024,334.0,338.5,62,18.0,-113.0,0.29,340.0,
07:44:47,326.73,33.0,336.38,13.0,325.11,79.0,338.0,13.0,9.649999999999975,112.0,26.0,4.028109978636556,326.73,336.38,138,86.0,76.0,0.62,340.0,
07:44:48,326.0,36.0,334.41,17.0,325.0,84.0,339.38,32.0,8.410000000000025,120.0,49.0,4.786191596665541,326.0,334.41,169,71.0,31.0,0.42,340.0,
07:44:49,327.45,33.0,337.33,36.0,325.12,72.0,340.23,52.0,9.879999999999995,105.0,88.0,4.005487485936284,327.45,337.33,193,17.0,24.0,0.09,334.0,2.0
07:44:50,334.0,20.0,340.0,50.0,325.2,30.0,341.0,30.0,6.0,50.0,80.0,2.9845719961147386,334.0,340.0,130,-30.0,-63.0,-0.23,334.0,
07:44:51,334.0,18.0,340.0,45.0,325.0,27.0,341.0,27.0,6.0,45.0,72.0,3.171461808061436,334.0,340.0,117,-27.0,-13.0,-0.23,334.0,
07:44:52,334.89,18.0,340.0,45.0,332.58,19.0,341.0,27.0,5.110000000000014,37.0,72.0,3.298692165084842,334.89,340.0,109,-35.0,-8.0,-0.32,334.0,
07:44:53,335.0,24.0,340.0,37.0,334.0,18.0,341.0,27.0,5.0,42.0,64.0,2.179559588538893,335.0,340.0,106,-22.0,-3.0,-0.21,340.0,1.0
07:44:54,335.69,32.0,340.0,48.0,334.0,24.0,341.65,31.0,4.310000000000002,56.0,79.0,0.3589986072278648,335.69,340.0,135,-23.0,29.0,-0.17,340.0,
07:44:55,338.85,80.0,340.0,48.0,333.42,24.0,341.8,15.0,1.1499999999999773,104.0,63.0,0.936653617935352,338.85,340.0,167,41.0,32.0,0.25,340.0,
07:44:56,339.0,86.0,340.63,19.0,329.33,18.0,341.67,9.0,1.6299999999999957,104.0,28.0,1.1316271470723844,339.0,340.63,132,76.0,-35.0,0.58,340.0,6.0
07:44:57,339.0,72.0,343.0,16.0,325.0,16.0,344.0,8.0,4.0,88.0,24.0,1.4476947191970329,339.0,343.0,112,64.0,-20.0,0.57,340.0,
07:44:58,340.47,153.0,343.0,34.0,325.0,34.0,344.0,17.0,2.5299999999999727,187.0,51.0,1.5037220487812015,340.47,343.0,238,136.0,126.0,0.57,340.0,
07:44:59,342.0,73.0,343.0,24.0,325.71,34.0,344.0,12.0,1.0,107.0,36.0,1.284803486915565,342.0,343.0,143,71.0,-95.0,0.5,342.0,5.0
07:45:00,337.33,18.0,342.6,10.0,326.5,12.0,343.5,8.0,5.270000000000039,30.0,18.0,1.1457224794819858,337.33,342.6,48,12.0,-95.0,0.25,342.0,4.0
07:45:01,328.0,8.0,341.0,4.0,325.0,8.0,343.0,8.0,13.0,16.0,12.0,3.182439315994994,328.0,341.0,28,4.0,-20.0,0.14,342.0,
07:45:02,330.21,120.0,344.0,22.0,327.62,26.0,535.62,13.0,13.79000000000002,146.0,35.0,3.3326896045072747,330.21,344.0,181,111.0,153.0,0.61,342.33,3.0
07:45:03,331.0,143.0,343.64,28.0,325.92,52.0,379.71,21.0,12.639999999999986,195.0,49.0,3.05233025735929,331.0,343.64,244,146.0,63.0,0.6,342.33,
07:45:04,331.87,104.0,343.08,12.0,329.04,102.0,344.92,12.0,11.20999999999998,206.0,24.0,1.9387031748029957,331.87,343.08,230,182.0,-14.0,0.79,342.33,
07:45:05,334.74,38.0,340.57,70.0,333.0,209.0,342.32,19.0,5.829999999999984,247.0,89.0,1.3058981583535627,334.74,340.57,336,158.0,106.0,0.47,342.33,
07:45:06,336.99,120.0,339.27,22.0,336.15,75.0,340.42,45.0,2.2799999999999727,195.0,67.0,0.3895253521802473,336.99,339.27,262,128.0,-74.0,0.49,338.0,2.0
07:45:07,337.0,173.0,338.26,27.0,331.65,34.0,339.78,45.0,1.259999999999991,207.0,72.0,0.3047950130680298,337.0,338.26,279,135.0,17.0,0.48,337.0,2.0
07:45:08,332.0,30.0,337.57,35.0,328.0,30.0,339.91,55.0,5.569999999999993,60.0,90.0,1.3333716661123156,332.0,337.57,150,-30.0,-129.0,-0.2,337.0,
07:45:09,332.29,17.0,337.0,35.0,328.57,14.0,339.0,7.0,4.70999999999998,31.0,42.0,1.701352403234308,332.29,337.0,73,-11.0,-77.0,-0.15,337.0,
07:45:10,333.72,82.0,337.3,53.0,332.27,37.0,339.9,89.0,3.579999999999984,119.0,142.0,1.6293925248359202,333.72,337.3,261,-23.0,173.5,-0.09,337.0,
07:45:11,335.87,45.0,339.5,12.0,334.62,39.0,341.2,75.0,3.629999999999996,84.0,87.0,1.499373202371978,335.87,339.5,171,-3.0,-90.0,-0.02,339.8,5.0
07:45:12,338.91,57.0,342.5,48.0,333.37,60.0,343.67,48.0,3.589999999999975,117.0,96.0,2.564277676070051,338.91,342.5,213,21.0,42.0,0.1,340.0,1.0
07:45:13,340.94,18.0,343.0,65.0,326.46,130.0,347.0,13.0,2.0600000000000023,148.0,78.0,3.1849615382279763,340.94,343.0,226,70.0,13.0,0.31,340.4,5.0
07:45:14,326.91,46.0,342.58,38.0,324.08,78.0,343.52,46.0,15.66999999999996,124.0,84.0,3.158050031267943,326.91,342.58,208,40.0,-18.0,0.19,341.0,1.0
07:45:15,325.0,16.0,341.0,8.0,324.0,112.0,343.0,40.0,16.0,128.0,48.0,3.809707337839931,325.0,341.0,176,80.0,-32.0,0.45,341.0,
07:45:16,331.86,14.0,341.0,11.0,326.45,22.0,343.0,55.0,9.139999999999986,36.0,66.0,3.845792506102141,331.86,341.0,102,-30.0,-74.0,-0.29,341.0,
07:45:17,329.18,17.0,341.0,10.0,327.0,20.0,343.0,50.0,11.819999999999991,37.0,60.0,3.4245028836301707,329.18,341.0,97,-23.0,-5.0,-0.24,341.0,
07:45:18,330.59,51.0,341.71,14.0,328.17,23.0,343.13,46.0,11.120000000000005,74.0,60.0,1.3603970008755646,330.59,341.71,134,14.0,37.0,0.1,341.0,1.0
07:45:19,332.43,122.0,346.27,22.0,331.62,34.0,350.92,50.0,13.839999999999977,156.0,72.0,2.305315596613886,332.43,346.27,228,84.0,94.0,0.37,343.0,5.0
07:45:20,335.17,63.0,347.55,29.0,333.18,55.0,349.0,30.0,12.379999999999995,118.0,59.0,2.595318862874323,335.17,347.55,177,59.0,-51.0,0.33,337.6,5.0
07:45:21,336.2,140.0,344.36,44.0,326.03,37.0,346.48,56.0,8.160000000000025,177.0,100.0,2.702152845416281,336.2,344.36,277,77.0,100.0,0.28,337.6,
07:45:22,337.0,79.0,338.36,42.0,329.0,12.0,340.5,24.0,1.3600000000000136,91.0,66.0,2.0729761214233267,337.0,338.36,157,25.0,-120.0,0.16,337.0,5.0
07:45:23,337.0,20.0,338.52,23.0,329.0,10.0,347.17,29.0,1.5199999999999818,30.0,52.0,1.5969909204473478,337.0,338.52,82,-22.0,-75.0,-0.27,338.67,6.0
07:45:24,337.0,16.0,342.0,8.0,329.0,8.0,352.1,39.0,5.0,24.0,47.0,1.5998999968720755,337.0,342.0,71,-23.0,-11.0,-0.32,338.67,
07:45:25,337.9,78.0,342.0,11.0,335.22,18.0,353.0,44.0,4.100000000000023,96.0,55.0,1.2313732171812226,337.9,342.0,151,41.0,80.0,0.27,338.67,
07:45:26,338.89,180.0,340.38,52.0,335.97,39.0,346.15,39.0,1.490000000000009,219.0,91.0,1.0952077428466358,338.89,340.38,310,128.0,159.0,0.41,340.0,2.0
07:45:27,339.0,100.0,346.0,20.0,329.0,50.0,353.2,25.0,7.0,150.0,45.0,1.700382309950138,339.0,346.0,195,105.0,-115.0,0.54,340.67,3.0
07:45:28,339.0,88.0,341.18,39.0,329.0,45.0,352.3,20.0,2.180000000000007,133.0,59.0,1.2324487818937655,339.0,341.18,192,74.0,-3.0,0.39,339.0,2.0
07:45:29,339.22,72.0,344.33,30.0,329.0,45.0,356.91,44.0,5.109999999999957,117.0,74.0,1.267110887014807,339.22,344.33,191,43.0,-1.0,0.23,340.0,5.0
07:45:30,340.64,88.0,347.0,22.0,330.45,55.0,355.5,36.0,6.360000000000014,143.0,58.0,1.7238561424873908,340.64,347.0,201,85.0,10.0,0.42,340.0,
07:45:31,340.3,56.0,344.4,20.0,334.41,46.0,350.0,20.0,4.099999999999966,102.0,40.0,1.353059496101904,340.3,344.4,142,62.0,-59.0,0.44,342.0,2.0
07:45:32,338.0,10.0,348.0,20.0,335.0,50.0,353.11,18.0,10.0,60.0,38.0,1.4066875985774334,338.0,348.0,98,22.0,-44.0,0.22,342.0,
07:45:50,345.0,20.0,354.92,49.0,342.0,60.0,355.88,41.0,9.920000000000016,80.0,90.0,0.845860508590642,345.0,354.92,170,-10.0,29.0,-0.06,346.33,3.0
07:45:52,343.18,39.0,352.0,48.0,334.11,57.0,353.0,48.0,8.819999999999993,96.0,96.0,1.4803648198984036,343.18,352.0,192,0.0,20.0,0.0,343.2,5.0
07:45:58,345.0,74.0,346.18,44.0,342.0,42.0,349.0,36.0,1.1800000000000068,116.0,80.0,1.1744573214861804,345.0,346.18,196,36.0,13.0,0.18,345.0,4.0
07:45:59,342.9,30.0,353.75,20.0,335.89,71.0,363.0,28.0,10.850000000000025,101.0,48.0,1.1216371962414882,342.9,353.75,149,53.0,-47.0,0.36,345.0,3.0
07:46:01,337.0,66.0,342.91,11.0,332.0,44.0,357.71,14.0,5.910000000000025,110.0,25.0,4.083803374305954,337.0,342.91,135,85.0,0.0,0.63,345.0,
07:46:02,337.0,78.0,348.4,15.0,332.0,52.0,357.73,45.0,11.399999999999975,130.0,60.0,4.373891859659181,337.0,348.4,190,70.0,55.0,0.37,338.0,1.0
07:46:03,339.98,94.0,354.49,49.0,334.59,58.0,357.18,55.0,14.509999999999993,152.0,104.0,4.442716511324211,339.98,354.49000000000007,256,48.0,66.0,0.19,338.0,
07:46:04,344.0,140.0,352.58,26.0,341.0,70.0,352.79,62.0,8.579999999999984,210.0,88.0,4.438538047599996,344.0,352.58,298,122.0,42.0,0.41,338.0,
07:46:05,343.46,99.0,350.21,14.0,340.26,73.0,352.0,70.0,6.75,172.0,84.0,3.534652741075565,343.46000000000004,350.21,256,88.0,-42.0,0.34,344.0,5.0
07:46:06,342.47,60.0,349.13,15.0,341.0,75.0,351.31,64.0,6.659999999999968,135.0,79.0,2.1356895841841355,342.47,349.13,214,56.0,-42.0,0.26,344.0,
07:46:07,344.66,71.0,346.4,15.0,343.25,80.0,355.57,69.0,1.7399999999999525,151.0,84.0,1.118065293259927,344.66,346.4,235,67.0,21.0,0.29,344.0,
07:46:08,345.0,61.0,346.67,21.0,344.0,240.0,364.65,49.0,1.670000000000016,301.0,70.0,1.1391531942599022,345.0,346.67,371,231.0,136.0,0.62,345.0,3.0
07:46:09,344.55,44.0,353.0,28.0,343.78,138.0,391.43,56.0,8.449999999999989,182.0,84.0,1.3354512345991698,344.55,353.0,266,98.0,-105.0,0.37,344.5,4.0
07:46:10,345.0,14.0,353.0,14.0,344.0,56.0,358.0,28.0,8.0,70.0,42.0,1.739376325006244,345.0,353.0,112,28.0,-154.0,0.25,344.5,
07:46:57,345.0,16.0,350.5,52.0,344.0,32.0,353.86,51.0,5.5,48.0,103.0,2.524816825037211,345.0,350.5,151,-55.0,-2.0,-0.36,344.5,
07:46:58,345.0,10.0,348.0,20.0,344.0,20.0,349.0,30.0,3.0,30.0,50.0,2.780773273748073,345.0,348.0,80,-20.0,-71.0,-0.25,344.5,
07:47:05,343.21,52.0,360.93,43.0,340.17,24.0,361.52,31.0,17.720000000000027,76.0,74.0,1.125224422054233,343.21,360.93,150,2.0,-11.0,0.01,344.5,
07:47:06,344.94,88.0,357.96,51.0,341.0,36.0,360.22,64.0,13.019999999999982,124.0,115.0,1.2209709251195715,344.94,357.96,239,9.0,89.0,0.04,345.0,2.0
07:48:06,345.0,28.0,355.0,14.0,343.0,224.0,356.0,14.0,10.0,252.0,28.0,1.354005169853194,345.0,355.0,280,224.0,136.0,0.8,345.0,
07:48:07,345.0,30.0,351.83,24.0,343.0,240.0,353.57,30.0,6.829999999999984,270.0,54.0,1.5090990689780432,345.0,351.83,324,216.0,44.0,0.67,345.0,
07:48:08,342.65,119.0,348.81,21.0,340.53,136.0,350.04,54.0,6.160000000000025,255.0,75.0,2.460898210002143,342.65,348.81,330,180.0,6.0,0.55,343.0,5.0
07:48:09,341.06,16.0,346.75,16.0,340.0,96.0,349.77,52.0,5.689999999999998,112.0,68.0,3.0757519405819127,341.06,346.75,180,44.0,-150.0,0.24,343.0,
07:48:10,339.92,24.0,345.23,40.0,337.46,89.0,347.93,28.0,5.310000000000002,113.0,68.0,3.081514238162037,339.92,345.23,181,45.0,1.0,0.25,339.17,6.0
07:48:11,337.0,24.0,344.42,48.0,334.0,12.0,346.0,12.0,7.420000000000016,36.0,60.0,2.960037161928444,337.0,344.42,96,-24.0,-85.0,-0.25,339.17,
07:48:12,337.0,16.0,343.25,32.0,334.0,8.0,346.0,8.0,6.25,24.0,40.0,2.304131072660386,337.0,343.25,64,-16.0,-32.0,-0.25,339.17,
07:48:13,337.0,16.0,342.82,17.0,334.0,8.0,344.88,8.0,5.819999999999993,24.0,25.0,1.7316119657706857,337.0,342.82,49,-1.0,-15.0,-0.02,343.0,3.0
07:48:14,337.13,23.0,342.0,23.0,334.5,12.0,343.0,11.0,4.8700000000000045,35.0,34.0,1.1892770913462811,337.13,342.0,69,1.0,20.0,0.01,343.0,
07:48:15,340.52,56.0,342.0,35.0,337.38,32.0,351.42,38.0,1.4800000000000182,88.0,73.0,0.6719598202283803,340.52,342.0,161,15.0,92.0,0.09,341.75,4.0
07:48:16,334.56,32.0,342.0,10.0,328.26,31.0,353.0,40.0,7.439999999999998,63.0,50.0,1.0730191051430116,334.56,342.0,113,13.0,-48.0,0.12,341.75,
07:48:17,330.0,39.0,341.53,19.0,326.0,52.0,352.23,43.0,11.529999999999973,91.0,62.0,2.0776741804245744,330.0,341.53,153,29.0,40.0,0.19,341.75,
07:48:18,330.0,39.0,340.64,22.0,326.0,52.0,341.92,13.0,10.639999999999986,91.0,35.0,2.518118345114862,330.0,340.64,126,56.0,-27.0,0.44,341.0,2.0
07:48:19,331.33,15.0,339.67,30.0,330.0,36.0,341.67,15.0,8.340000000000032,51.0,45.0,2.5566149494996298,331.33,339.67,96,6.0,-30.0,0.06,341.0,
07:48:20,334.33,18.0,340.22,18.0,330.0,36.0,342.0,18.0,5.890000000000043,54.0,36.0,1.2933367697572011,334.33,340.22,90,18.0,-6.0,0.2,341.0,
07:48:21,336.0,16.0,338.88,16.0,324.0,31.0,340.85,26.0,2.8799999999999955,47.0,42.0,1.0178408520030011,336.0,338.88,89,5.0,-1.0,0.06,341.0,
07:48:22,336.0,14.0,337.29,14.0,322.94,32.0,342.0,14.0,1.2900000000000205,46.0,28.0,0.9853324312159696,336.0,337.29,74,18.0,-15.0,0.24,341.0,
07:48:23,323.72,36.0,340.89,9.0,320.67,36.0,345.65,23.0,17.16999999999996,72.0,32.0,2.1124582836133494,323.72,340.89,104,40.0,30.0,0.38,337.0,1.0
07:48:24,323.95,38.0,342.0,12.0,322.37,19.0,346.0,36.0,18.05000000000001,57.0,48.0,2.482976036937777,323.95,342.0,105,9.0,1.0,0.09,337.0,
07:48:25,325.0,36.0,342.0,12.0,323.0,12.0,346.0,36.0,17.0,48.0,48.0,2.309452316028232,325.0,342.0,96,0.0,-9.0,0.0,337.0,
07:48:26,327.75,48.0,342.0,12.0,325.91,22.0,346.0,36.0,14.25,70.0,48.0,1.724311456787537,327.75,342.0,118,22.0,22.0,0.19,337.0,
07:48:27,329.0,39.0,339.13,46.0,325.56,18.0,343.41,17.0,10.129999999999995,57.0,63.0,0.9894089144582104,329.0,339.13,120,-6.0,2.0,-0.05,337.0,
07:48:28,329.62,48.0,341.61,31.0,325.0,16.0,347.0,16.0,11.990000000000007,64.0,47.0,1.0604574484667482,329.62,341.61,111,17.0,-9.0,0.15,343.36,11.0
07:48:29,331.0,36.0,351.11,36.0,328.67,12.0,352.67,12.0,20.110000000000014,48.0,48.0,3.034218185959388,331.0,351.11,96,0.0,-15.0,0.0,343.36,
07:48:30,331.0,51.0,351.0,68.0,329.0,17.0,352.0,17.0,20.0,68.0,85.0,3.425489746007845,331.0,351.0,153,-17.0,57.0,-0.11,343.36,
07:48:31,334.9,59.0,350.49,74.0,330.07,28.0,352.54,26.0,15.590000000000032,87.0,100.0,3.792304048992264,334.9,350.49,187,-13.0,34.0,-0.07,334.0,1.0
07:48:32,334.17,217.0,349.43,88.0,333.13,127.0,351.0,42.0,15.259999999999993,344.0,130.0,2.7767931143679827,334.17,349.43,474,214.0,173.5,0.45,337.0,1.0
07:48:33,336.88,170.0,348.38,64.0,335.44,98.0,350.62,32.0,11.5,268.0,96.0,0.8158002206422902,336.88,348.38,364,172.0,-110.0,0.47,337.75,4.0
07:48:34,339.0,240.0,344.67,60.0,338.0,20.0,346.24,68.0,5.670000000000016,260.0,128.0,0.6966706538959777,339.0,344.67,388,132.0,24.0,0.34,337.75,
07:48:35,340.9,164.0,344.0,62.0,332.83,75.0,347.64,56.0,3.1000000000000227,239.0,118.0,0.4337049688435075,340.9,344.0,357,121.0,-31.0,0.34,341.25,4.0
07:48:36,342.44,86.0,346.0,48.0,331.2,35.0,349.5,24.0,3.5600000000000023,121.0,72.0,0.984850242422298,342.44,346.0,193,49.0,-164.0,0.25,342.0,2.0
07:48:37,337.84,45.0,347.0,30.0,329.64,33.0,352.0,15.0,9.160000000000023,78.0,45.0,0.8961863645465351,337.84,347.0,123,33.0,-70.0,0.27,345.5,6.0
07:49:26,345.0,33.0,346.73,52.0,341.33,54.0,349.37,38.0,1.7300000000000182,87.0,90.0,0.993065959539555,345.0,346.73,177,-3.0,0.0,-0.02,346.0,2.0
07:49:27,342.78,18.0,344.64,39.0,337.73,62.0,345.72,50.0,1.8600000000000136,80.0,89.0,1.6258167178367822,342.78,344.64,169,-9.0,-8.0,-0.05,344.0,1.0
07:49:28,337.08,61.0,341.46,35.0,333.2,101.0,343.35,17.0,4.379999999999996,162.0,52.0,3.1914416804949104,337.08,341.46,214,110.0,45.0,0.51,342.0,1.0
07:49:29,337.83,75.0,340.77,39.0,335.04,105.0,346.28,39.0,2.9399999999999977,180.0,78.0,3.518206929673451,337.83,340.77,258,102.0,44.0,0.4,339.0,4.0
07:49:30,337.0,56.0,348.43,49.0,330.0,13.0,350.1,62.0,11.430000000000009,69.0,111.0,2.8722848048206013,337.0,348.43,180,-42.0,-78.0,-0.23,337.0,1.0
07:49:31,331.92,52.0,346.46,65.0,330.0,13.0,348.52,81.0,14.539999999999964,65.0,146.0,2.196173945753185,331.92,346.46,211,-81.0,31.0,-0.38,337.0,
07:49:32,331.0,48.0,341.92,60.0,330.0,12.0,344.17,60.0,10.920000000000016,60.0,120.0,2.217527902869997,331.0,341.92,180,-60.0,-31.0,-0.33,337.0,
07:49:33,331.0,44.0,339.88,40.0,330.0,11.0,340.91,55.0,8.879999999999995,55.0,95.0,2.841364109016636,331.0,339.88,150,-40.0,-30.0,-0.27,337.0,
07:49:34,332.78,37.0,338.07,54.0,330.98,45.0,339.33,30.0,5.2900000000000205,82.0,84.0,3.122968139448234,332.78,338.07,166,-2.0,16.0,-0.01,337.0,
07:49:35,333.0,39.0,338.0,65.0,331.0,52.0,339.0,26.0,5.0,91.0,91.0,1.617105438742464,333.0,338.0,182,0.0,16.0,0.0,337.0,
07:49:36,333.0,36.0,337.65,85.0,331.0,48.0,338.29,42.0,4.649999999999977,84.0,127.0,0.4685082710169841,333.0,337.65,211,-43.0,29.0,-0.2,337.0,
07:49:37,331.26,46.0,337.0,60.0,329.89,18.0,338.0,60.0,5.740000000000009,64.0,120.0,0.5816614135490397,331.26,337.0,184,-56.0,-27.0,-0.3,337.0,
07:49:38,328.92,53.0,336.57,70.0,325.35,80.0,338.0,70.0,7.649999999999977,133.0,140.0,1.189256069991845,328.92,336.57,273,-7.0,89.0,-0.03,337.0,
07:49:39,327.29,34.0,336.0,45.0,317.02,47.0,338.0,45.0,8.70999999999998,81.0,90.0,1.6590509335199015,327.29,336.0,171,-9.0,-102.0,-0.05,337.0,
07:49:40,328.94,51.0,335.07,60.0,284.0,45.0,337.41,71.0,6.129999999999996,96.0,131.0,1.5329546633915678,328.94,335.07,227,-35.0,56.0,-0.15,334.67,6.0
07:49:41,330.0,42.0,336.0,42.0,328.0,42.0,338.0,70.0,6.0,84.0,112.0,0.9656241504925388,330.0,336.0,196,-28.0,-31.0,-0.14,334.67,
07:49:42,330.0,30.0,336.0,30.0,328.0,30.0,338.0,50.0,6.0,60.0,80.0,0.6190718859831054,330.0,336.0,140,-20.0,-56.0,-0.14,334.67,
07:49:43,330.0,48.0,335.61,38.0,328.0,48.0,337.25,64.0,5.610000000000014,96.0,102.0,0.6248999920104586,330.0,335.61,198,-6.0,58.0,-0.03,335.0,1.0
07:49:44,331.09,69.0,337.94,71.0,327.8,45.0,338.87,70.0,6.850000000000023,114.0,141.0,0.9124034195541252,331.09,337.94,255,-27.0,57.0,-0.11,335.5,4.0
07:49:45,333.19,64.0,338.0,70.0,327.4,35.0,339.0,42.0,4.810000000000002,99.0,112.0,1.2248346827279697,333.19,338.0,211,-13.0,-44.0,-0.06,335.5,
07:49:46,336.0,26.0,338.0,65.0,335.0,65.0,339.0,48.0,2.0,91.0,113.0,1.7709376047767906,336.0,338.0,204,-22.0,-7.0,-0.11,335.5,
07:49:47,336.53,17.0,338.05,55.0,331.48,33.0,339.08,39.0,1.5200000000000389,50.0,94.0,1.8503107847093545,336.53,338.05,144,-44.0,-60.0,-0.31,338.0,5.0
07:49:48,337.42,12.0,339.0,32.0,330.48,80.0,340.0,36.0,1.579999999999984,92.0,68.0,1.4615300202221972,337.42,339.0,160,24.0,16.0,0.15,339.0,1.0
07:49:49,321.01,68.0,339.0,15.0,319.64,89.0,340.0,39.0,17.99000000000001,157.0,54.0,3.2739273052423763,321.01,339.0,211,103.0,51.0,0.49,339.0,1.0
07:49:50,320.02,132.0,339.95,41.0,317.81,106.0,341.79,58.0,19.930000000000007,238.0,99.0,4.134872428505223,320.02,339.95,337,139.0,126.0,0.41,339.0,1.0
07:49:51,322.0,173.0,340.0,39.0,316.0,40.0,342.0,52.0,18.0,213.0,91.0,4.09770301510662,322.0,340.0,304,122.0,-33.0,0.4,339.0,
07:49:52,322.21,142.0,341.13,23.0,320.67,108.0,343.14,42.0,18.920000000000016,250.0,65.0,3.448264781018852,322.21,341.13,315,185.0,11.0,0.59,342.6,5.0
07:49:53,323.0,60.0,340.0,12.0,322.0,168.0,342.0,36.0,17.0,228.0,48.0,0.8028511692813901,323.0,340.0,276,180.0,-39.0,0.65,342.6,
07:49:54,323.94,85.0,341.97,34.0,322.53,208.0,344.0,50.0,18.03000000000003,293.0,84.0,1.0828758008265669,323.94,341.97,377,209.0,101.0,0.55,340.8,5.0
07:49:55,324.0,30.0,340.0,18.0,323.0,66.0,342.0,24.0,16.0,96.0,42.0,0.7295752188878885,324.0,340.0,138,54.0,-174.5,0.39,340.8,
07:49:56,325.11,73.0,339.5,40.0,324.06,163.0,341.81,53.0,14.389999999999986,236.0,93.0,0.5773906823070516,325.11,339.5,329,143.0,173.5,0.43,340.0,2.0
07:49:57,328.31,52.0,337.62,42.0,325.54,67.0,339.24,21.0,9.310000000000002,119.0,63.0,0.6307772982715104,328.31,337.62,182,56.0,-147.0,0.31,340.0,
07:49:58,329.19,80.0,338.87,31.0,328.0,32.0,339.88,17.0,9.680000000000009,112.0,48.0,0.7812809993940095,329.19,338.87,160,64.0,-22.0,0.4,340.0,
07:49:59,330.49,53.0,336.0,80.0,329.53,59.0,338.63,27.0,5.509999999999991,112.0,107.0,0.8019788027211404,330.49,336.0,219,5.0,59.0,0.02,340.0,
07:50:00,333.98,51.0,337.3,69.0,332.0,54.0,357.0,36.0,3.319999999999993,105.0,105.0,1.2808317610104825,333.98,337.3,210,0.0,-9.0,0.0,338.33,9.0
07:50:01,335.0,80.0,346.0,48.0,334.0,32.0,378.54,46.0,11.0,112.0,94.0,3.100149996372997,335.0,346.0,206,18.0,-4.0,0.09,338.33,
07:50:02,335.88,42.0,346.0,45.0,334.0,30.0,453.39,18.0,10.120000000000005,72.0,63.0,3.620244466884771,335.88,346.0,135,9.0,-71.0,0.07,336.0,3.0
07:50:03,338.57,28.0,346.0,42.0,337.0,28.0,456.0,14.0,7.430000000000007,56.0,56.0,3.874819995820191,338.57,346.0,112,0.0,-23.0,0.0,336.0,
07:50:04,341.0,28.0,344.6,62.0,340.0,28.0,346.85,34.0,3.6000000000000227,56.0,96.0,2.8410174233900616,341.0,344.6,152,-40.0,40.0,-0.26,336.0,
07:50:05,340.88,34.0,342.56,27.0,328.74,65.0,351.13,39.0,1.6800000000000068,99.0,66.0,0.9438749917253928,340.88,342.56,165,33.0,13.0,0.2,341.5,4.0
07:50:06,332.71,34.0,341.85,13.0,326.97,31.0,342.85,13.0,9.140000000000043,65.0,26.0,2.194556902886178,332.71,341.85,91,39.0,-74.0,0.43,341.0,2.0
07:50:07,330.0,33.0,341.0,11.0,326.0,22.0,342.0,11.0,11.0,55.0,22.0,3.3036827934907125,330.0,341.0,77,33.0,-14.0,0.43,341.0,
07:50:08,328.12,51.0,351.48,29.0,325.29,34.0,365.64,36.0,23.360000000000014,85.0,65.0,3.0333479853137746,328.12,351.48,150,20.0,73.0,0.13,341.5,2.0
07:50:09,339.71,34.0,350.29,49.0,332.09,70.0,382.06,36.0,10.58000000000004,104.0,85.0,3.726553367390113,339.71,350.2900000000001,189,19.0,39.0,0.1,343.0,1.0
07:50:10,338.0,22.0,354.22,27.0,332.76,50.0,531.54,35.0,16.220000000000027,72.0,62.0,4.671650671872377,338.0,354.22,134,10.0,-55.0,0.07,345.0,2.0
07:50:11,335.85,66.0,338.62,29.0,333.44,54.0,344.06,32.0,2.769999999999982,120.0,61.0,4.680947553648252,335.85,338.62,181,59.0,47.0,0.33,337.0,2.0
07:50:12,336.08,84.0,338.08,24.0,334.0,72.0,340.0,36.0,2.0,156.0,60.0,4.275561951370283,336.08,338.08,216,96.0,35.0,0.44,337.0,
07:50:13,337.11,93.0,339.66,47.0,333.82,102.0,344.59,51.0,2.550000000000012,195.0,98.0,4.423454532376882,337.11,339.66,293,97.0,77.0,0.33,337.0,2.0
07:50:14,338.0,80.0,364.94,51.0,329.0,96.0,434.42,57.0,26.94,176.0,108.0,6.454109543539243,338.0,364.94,284,68.0,-9.0,0.24,340.0,3.0
07:50:15,338.33,30.0,352.0,30.0,330.08,39.0,446.0,24.0,13.670000000000016,69.0,54.0,6.318696859321906,338.33,352.0,123,15.0,-161.0,0.12,339.0,1.0
07:50:16,339.0,44.0,352.0,55.0,331.0,77.0,409.18,44.0,13.0,121.0,99.0,5.868104463964727,339.0,352.0,220,22.0,97.0,0.1,339.0,
07:50:17,333.5,48.0,349.94,51.0,330.2,40.0,379.2,54.0,16.439999999999998,88.0,105.0,4.878500794301629,333.5,349.94,193,-17.0,-27.0,-0.09,340.6,5.0
07:50:18,329.0,10.0,346.51,41.0,328.0,20.0,377.9,31.0,17.50999999999999,30.0,72.0,5.075207384925441,329.0,346.51,102,-42.0,-91.0,-0.41,340.6,
07:50:19,329.0,15.0,338.0,67.0,328.0,30.0,342.73,44.0,9.0,45.0,111.0,5.112249993887726,329.0,338.0,156,-66.0,54.0,-0.42,340.6,
07:50:20,329.0,11.0,334.0,55.0,328.0,22.0,338.75,32.0,5.0,33.0,87.0,5.758600524433653,329.0,334.0,120,-54.0,-36.0,-0.45,340.6,
07:50:21,329.0,6.0,334.0,28.0,328.0,12.0,336.0,6.0,5.0,18.0,34.0,4.453479538519307,329.0,334.0,52,-16.0,-68.0,-0.31,334.0,2.0
07:50:22,329.0,10.0,334.0,20.0,327.95,19.0,336.0,10.0,5.0,29.0,30.0,2.717631321576184,329.0,334.0,59,-1.0,7.0,-0.02,334.0,2.0
07:50:23,330.35,26.0,338.0,33.0,326.81,26.0,343.0,22.0,7.649999999999977,52.0,55.0,1.300684435215796,330.35,338.0,107,-3.0,48.0,-0.03,336.57,7.0
07:50:24,332.3,40.0,336.0,54.0,331.14,49.0,339.57,42.0,3.6999999999999886,89.0,96.0,1.4569591620949762,332.3,336.0,185,-7.0,78.0,-0.04,336.57,
07:50:25,333.73,44.0,336.7,37.0,332.0,22.0,340.55,33.0,2.9699999999999704,66.0,70.0,1.7034758583589713,333.73,336.7,136,-4.0,-49.0,-0.03,336.57,
07:50:26,335.0,20.0,338.0,30.0,334.0,40.0,342.0,30.0,3.0,60.0,60.0,1.8403342087813936,335.0,338.0,120,0.0,-16.0,0.0,336.57,
07:50:27,335.0,18.0,340.22,27.0,334.0,36.0,342.45,22.0,5.220000000000027,54.0,49.0,1.5102714987743409,335.0,340.22,103,5.0,-17.0,0.05,338.0,3.0
07:50:28,336.0,24.0,346.88,26.0,334.0,48.0,370.26,38.0,10.879999999999995,72.0,64.0,2.8133911921396475,336.0,346.88,136,8.0,33.0,0.06,342.17,6.0
07:50:29,337.42,48.0,350.29,84.0,336.6,60.0,409.83,77.0,12.870000000000005,108.0,161.0,3.6052697541248495,337.42,350.29,269,-53.0,133.0,-0.2,342.17,
07:50:30,339.71,28.0,350.07,70.0,337.0,56.0,370.55,66.0,10.360000000000014,84.0,136.0,3.71111438789024,339.71,350.07,220,-52.0,-49.0,-0.24,342.17,
07:50:31,342.0,31.0,349.0,50.0,337.63,19.0,352.81,48.0,7.0,50.0,98.0,3.2189081999965063,342.0,349.0,148,-48.0,-72.0,-0.32,342.67,3.0
07:50:32,342.0,21.0,349.0,35.0,331.0,7.0,352.07,29.0,7.0,28.0,64.0,1.7021838913595218,342.0,349.0,92,-36.0,-56.0,-0.39,342.67,
07:50:33,340.1,29.0,345.23,47.0,329.89,18.0,351.17,46.0,5.129999999999996,47.0,93.0,1.216745659537649,340.1,345.23,140,-46.0,48.0,-0.33,342.0,3.0
07:50:34,330.6,10.0,338.13,39.0,328.33,24.0,350.5,28.0,7.529999999999973,34.0,67.0,4.742502503953473,330.6,338.13,101,-33.0,-39.0,-0.33,342.0,
07:50:35,329.43,28.0,337.0,60.0,327.04,90.0,340.5,24.0,7.569999999999993,118.0,84.0,6.025675895698914,329.43,337.0,202,34.0,101.0,0.17,342.0,
07:50:36,331.0,54.0,337.0,45.0,328.0,18.0,338.0,18.0,6.0,72.0,63.0,5.706116893300449,331.0,337.0,135,9.0,-67.0,0.07,342.0,
07:50:37,331.0,60.0,335.83,41.0,328.0,20.0,337.48,29.0,4.829999999999984,80.0,70.0,4.017654788556462,331.0,335.83,150,10.0,15.0,0.07,342.0,
07:50:38,331.0,60.0,334.3,40.0,328.0,20.0,338.0,20.0,3.300000000000012,80.0,60.0,0.6709918032377157,331.0,334.3,140,20.0,-10.0,0.14,342.0,
07:50:39,331.0,54.0,333.67,42.0,328.0,18.0,337.24,42.0,2.670000000000016,72.0,84.0,0.654140657666596,331.0,333.67,156,-12.0,16.0,-0.08,342.0,
07:50:40,331.0,90.0,332.72,72.0,328.0,30.0,334.22,58.0,1.7200000000000273,120.0,130.0,0.8553654189951112,331.0,332.72,250,-10.0,94.0,-0.04,332.5,8.0
07:50:41,331.0,54.0,333.0,9.0,328.0,18.0,338.0,63.0,2.0,72.0,72.0,0.6177782773884154,331.0,333.0,144,0.0,-106.0,0.0,332.5,
07:50:42,331.0,60.0,333.5,12.0,328.0,20.0,337.86,66.0,2.5,80.0,78.0,0.3065452658469348,331.0,333.5,158,2.0,14.0,0.01,333.0,1.0
07:50:43,331.81,53.0,335.0,48.0,329.32,56.0,338.0,112.0,3.1899999999999977,109.0,160.0,0.6112691714891902,331.81,335.0,269,-51.0,111.0,-0.19,333.0,
07:50:44,334.1,10.0,337.1,50.0,330.0,50.0,338.42,60.0,3.0,60.0,110.0,1.5642346371349345,334.1,337.1,170,-50.0,-99.0,-0.29,335.0,3.0
07:50:45,335.82,11.0,338.0,77.0,328.13,61.0,339.0,55.0,2.180000000000007,72.0,132.0,2.1466788301960813,335.82,338.0,204,-60.0,34.0,-0.29,335.0,
07:50:46,337.0,13.0,338.0,85.0,328.34,47.0,339.0,65.0,1.0,60.0,150.0,2.2504955009977743,337.0,338.0,210,-90.0,6.0,-0.43,338.0,1.0
07:50:47,330.5,16.0,338.0,54.0,323.97,74.0,339.0,45.0,7.5,90.0,99.0,1.726479076042024,330.5,338.0,189,-9.0,-21.0,-0.05,337.0,1.0
07:50:48,324.71,28.0,336.46,26.0,323.97,64.0,338.24,63.0,11.75,92.0,89.0,2.7506453788177367,324.71,336.46,181,3.0,-8.0,0.02,337.0,
07:50:49,323.4,50.0,333.0,9.0,322.95,42.0,338.0,54.0,9.600000000000025,92.0,63.0,4.023313311191714,323.4,333.0,155,29.0,-26.0,0.19,337.0,
07:50:50,323.27,44.0,333.0,11.0,322.48,62.0,338.0,66.0,9.730000000000018,106.0,77.0,4.070986366964844,323.27,333.0,183,29.0,28.0,0.16,337.0,
07:50:51,325.32,76.0,333.0,15.0,323.32,38.0,337.57,70.0,7.680000000000007,114.0,85.0,2.53932471338637,325.32,333.0,199,29.0,16.0,0.15,337.0,
07:50:52,327.65,85.0,335.96,26.0,323.0,34.0,337.05,44.0,8.310000000000002,119.0,70.0,1.5892513961029298,327.65,335.96,189,49.0,-10.0,0.26,336.17,6.0
07:50:53,328.23,65.0,337.55,56.0,321.31,26.0,338.41,59.0,9.319999999999991,91.0,115.0,2.1788804464712657,328.23,337.55,206,-24.0,17.0,-0.12,336.17,
07:50:54,329.0,60.0,337.0,57.0,321.78,74.0,338.0,84.0,8.0,134.0,141.0,2.2235826946651347,329.0,337.0,275,-7.0,69.0,-0.03,337.0,3.0
07:50:55,329.0,45.0,337.0,18.0,322.0,54.0,338.0,63.0,8.0,99.0,81.0,1.650242406440256,329.0,337.0,180,18.0,-95.0,0.1,337.0,
07:50:56,329.0,45.0,336.67,18.0,322.0,54.0,338.0,63.0,7.670000000000016,99.0,81.0,0.5106172735164844,329.0,336.67,180,18.0,0.0,0.1,337.0,
07:50:57,330.17,60.0,335.92,24.0,322.0,72.0,338.0,84.0,5.75,132.0,108.0,0.0881476035596089,330.17,335.92,240,24.0,60.0,0.1,337.0,
07:50:58,331.0,70.0,336.14,42.0,321.38,64.0,338.24,74.0,5.139999999999986,134.0,116.0,0.2813716403855383,331.0,336.14,250,18.0,10.0,0.07,336.0,6.0
07:50:59,332.12,80.0,338.0,48.0,318.0,104.0,339.0,48.0,5.879999999999996,184.0,96.0,0.9150136611073564,332.12,338.0,280,88.0,30.0,0.31,336.0,
07:51:00,334.31,78.0,338.0,42.0,329.42,86.0,339.0,42.0,3.6899999999999977,164.0,84.0,1.4262713626841097,334.31,338.0,248,80.0,-32.0,0.32,336.0,
07:51:01,336.76,85.0,338.4,45.0,335.74,95.0,339.8,45.0,1.6399999999999864,180.0,90.0,1.85990591160208,336.76,338.4,270,90.0,22.0,0.33,338.0,3.0
07:51:02,338.83,63.0,342.08,52.0,333.97,31.0,343.46,39.0,3.25,94.0,91.0,2.62348432433124,338.83,342.08,185,3.0,-85.0,0.02,340.0,6.0
07:51:03,340.69,52.0,342.32,62.0,337.51,45.0,343.75,61.0,1.6299999999999957,97.0,123.0,2.7591937228130545,340.69,342.32,220,-26.0,35.0,-0.12,342.0,4.0
07:51:04,341.25,48.0,344.82,44.0,328.92,13.0,347.59,34.0,3.569999999999993,61.0,78.0,2.8290775881919767,341.25,344.82,139,-17.0,-81.0,-0.12,343.0,4.0
07:51:05,341.0,56.0,345.9,52.0,325.0,39.0,347.9,67.0,4.899999999999977,95.0,119.0,2.354480834496066,341.0,345.9,214,-24.0,75.0,-0.11,341.0,2.0
07:51:06,341.0,30.0,346.29,35.0,325.0,28.0,349.73,45.0,5.2900000000000205,58.0,80.0,1.3811516933373165,341.0,346.29,138,-22.0,-76.0,-0.16,341.0,
07:51:07,341.0,26.0,345.07,43.0,325.0,16.0,346.7,23.0,4.069999999999993,42.0,66.0,0.8382839614404224,341.0,345.07,108,-24.0,-30.0,-0.22,344.57,7.0
07:51:08,341.73,44.0,345.8,10.0,332.53,17.0,351.2,25.0,4.069999999999993,61.0,35.0,0.3398087697632627,341.73,345.8,96,26.0,-12.0,0.27,344.57,
07:51:09,342.0,96.0,345.0,12.0,341.0,24.0,352.15,33.0,3.0,120.0,45.0,0.2773625786005959,342.0,345.0,165,75.0,69.0,0.45,344.57,
07:51:10,344.41,85.0,350.09,11.0,342.2,40.0,353.88,32.0,5.67999999999995,125.0,43.0,1.7074923133084778,344.41,350.09,168,82.0,3.0,0.49,345.0,1.0
07:51:23,344.25,59.0,347.55,55.0,342.47,17.0,355.0,33.0,3.300000000000012,76.0,88.0,1.6656920483707174,344.25,347.55,164,-12.0,74.0,-0.07,345.5,4.0
07:51:24,344.0,57.0,346.44,45.0,341.0,18.0,355.14,28.0,2.4399999999999977,75.0,73.0,1.520730087821646,344.0,346.44,148,2.0,-16.0,0.01,344.0,4.0
07:51:25,343.72,43.0,345.0,50.0,340.33,18.0,356.0,40.0,1.2799999999999727,61.0,90.0,1.5630483037982676,343.72,345.0,151,-29.0,3.0,-0.19,344.0,5.0
07:51:26,342.84,31.0,346.83,48.0,335.4,30.0,356.22,36.0,3.990000000000009,61.0,84.0,1.2199508186837278,342.84,346.83,145,-23.0,-6.0,-0.16,344.0,5.0
07:51:27,341.0,16.0,355.53,15.0,333.0,72.0,356.3,27.0,14.529999999999973,88.0,42.0,1.5336948849125684,341.0,355.53,130,46.0,-15.0,0.35,344.0,
07:51:28,342.89,38.0,355.0,20.0,334.98,81.0,357.0,30.0,12.110000000000014,119.0,50.0,2.1190257195245605,342.89,355.0,169,69.0,39.0,0.41,344.0,
07:51:29,342.46,104.0,353.88,16.0,341.42,38.0,355.36,25.0,11.420000000000016,142.0,41.0,2.1439379655219155,342.46,353.88,183,101.0,14.0,0.55,344.0,
07:51:41,345.0,28.0,346.64,28.0,341.0,66.0,347.29,21.0,1.6399999999999864,94.0,49.0,2.240151780573283,345.0,346.64,143,45.0,-19.0,0.31,345.4,5.0
07:51:42,345.0,18.0,346.25,36.0,341.0,60.0,348.06,16.0,1.25,78.0,52.0,1.6664873236860858,345.0,346.25,130,26.0,-13.0,0.2,345.83,6.0
07:51:43,341.14,35.0,348.26,19.0,340.62,48.0,359.28,39.0,7.1200000000000045,83.0,58.0,1.5090990689835408,341.14,348.26,141,25.0,11.0,0.18,343.43,7.0
07:52:00,344.23,13.0,354.45,49.0,341.85,13.0,358.81,42.0,10.21999999999997,26.0,91.0,1.014406230267256,344.23,354.45,117,-65.0,-15.0,-0.56,345.33,3.0
07:52:01,343.0,14.0,353.0,53.0,340.0,14.0,354.0,45.0,10.0,28.0,98.0,1.2781549201897195,343.0,353.0,126,-70.0,9.0,-0.56,345.33,
07:52:02,343.0,12.0,352.87,46.0,340.0,30.0,353.79,38.0,9.870000000000005,42.0,84.0,1.4786886081948898,343.0,352.87,126,-42.0,0.0,-0.33,345.33,
07:52:03,334.39,115.0,350.72,29.0,330.22,45.0,351.98,47.0,16.33000000000004,160.0,76.0,3.15685286321784,334.39,350.72,236,84.0,110.0,0.36,340.67,3.0
07:52:04,335.63,87.0,346.19,42.0,334.11,116.0,347.46,41.0,10.560000000000002,203.0,83.0,3.751822223934437,335.63,346.19,286,120.0,50.0,0.42,336.0,1.0
07:52:05,342.08,24.0,344.9,40.0,336.7,108.0,345.67,36.0,2.819999999999993,132.0,76.0,3.2270838228979053,342.08,344.9,208,56.0,-78.0,0.27,344.0,1.0
07:52:06,343.84,31.0,345.4,40.0,332.56,156.0,349.0,40.0,1.5600000000000025,187.0,80.0,2.6297851623297883,343.84,345.4,267,107.0,59.0,0.4,345.0,3.0
07:52:07,337.5,22.0,346.0,18.0,330.98,123.0,351.43,37.0,8.5,145.0,55.0,1.4518023281462749,337.5,346.0,200,90.0,-67.0,0.45,344.5,2.0
07:52:08,331.0,110.0,351.0,30.0,329.25,32.0,355.0,40.0,20.0,142.0,70.0,1.6361937538113374,331.0,351.0,212,72.0,12.0,0.34,344.5,
07:52:09,331.0,88.0,351.0,24.0,329.0,32.0,355.0,32.0,20.0,120.0,56.0,1.6167158068167855,331.0,351.0,176,64.0,-36.0,0.36,344.5,
07:52:10,339.22,92.0,351.57,42.0,334.05,78.0,355.0,56.0,12.349999999999966,170.0,98.0,2.097109916053717,339.22,351.57,268,72.0,92.0,0.27,344.5,
07:52:15,338.33,43.0,352.52,31.0,334.81,37.0,352.56,34.0,14.189999999999998,80.0,65.0,1.9412547488685383,338.33,352.52,145,15.0,53.0,0.1,346.67,3.0
07:52:16,342.59,17.0,352.52,25.0,335.29,28.0,353.4,30.0,9.930000000000009,45.0,55.0,1.5947883872179895,342.59,352.52,100,-10.0,-45.0,-0.1,346.67,
07:52:18,331.0,64.0,355.71,21.0,329.92,26.0,356.22,23.0,24.70999999999998,90.0,44.0,2.529832010234347,331.0,355.71,134,46.0,31.0,0.34,333.4,5.0
07:52:19,338.57,107.0,350.39,23.0,329.81,89.0,354.9,20.0,11.819999999999991,196.0,43.0,2.571872858445196,338.57,350.39,239,153.0,105.0,0.64,333.4,
07:52:20,337.0,85.0,340.0,20.0,328.0,40.0,352.0,15.0,3.0,125.0,35.0,4.3159761352454575,337.0,340.0,160,90.0,-79.0,0.56,333.4,
07:52:21,332.66,107.0,340.0,40.0,327.94,66.0,351.8,30.0,7.339999999999975,173.0,70.0,5.29539705782392,332.66,340.0,243,103.0,83.0,0.42,333.4,
07:52:22,329.58,96.0,337.87,15.0,328.57,92.0,340.0,60.0,8.29000000000002,188.0,75.0,4.577111534583004,329.58,337.87,263,113.0,20.0,0.43,333.4,
07:52:23,331.08,26.0,338.37,27.0,330.0,104.0,340.44,39.0,7.29000000000002,130.0,66.0,4.272501609129487,331.08,338.37,196,64.0,-67.0,0.33,335.25,4.0
07:52:24,331.33,30.0,339.33,36.0,328.3,74.0,341.04,26.0,8.0,104.0,62.0,1.817462516811668,331.33,339.33,166,42.0,-30.0,0.25,335.25,
07:52:25,330.27,44.0,337.51,37.0,327.94,68.0,339.88,48.0,7.240000000000009,112.0,85.0,1.072520396083969,330.27,337.51,197,27.0,31.0,0.14,338.0,1.0
07:52:26,331.89,108.0,345.37,63.0,330.33,72.0,346.3,30.0,13.480000000000018,180.0,93.0,1.9919337338415168,331.89,345.37,273,87.0,76.0,0.32,338.0,15.0
07:52:27,332.11,72.0,335.18,28.0,330.47,55.0,343.33,24.0,3.069999999999993,127.0,52.0,2.009544724562216,332.11,335.18,179,75.0,-94.0,0.42,333.0,2.0
07:52:28,332.86,112.0,336.14,14.0,328.71,56.0,340.6,20.0,3.2799999999999727,168.0,34.0,2.026171266210203,332.86,336.14,202,134.0,23.0,0.66,333.0,
07:52:29,334.42,96.0,336.0,12.0,325.61,49.0,337.0,12.0,1.579999999999984,145.0,24.0,2.0249271591876754,334.42,336.0,169,121.0,-33.0,0.72,333.0,
07:52:30,335.0,72.0,341.75,16.0,323.0,45.0,343.22,18.0,6.75,117.0,34.0,2.2912376568168216,335.0,341.75,151,83.0,-18.0,0.55,339.89,9.0
07:52:31,335.0,80.0,347.0,40.0,323.0,50.0,348.0,40.0,12.0,130.0,80.0,3.066656159404775,335.0,347.0,210,50.0,59.0,0.24,339.89,
07:52:32,339.17,63.0,346.62,65.0,332.87,90.0,347.67,60.0,7.449999999999989,153.0,125.0,3.616162330429097,339.17,346.62,278,28.0,68.0,0.1,339.89,
07:52:33,344.07,71.0,346.8,75.0,341.06,62.0,348.23,61.0,2.730000000000018,133.0,136.0,3.962603941856087,344.07,346.8,269,-3.0,-9.0,-0.01,345.0,5.0
07:52:34,343.0,14.0,348.96,25.0,340.0,56.0,350.71,28.0,5.95999999999998,70.0,53.0,3.156235098976689,343.0,348.96,123,17.0,-146.0,0.14,345.0,
07:52:35,343.0,14.0,347.71,7.0,340.0,56.0,349.0,28.0,4.70999999999998,70.0,35.0,2.120490509295382,343.0,347.71,105,35.0,-18.0,0.33,345.0,
07:52:36,343.0,16.0,347.0,8.0,340.0,64.0,350.0,32.0,4.0,80.0,40.0,1.19519036141169,343.0,347.0,120,40.0,15.0,0.33,345.0,
07:52:37,343.0,16.0,349.34,41.0,338.77,53.0,350.55,44.0,6.339999999999975,69.0,85.0,0.4774934554641055,343.0,349.34,154,-16.0,34.0,-0.1,343.0,1.0
07:52:41,344.12,136.0,350.0,24.0,343.0,8.0,355.0,32.0,5.879999999999996,144.0,56.0,1.186979359555072,344.12,350.0,200,88.0,82.0,0.44,343.0,
07:52:53,344.18,11.0,349.0,11.0,341.91,11.0,354.0,11.0,4.819999999999993,22.0,22.0,1.4330282621111774,344.18,349.0,44,0.0,1.0,0.0,343.0,
07:52:54,342.96,55.0,349.0,13.0,330.5,88.0,354.0,13.0,6.0400000000000205,143.0,26.0,1.6013525533153998,342.96,349.0,169,117.0,125.0,0.69,342.67,3.0
07:52:55,344.0,135.0,348.07,28.0,330.0,240.0,353.4,25.0,4.069999999999993,375.0,53.0,1.6903756978878983,344.0,348.07,428,322.0,173.5,0.75,342.67,
07:53:06,344.43,56.0,351.12,64.0,343.96,112.0,355.0,28.0,6.689999999999998,168.0,92.0,1.4538397435786587,344.43,351.12,260,76.0,155.0,0.29,344.67,3.0
07:53:07,344.0,24.0,350.0,44.0,343.0,11.0,355.0,11.0,6.0,35.0,55.0,1.866319908271084,344.0,350.0,90,-20.0,-170.0,-0.22,344.0,6.0
07:53:08,343.33,6.0,349.8,20.0,342.06,17.0,355.0,5.0,6.470000000000027,23.0,25.0,1.8820653548719597,343.33,349.8,48,-2.0,-42.0,-0.04,344.0,
07:53:09,343.0,14.0,353.06,63.0,342.0,56.0,356.73,15.0,10.060000000000002,70.0,78.0,1.209615641437208,343.0,353.06,148,-8.0,100.0,-0.05,344.0,
07:53:10,343.0,11.0,353.09,55.0,342.0,44.0,359.34,29.0,10.089999999999977,55.0,84.0,0.6662807216254286,343.0,353.09,139,-29.0,-9.0,-0.21,344.0,
07:53:11,344.0,89.0,351.39,90.0,343.0,19.0,353.9,86.0,7.389999999999986,108.0,176.0,0.65751045619801,344.0,351.39,284,-68.0,145.0,-0.24,344.0,3.0
07:53:12,343.82,17.0,345.3,43.0,342.37,19.0,346.3,47.0,1.4800000000000182,36.0,90.0,1.4812157169061722,343.82,345.3,126,-54.0,-158.0,-0.43,344.0,2.0
07:53:13,342.54,52.0,344.57,70.0,341.57,56.0,348.14,51.0,2.0299999999999727,108.0,121.0,2.153411247302765,342.54,344.57,229,-13.0,103.0,-0.06,343.0,1.0
