Time,Bid1_Price,Bid1_Volume,Ask1_Price,Ask1_Volume,Bid2_Price,Bid2_Volume,Ask2_Price,Ask2_Volume,Mid-Price,Bid_Ask_Spread,Market_Depth_Bid,Market_Depth_Ask,Historical_Volatility,Weighted_Avg_Bid_Price,Weighted_Avg_Ask_Price,Total_volume,Cumulative_Volume_Difference,Total_Volume_Change_Corrected,Order_imbalance,Weighted_Avg_Price,Trade_Volume
07:30:04,154.5,4.0,338.25,4.0,154.0,2.0,450.5,4.0,246.38,183.75,6.0,8.0,97.24457115952542,154.5,338.25,14,-2.0,11.0,-0.14,,
07:30:05,188.05,37.0,337.75,4.0,134.25,4.0,339.0,4.0,262.9,149.7,41.0,8.0,118.32217763378092,188.05,337.75,49,33.0,35.0,0.67,,
07:30:06,190.44,9.0,337.0,6.0,189.14,28.0,339.0,6.0,263.72,146.56,37.0,12.0,115.01277407314372,190.44,337.0,49,25.0,0.0,0.51,190.0,3.0
07:30:07,190.6,5.0,334.86,7.0,189.11,27.0,335.5,8.0,262.73,144.26000000000002,32.0,15.0,94.44784952554504,190.6,334.86,47,17.0,-2.0,0.36,191.0,1.0
07:30:08,199.0,7.0,332.38,8.0,191.29,7.0,334.77,13.0,265.69,133.38,14.0,21.0,7.860956048725963,199.0,332.38,35,-7.0,-12.0,-0.2,191.0,
07:30:09,189.5,26.0,329.67,12.0,179.06,36.0,332.0,6.0,259.58,140.17000000000002,62.0,18.0,2.208218739165425,189.5,329.67,80,44.0,45.0,0.55,192.75,4.0
07:30:10,192.0,5.0,328.11,9.0,189.0,55.0,330.67,6.0,260.06,136.11,60.0,15.0,2.554100624486291,192.0,328.11,75,45.0,-5.0,0.6,192.75,
07:30:11,189.27,60.0,327.0,12.0,181.96,52.0,328.0,24.0,258.13,137.73,112.0,36.0,2.993437822972291,189.27,327.0,148,76.0,73.0,0.51,189.8,5.0
07:30:12,189.0,63.0,310.5,14.0,177.67,9.0,323.62,13.0,249.75,121.5,72.0,27.0,5.742270456883811,189.0,310.5,99,45.0,-49.0,0.45,189.8,
07:30:13,189.0,56.0,287.38,16.0,116.38,8.0,290.93,15.0,238.19,98.38,64.0,31.0,9.34417840155034,189.0,287.38,95,33.0,-4.0,0.35,189.8,
07:30:14,189.0,92.0,212.76,21.0,141.0,18.0,228.53,17.0,200.88,23.75999999999999,110.0,38.0,24.23832440578346,189.0,212.76,148,72.0,53.0,0.49,189.0,1.0
07:30:15,189.0,42.0,195.0,14.0,138.55,11.0,197.0,7.0,192.0,6.0,53.0,21.0,29.647889469572625,189.0,195.0,74,32.0,-74.0,0.43,189.0,
07:30:16,189.0,38.0,194.91,11.0,180.5,6.0,196.6,10.0,191.95,5.909999999999997,44.0,21.0,27.40447463462841,189.0,194.91,65,23.0,-9.0,0.35,189.0,
07:30:17,189.0,69.0,193.07,15.0,168.27,11.0,194.78,18.0,191.03,4.069999999999993,80.0,33.0,20.18064295308721,189.0,193.07,113,47.0,48.0,0.42,192.0,1.0
07:30:18,189.0,66.0,193.0,22.0,163.14,21.0,200.0,11.0,191.0,4.0,87.0,33.0,4.224508255405119,189.0,193.0,120,54.0,7.0,0.45,192.0,
07:30:19,190.86,84.0,192.0,17.0,188.09,69.0,200.0,12.0,191.43,1.1399999999999864,153.0,29.0,0.4813210986291504,190.86,192.0,182,124.0,62.0,0.68,191.33,3.0
07:30:20,191.0,42.0,192.0,7.0,189.0,42.0,200.0,7.0,191.5,1.0,84.0,14.0,0.3900897332480721,191.0,192.0,98,70.0,-84.0,0.71,191.33,
07:30:21,191.0,58.0,192.0,13.0,189.0,81.0,200.0,13.0,191.5,1.0,139.0,26.0,0.254695897072445,191.0,192.0,165,113.0,67.0,0.68,191.0,4.0
07:30:22,191.0,22.0,192.0,11.0,190.0,33.0,200.0,11.0,191.5,1.0,55.0,22.0,0.2178990591662959,191.0,192.0,77,33.0,-88.0,0.43,191.0,
07:30:23,191.0,10.0,196.57,7.0,190.0,21.0,212.17,23.0,193.79,5.569999999999993,31.0,30.0,1.0323904300145623,191.0,196.57,61,1.0,-16.0,0.02,191.0,1.0
07:30:24,191.0,7.0,200.0,7.0,190.0,21.0,214.0,35.0,195.5,9.0,28.0,42.0,1.8256012708107447,191.0,200.0,70,-14.0,9.0,-0.2,191.0,
07:30:25,191.0,8.0,200.0,8.0,190.0,24.0,214.0,40.0,195.5,9.0,32.0,48.0,2.004200588760005,191.0,200.0,80,-16.0,10.0,-0.2,191.0,
07:30:26,191.0,33.0,200.0,13.0,190.0,39.0,214.0,65.0,195.5,9.0,72.0,78.0,1.7609145351169275,191.0,200.0,150,-6.0,70.0,-0.04,191.0,
07:30:27,191.33,48.0,198.74,27.0,190.69,58.0,204.39,18.0,195.04,7.409999999999997,106.0,45.0,0.7405943558967742,191.33,198.74,151,61.0,1.0,0.4,191.0,
07:30:28,192.69,51.0,195.8,54.0,191.24,59.0,198.17,23.0,194.24,3.1100000000000136,110.0,77.0,0.5494360745220145,192.69,195.8,187,33.0,36.0,0.18,193.0,2.0
07:30:29,192.85,39.0,194.33,55.0,191.88,25.0,202.31,26.0,193.59,1.4800000000000182,64.0,81.0,0.8384390258009868,192.85,194.33,145,-17.0,-42.0,-0.12,193.25,4.0
07:30:30,192.0,32.0,199.5,16.0,191.0,16.0,203.33,48.0,195.75,7.5,48.0,64.0,0.8979031128056748,192.0,199.5,112,-16.0,-33.0,-0.14,193.25,
07:30:31,192.27,22.0,198.3,10.0,191.33,12.0,200.0,10.0,195.29,6.030000000000001,34.0,20.0,0.8625949223048506,192.27,198.3,54,14.0,-58.0,0.26,193.25,
07:30:32,192.09,35.0,197.0,17.0,191.11,18.0,202.32,50.0,194.54,4.909999999999997,53.0,67.0,0.8541486989898746,192.09,197.0,120,-14.0,66.0,-0.12,193.25,
07:30:33,192.0,24.0,194.08,12.0,191.0,12.0,199.0,48.0,193.04,2.0800000000000125,36.0,60.0,1.1325943669231524,192.0,194.08,96,-24.0,-24.0,-0.25,193.25,
07:30:34,192.0,10.0,198.21,33.0,191.0,9.0,200.48,31.0,195.11,6.210000000000008,19.0,64.0,1.047535202265831,192.0,198.21,83,-45.0,-13.0,-0.54,192.0,1.0
07:30:35,192.0,14.0,197.1,61.0,191.0,14.0,199.5,48.0,194.55,5.099999999999994,28.0,109.0,0.8848333176288441,192.0,197.1,137,-81.0,54.0,-0.59,198.0,1.0
07:30:36,189.4,15.0,195.73,75.0,171.73,125.0,200.0,45.0,192.57,6.329999999999984,140.0,120.0,1.0937869993677711,189.4,195.73,260,20.0,123.0,0.08,190.6,5.0
07:30:37,189.5,18.0,193.29,70.0,188.05,38.0,200.0,66.0,191.39,3.789999999999992,56.0,136.0,1.5068244755066271,189.5,193.29,192,-80.0,-68.0,-0.42,192.0,3.0
07:30:38,170.26,31.0,190.75,40.0,172.91,22.0,198.7,83.0,180.5,20.49000000000001,53.0,123.0,5.962522955929413,170.26,190.75,176,-70.0,-16.0,-0.4,188.25,4.0
07:30:39,170.28,138.0,188.02,42.0,168.76,21.0,189.38,55.0,179.15,17.74000000000001,159.0,97.0,7.23143969068293,170.28,188.02,256,62.0,80.0,0.24,188.25,
07:30:40,171.66,226.0,182.38,16.0,170.8,60.0,184.09,22.0,177.02,10.72,286.0,38.0,7.288184273190657,171.66,182.38,324,248.0,68.0,0.77,188.25,
07:30:41,172.77,26.0,181.47,15.0,171.96,166.0,182.64,11.0,177.12,8.699999999999989,192.0,26.0,5.968938766647135,172.77,181.47,218,166.0,-106.0,0.76,188.25,
07:30:45,178.32,182.0,182.9,62.0,178.35,107.0,183.85,53.0,180.61,4.5800000000000125,289.0,115.0,1.6785023086020865,178.32,182.9,404,174.0,116.0,0.43,180.0,1.0
07:30:46,181.96,112.0,183.48,31.0,175.12,56.0,184.5,36.0,182.72,1.5199999999999818,168.0,67.0,2.7024007844845683,181.96,183.48,235,101.0,-168.0,0.43,183.0,4.0
07:30:47,182.08,168.0,184.0,34.0,181.0,12.0,185.0,48.0,183.04,1.9199999999999875,180.0,82.0,2.8028110888861413,182.08,184.0,262,98.0,27.0,0.37,184.0,1.0
07:30:48,180.1,155.0,184.97,58.0,174.66,123.0,186.27,22.0,182.53,4.8700000000000045,278.0,80.0,2.1830781021263093,180.1,184.97,358,198.0,96.0,0.55,184.0,2.0
07:30:49,181.36,101.0,184.23,39.0,179.43,122.0,186.48,42.0,182.79,2.869999999999976,223.0,81.0,0.9830920607876534,181.36,184.23,304,142.0,-54.0,0.47,183.0,3.0
07:30:50,182.79,129.0,185.0,28.0,177.92,156.0,186.55,33.0,183.9,2.210000000000008,285.0,61.0,0.5373360214837074,182.79,185.0,346,224.0,42.0,0.65,183.0,
07:30:51,184.0,27.0,185.22,18.0,182.03,113.0,186.73,22.0,184.61,1.2199999999999989,140.0,40.0,0.8615857473194888,184.0,185.22,180,100.0,-166.0,0.56,185.0,2.0
07:30:52,184.36,33.0,187.18,39.0,178.21,115.0,200.92,60.0,185.77,2.819999999999993,148.0,99.0,1.3330416347527556,184.36,187.18,247,49.0,67.0,0.2,187.33,6.0
07:30:53,185.85,13.0,188.0,38.0,176.37,116.0,222.0,26.0,186.92,2.1500000000000057,129.0,64.0,1.6063530122562129,185.85,188.0,193,65.0,-54.0,0.34,186.33,3.0
07:30:54,177.49,82.0,188.0,14.0,176.06,96.0,344.91,32.0,182.74,10.509999999999993,178.0,46.0,1.6220573356033356,177.49,188.0,224,132.0,31.0,0.59,188.0,1.0
07:30:55,180.0,60.0,377.77,31.0,177.0,110.0,498.65,31.0,278.89,197.77,170.0,62.0,42.012801977492416,180.0,377.77,232,108.0,8.0,0.47,188.0,
07:30:56,180.0,36.0,421.94,16.0,177.24,58.0,503.18,17.0,300.97,241.94,94.0,33.0,57.94260755264644,180.0,421.94,127,61.0,-105.0,0.48,188.0,
07:30:57,180.0,66.0,203.72,25.0,177.27,105.0,324.5,18.0,191.86,23.72,171.0,43.0,56.91257708099327,180.0,203.72,214,128.0,87.0,0.6,188.0,
07:30:58,180.0,36.0,183.0,12.0,177.0,66.0,224.33,6.0,181.5,3.0,102.0,18.0,57.93955013632744,180.0,183.0,120,84.0,-94.0,0.7,188.0,
07:30:59,180.0,54.0,183.0,18.0,177.0,99.0,185.0,9.0,181.5,3.0,153.0,27.0,58.179543054238586,180.0,183.0,180,126.0,60.0,0.7,188.0,
07:31:00,180.0,42.0,183.0,14.0,177.0,77.0,185.0,7.0,181.5,3.0,119.0,21.0,52.46247401714863,180.0,183.0,140,98.0,-40.0,0.7,188.0,
07:31:01,180.0,90.0,183.0,82.0,177.0,165.0,185.0,15.0,181.5,3.0,255.0,97.0,4.633132849378018,180.0,183.0,352,158.0,168.0,0.45,188.0,
07:31:02,180.0,72.0,183.05,40.0,177.0,132.0,183.98,47.0,181.53,3.050000000000012,204.0,87.0,0.0134164073022369,180.0,183.05,291,117.0,-61.0,0.4,183.0,5.0
07:31:03,180.0,54.0,185.0,36.0,177.0,99.0,187.0,45.0,182.5,5.0,153.0,81.0,0.4440495467681205,180.0,185.0,234,72.0,-57.0,0.31,183.0,
07:31:04,180.0,54.0,185.0,36.0,177.0,99.0,187.0,45.0,182.5,5.0,153.0,81.0,0.5423836280577097,180.0,185.0,234,72.0,0.0,0.31,183.0,
07:31:05,177.0,132.0,185.0,103.0,176.0,12.0,187.0,60.0,181.0,8.0,144.0,163.0,0.6675926901824275,177.0,185.0,307,-19.0,73.0,-0.06,183.0,
07:31:06,177.11,90.0,185.0,90.0,176.73,30.0,187.0,47.0,181.06,7.889999999999986,120.0,137.0,0.7427785672627982,177.11,185.0,257,-17.0,-50.0,-0.07,183.0,
07:31:07,179.19,32.0,185.0,66.0,177.26,76.0,187.0,16.0,182.09,5.810000000000002,108.0,82.0,0.7495331880477464,179.19,185.0,190,26.0,-67.0,0.14,185.0,3.0
07:31:08,179.0,45.0,185.0,54.0,176.76,29.0,187.0,19.0,182.0,6.0,74.0,73.0,0.6665583245185508,179.0,185.0,147,1.0,-43.0,0.01,185.0,
07:31:09,179.81,77.0,184.2,59.0,178.46,24.0,185.15,81.0,182.0,4.389999999999986,101.0,140.0,0.5493632677791087,179.81,184.2,241,-39.0,94.0,-0.16,184.0,1.0
07:31:10,181.58,64.0,184.0,22.0,179.53,38.0,185.0,70.0,182.79,2.4199999999999875,102.0,92.0,0.6154429299172164,181.58,184.0,194,10.0,-47.0,0.05,183.0,1.0
07:31:11,182.0,81.0,183.77,39.0,174.51,51.0,184.98,43.0,182.88,1.7700000000000102,132.0,82.0,0.443587646339748,182.0,183.77,214,50.0,20.0,0.23,182.0,3.0
07:31:12,183.0,40.0,184.97,31.0,182.0,30.0,186.36,33.0,183.98,1.9699999999999989,70.0,64.0,0.8146164741676871,183.0,184.97,134,6.0,-80.0,0.04,184.75,4.0
07:31:13,183.0,36.0,185.0,18.0,182.0,27.0,186.0,9.0,184.0,2.0,63.0,27.0,0.8565045242061341,183.0,185.0,90,36.0,-44.0,0.4,184.75,
07:31:14,177.46,37.0,184.75,16.0,172.78,49.0,185.64,11.0,181.1,7.289999999999992,86.0,27.0,1.184947256204055,177.46,184.75,113,59.0,23.0,0.52,183.0,5.0
07:31:15,176.62,26.0,185.0,20.0,175.67,30.0,186.0,10.0,180.81,8.379999999999995,56.0,30.0,1.5318550845250902,176.62,185.0,86,26.0,-27.0,0.3,183.0,
07:31:16,177.3,20.0,185.0,20.0,174.9,10.0,186.33,12.0,181.15,7.699999999999989,30.0,32.0,1.6319221795126284,177.3,185.0,62,-2.0,-24.0,-0.03,183.0,
07:31:17,179.28,25.0,185.0,19.0,174.5,32.0,187.0,22.0,182.14,5.719999999999999,57.0,41.0,1.3076888008945864,179.28,185.0,98,16.0,36.0,0.16,185.0,1.0
07:31:18,184.0,45.0,186.6,15.0,176.3,57.0,187.83,36.0,185.3,2.5999999999999943,102.0,51.0,1.857969321594199,184.0,186.6,153,51.0,55.0,0.33,185.0,1.0
07:31:19,184.79,19.0,187.0,18.0,180.49,45.0,188.0,51.0,185.89,2.210000000000008,64.0,69.0,2.3761039539518194,184.79,187.0,133,-5.0,-20.0,-0.04,185.0,
07:31:20,185.53,17.0,187.86,56.0,184.47,38.0,188.82,44.0,186.69,2.3300000000000125,55.0,100.0,2.4395962780726346,185.53,187.86,155,-45.0,22.0,-0.29,187.0,8.0
07:31:21,185.88,26.0,188.0,76.0,183.03,60.0,190.09,44.0,186.94,2.1200000000000045,86.0,120.0,1.9308728596120104,185.88,188.0,206,-34.0,51.0,-0.17,187.0,1.0
07:31:22,186.44,32.0,189.03,31.0,178.67,66.0,189.89,76.0,187.73,2.5900000000000034,98.0,107.0,0.9426293014683156,186.44,189.03,205,-9.0,-1.0,-0.04,188.33,3.0
07:31:23,184.21,29.0,189.16,37.0,177.97,100.0,190.08,59.0,186.68,4.949999999999989,129.0,96.0,0.6591888955274946,184.21,189.16,225,33.0,20.0,0.15,188.33,3.0
07:31:24,178.0,62.0,189.0,21.0,175.0,22.0,190.0,42.0,183.5,11.0,84.0,63.0,1.6271662484167202,178.0,189.0,147,21.0,-78.0,0.14,188.33,
07:31:25,178.24,34.0,187.32,19.0,176.33,54.0,189.09,65.0,182.78,9.079999999999984,88.0,84.0,2.2267644689068904,178.24,187.32,172,4.0,25.0,0.02,188.33,
07:31:26,176.12,102.0,185.96,28.0,174.38,37.0,188.6,60.0,181.04,9.840000000000003,139.0,88.0,2.783734901168865,176.12,185.96,227,51.0,55.0,0.22,183.33,3.0
07:31:27,176.0,66.0,185.0,6.0,168.0,6.0,187.0,12.0,180.5,9.0,72.0,18.0,2.443481123312593,176.0,185.0,90,54.0,-137.0,0.6,183.33,
07:31:32,179.0,21.0,182.0,7.0,176.0,52.0,183.0,28.0,180.5,3.0,73.0,35.0,1.0856887214956212,179.0,182.0,108,38.0,-131.0,0.35,183.33,
07:31:33,179.0,24.0,182.0,8.0,145.1,60.0,183.0,32.0,180.5,3.0,84.0,40.0,1.3014299827432485,179.0,182.0,124,44.0,16.0,0.35,183.33,
07:31:34,179.03,31.0,182.0,11.0,173.17,103.0,183.0,44.0,180.52,2.969999999999999,134.0,55.0,1.2621093454940415,179.03,182.0,189,79.0,65.0,0.42,183.33,
07:31:35,180.33,3.0,182.89,9.0,179.0,9.0,183.67,6.0,181.61,2.559999999999974,12.0,15.0,1.1514252038164887,180.33,182.89,27,-3.0,-162.0,-0.11,182.0,1.0
07:31:36,179.32,34.0,183.0,46.0,173.71,104.0,185.0,14.0,181.16,3.680000000000007,138.0,60.0,0.5067741113989083,179.32,183.0,198,78.0,168.0,0.39,183.0,1.0
07:31:37,179.0,27.0,183.0,27.0,174.0,18.0,185.0,9.0,181.0,4.0,45.0,36.0,0.4661759324377551,179.0,183.0,81,9.0,-117.0,0.11,183.0,
07:31:38,179.79,53.0,183.0,33.0,176.78,27.0,185.0,11.0,181.4,3.210000000000008,80.0,44.0,0.4161970686877972,179.79,183.0,124,36.0,43.0,0.29,183.0,
07:31:39,181.7,70.0,183.0,18.0,177.4,30.0,185.0,10.0,182.35,1.3000000000000114,100.0,28.0,0.526811161598263,181.7,183.0,128,72.0,4.0,0.56,183.0,2.0
07:31:40,177.28,29.0,183.36,44.0,175.89,38.0,185.27,15.0,180.32,6.0800000000000125,67.0,59.0,0.7361929094906959,177.28,183.36,126,8.0,-2.0,0.06,183.0,3.0
07:31:41,178.98,51.0,181.62,32.0,177.89,56.0,185.0,16.0,180.3,2.640000000000015,107.0,48.0,0.8525725775464972,178.98,181.62,155,59.0,29.0,0.38,180.0,1.0
07:31:43,174.28,92.0,182.82,22.0,173.76,101.0,185.78,18.0,178.55,8.539999999999992,193.0,40.0,1.42941596464564,174.28,182.82,233,153.0,73.0,0.66,180.0,2.0
07:31:44,179.48,42.0,184.0,15.0,177.56,62.0,186.0,29.0,181.74,4.52000000000001,104.0,44.0,1.2045414065044748,179.48,184.0,148,60.0,-85.0,0.41,180.4,5.0
07:31:45,180.25,16.0,186.6,10.0,178.0,32.0,187.86,14.0,183.43,6.349999999999994,48.0,24.0,1.953875635751681,180.25,186.6,72,24.0,-76.0,0.33,186.75,8.0
07:31:46,183.64,22.0,186.0,11.0,178.0,44.0,188.0,22.0,184.82,2.3600000000000136,66.0,33.0,2.6610279968433983,183.64,186.0,99,33.0,27.0,0.33,186.75,
07:31:47,184.85,26.0,186.0,38.0,177.03,120.0,188.0,26.0,185.42,1.1500000000000057,146.0,64.0,2.762583935373709,184.85,186.0,210,82.0,111.0,0.39,186.75,
07:31:48,177.5,80.0,217.4,25.0,175.83,48.0,255.0,15.0,197.45,39.900000000000006,128.0,40.0,6.243954676323845,177.5,217.4,168,88.0,-42.0,0.52,186.78,9.0
07:31:49,179.0,140.0,304.1,29.0,176.82,49.0,384.71,35.0,241.55,125.10000000000002,189.0,64.0,24.696826314326124,179.0,304.1,253,125.0,85.0,0.49,186.78,
07:31:50,179.77,260.0,186.0,14.0,177.0,43.0,332.0,65.0,182.88,6.22999999999999,303.0,79.0,24.78199608586829,179.77,186.0,382,224.0,129.0,0.59,186.0,1.0
07:31:51,183.79,170.0,186.17,12.0,181.67,84.0,365.72,46.0,184.98,2.3799999999999955,254.0,58.0,24.760131865561444,183.79,186.17,312,196.0,-70.0,0.63,186.0,1.0
07:31:52,180.88,130.0,188.0,10.0,178.49,47.0,226.0,50.0,184.44,7.1200000000000045,177.0,60.0,24.89264650454007,180.88,188.0,237,117.0,-75.0,0.49,186.0,
07:31:53,181.4,95.0,188.0,5.0,178.0,35.0,229.23,13.0,184.7,6.599999999999994,130.0,18.0,25.638254620780835,181.4,188.0,148,112.0,-89.0,0.76,186.0,
07:31:54,182.75,152.0,188.0,8.0,178.0,86.0,236.67,12.0,185.38,5.25,238.0,20.0,0.9578517630533536,182.75,188.0,258,218.0,110.0,0.84,186.0,
07:31:55,183.91,80.0,187.5,6.0,179.79,106.0,208.57,14.0,185.71,3.5900000000000034,186.0,20.0,0.5108032889328988,183.91,187.5,206,166.0,-52.0,0.81,187.0,2.0
07:31:56,184.09,101.0,356.53,19.0,180.36,67.0,453.26,19.0,270.31,172.43999999999997,168.0,38.0,38.129482949549576,184.09,356.53,206,130.0,0.0,0.63,187.0,2.0
07:31:57,189.0,105.0,343.73,33.0,186.86,49.0,430.55,33.0,266.36,154.73000000000002,154.0,66.0,45.52310918643408,189.0,343.73,220,88.0,14.0,0.4,187.0,
07:31:58,190.78,45.0,223.22,27.0,189.0,171.0,326.0,27.0,207.0,32.44,216.0,54.0,42.3678022795613,190.78,223.22,270,162.0,50.0,0.6,187.0,
07:31:59,191.25,75.0,255.0,30.0,189.17,46.0,258.07,28.0,223.13,63.75,121.0,58.0,37.02528419877426,191.25,255.0,179,63.0,-91.0,0.35,193.0,5.0
07:32:00,191.16,38.0,254.38,24.0,190.12,8.0,314.0,8.0,222.77,63.22,46.0,32.0,28.55809219818448,191.16,254.38,78,14.0,-101.0,0.18,191.0,10.0
07:32:01,192.0,45.0,289.69,29.0,191.0,76.0,467.91,23.0,240.84,97.69,121.0,52.0,22.62533425167467,192.0,289.69,173,69.0,95.0,0.4,192.0,3.0
07:32:03,192.0,15.0,392.2,10.0,191.0,65.0,394.0,5.0,292.1,200.2,80.0,15.0,50.32031667229465,192.0,392.2,95,65.0,-106.0,0.68,192.0,
07:32:04,192.0,27.0,382.8,20.0,191.0,117.0,385.0,14.0,287.4,190.8,144.0,34.0,45.464406737579,192.0,382.8,178,110.0,83.0,0.62,192.0,
07:32:05,192.0,29.0,331.28,32.0,191.0,143.0,333.48,25.0,261.64,139.27999999999997,172.0,57.0,36.48885309241743,192.0,331.28,229,115.0,51.0,0.5,192.0,1.0
07:32:06,192.0,12.0,257.75,16.0,191.0,78.0,258.57,14.0,224.88,65.75,90.0,30.0,41.54899180485635,192.0,257.75,120,60.0,-109.0,0.5,192.0,
07:32:07,192.0,10.0,241.18,11.0,191.0,65.0,257.86,14.0,216.59,49.18000000000001,75.0,25.0,34.78943690260036,192.0,241.18,100,50.0,-20.0,0.5,192.0,
07:32:08,192.43,28.0,198.52,33.0,191.02,126.0,269.83,35.0,195.47,6.090000000000003,154.0,68.0,36.86224667596923,192.43,198.52,222,86.0,122.0,0.39,198.0,2.0
07:32:09,191.53,36.0,195.53,17.0,190.26,94.0,197.25,16.0,193.53,4.0,130.0,33.0,27.65530455446112,191.53,195.53,163,97.0,-59.0,0.6,192.0,2.0
07:32:10,194.0,25.0,195.37,19.0,191.0,45.0,345.76,41.0,194.68,1.3700000000000043,70.0,60.0,14.649421490283968,194.0,195.37,130,10.0,-33.0,0.08,194.0,2.0
07:32:11,194.9,10.0,196.0,10.0,191.0,60.0,255.0,50.0,195.45,1.0999999999999943,70.0,60.0,9.784568462635017,194.9,196.0,130,10.0,0.0,0.08,194.0,
07:32:12,191.37,54.0,249.1,50.0,190.4,75.0,288.9,68.0,220.24,57.72999999999999,129.0,118.0,11.41232798336922,191.37,249.1,247,11.0,117.0,0.04,191.67,6.0
07:32:13,191.52,27.0,366.73,41.0,189.7,20.0,442.56,45.0,279.13,175.21,47.0,86.0,36.6854334852404,191.52,366.73,133,-39.0,-114.0,-0.29,190.33,3.0
07:32:14,191.95,37.0,376.23,40.0,189.9,20.0,473.59,46.0,284.09,184.28000000000003,57.0,86.0,44.05862537574231,191.95,376.23,143,-29.0,10.0,-0.2,191.6,5.0
07:32:15,190.0,8.0,257.69,26.0,189.0,16.0,481.0,38.0,223.85,67.69,24.0,64.0,39.08178629489709,190.0,257.69,88,-40.0,-55.0,-0.45,191.6,
07:32:16,191.62,37.0,472.33,45.0,189.64,11.0,622.11,27.0,331.98,280.71,48.0,72.0,46.65389769354773,191.62,472.33,120,-24.0,32.0,-0.2,191.6,
07:32:17,192.0,25.0,370.8,25.0,190.0,5.0,539.0,15.0,281.4,178.8,30.0,40.0,38.32149331641479,192.0,370.8,70,-10.0,-50.0,-0.14,191.6,
07:32:18,192.0,20.0,340.0,35.0,190.0,7.0,432.86,35.0,266.0,148.0,27.0,70.0,38.84995019301855,192.0,340.0,97,-43.0,27.0,-0.44,192.0,3.0
07:32:19,192.0,24.0,315.58,60.0,190.0,12.0,418.17,60.0,253.79,123.57999999999998,36.0,120.0,39.90680054827773,192.0,315.58,156,-84.0,59.0,-0.54,192.0,
07:32:20,188.17,145.0,221.64,70.0,169.52,23.0,232.29,70.0,204.9,33.47,168.0,140.0,45.98855705498942,188.17,221.64,308,28.0,152.0,0.09,189.5,8.0
07:32:21,190.43,84.0,206.94,69.0,179.62,73.0,220.17,66.0,198.69,16.50999999999999,157.0,135.0,37.12842751854707,190.43,206.94,292,22.0,-16.0,0.08,189.33,3.0
07:32:22,191.09,43.0,204.09,55.0,185.36,39.0,206.0,44.0,197.59,13.0,82.0,99.0,32.99299213469423,191.09000000000003,204.09,181,-17.0,-111.0,-0.09,189.33,
07:32:23,199.0,13.0,203.37,62.0,195.57,37.0,205.18,55.0,201.19,4.3700000000000045,50.0,117.0,23.95582016963703,199.0,203.37,167,-67.0,-14.0,-0.4,189.33,
07:32:24,198.57,7.0,200.91,32.0,195.63,19.0,202.48,31.0,199.74,2.3400000000000034,26.0,63.0,2.8340553981851397,198.57,200.91,89,-37.0,-78.0,-0.42,199.0,1.0
07:32:25,198.0,12.0,200.2,50.0,195.0,60.0,201.14,58.0,199.1,2.1999999999999886,72.0,108.0,1.3317920257989466,198.0,200.2,180,-36.0,91.0,-0.2,199.0,
07:32:26,195.5,24.0,198.97,39.0,194.5,40.0,200.15,33.0,197.24,3.469999999999999,64.0,72.0,1.6151996780526836,195.5,198.97,136,-8.0,-44.0,-0.06,198.0,1.0
07:32:27,194.73,56.0,196.29,51.0,193.94,48.0,197.63,57.0,195.51,1.5600000000000025,104.0,108.0,2.2161746321039897,194.73,196.29,212,-4.0,76.0,-0.02,194.5,10.0
07:32:28,193.0,10.0,195.11,36.0,191.0,20.0,196.3,46.0,194.06,2.1100000000000136,30.0,82.0,2.385078615052425,193.0,195.11,112,-52.0,-100.0,-0.46,193.0,1.0
07:32:29,190.29,21.0,193.52,31.0,186.98,41.0,194.89,36.0,191.9,3.230000000000018,62.0,67.0,2.783975574601804,190.29,193.52,129,-5.0,17.0,-0.04,191.0,2.0
07:32:30,176.76,34.0,191.67,33.0,130.88,16.0,193.21,39.0,184.22,14.909999999999997,50.0,72.0,5.070569987681626,176.76,191.67,122,-22.0,-7.0,-0.18,188.0,5.0
07:32:31,151.0,56.0,190.14,28.0,87.2,10.0,193.0,35.0,170.57,39.13999999999999,66.0,63.0,10.291130647308607,151.0,190.14,129,3.0,7.0,0.02,188.0,
07:32:34,172.62,141.0,183.66,53.0,142.55,95.0,186.06,48.0,178.14,11.039999999999992,236.0,101.0,25.28557830068274,172.62,183.66,337,135.0,92.0,0.4,183.0,3.0
07:32:35,149.25,32.0,183.0,24.0,147.0,136.0,185.42,38.0,166.12,33.75,168.0,62.0,22.264745001907286,149.25,183.0,230,106.0,-107.0,0.46,183.0,
07:32:36,150.22,36.0,183.0,18.0,146.91,105.0,184.0,45.0,166.61,32.78,141.0,63.0,21.74747870443733,150.22,183.0,204,78.0,-26.0,0.38,183.0,1.0
07:32:37,155.73,44.0,182.86,21.0,148.22,37.0,183.96,47.0,169.29,27.130000000000024,81.0,68.0,22.05085871343693,155.73,182.86,149,13.0,-55.0,0.09,182.0,3.0
07:32:38,177.67,24.0,183.0,10.0,174.11,36.0,184.0,25.0,180.33,5.3300000000000125,60.0,35.0,6.671039649107551,177.67,183.0,95,25.0,-54.0,0.26,182.0,
07:32:39,178.75,32.0,183.91,23.0,170.18,56.0,185.75,40.0,181.33,5.159999999999997,88.0,63.0,7.494996997995762,178.75,183.91000000000005,151,25.0,56.0,0.17,183.5,4.0
07:32:40,179.73,44.0,184.0,40.0,176.8,20.0,186.0,55.0,181.86,4.27000000000001,64.0,95.0,7.325065187421025,179.73,184.0,159,-31.0,8.0,-0.19,183.5,
07:32:41,182.0,32.0,184.0,28.0,180.0,32.0,185.9,39.0,183.0,2.0,64.0,67.0,5.602014816114776,182.0,184.0,131,-3.0,-28.0,-0.02,183.5,
07:32:42,183.82,34.0,185.73,37.0,156.93,56.0,186.53,38.0,184.78,1.9099999999999968,90.0,75.0,1.706443670318884,183.82,185.73,165,15.0,34.0,0.09,184.57,7.0
07:32:43,184.91,44.0,186.33,36.0,154.78,55.0,230.46,41.0,185.62,1.420000000000016,99.0,77.0,1.8449715444884545,184.91,186.33,176,22.0,11.0,0.12,186.0,5.0
07:32:44,187.98,52.0,343.32,38.0,163.85,176.0,381.24,25.0,265.65,155.34,228.0,63.0,36.62734388404356,187.98,343.32,291,165.0,115.0,0.57,187.29,7.0
07:32:45,192.14,37.0,384.11,27.0,191.14,42.0,386.15,26.0,288.12,191.97000000000003,79.0,53.0,51.2479461051855,192.14,384.11000000000007,132,26.0,-159.0,0.2,187.29,
07:32:46,193.67,30.0,382.35,23.0,191.5,24.0,387.59,22.0,288.01,188.68000000000004,54.0,45.0,53.04521495856165,193.67,382.35,99,9.0,-33.0,0.09,187.29,
07:32:47,194.33,43.0,382.63,41.0,193.0,42.0,508.62,29.0,288.48,188.3,85.0,70.0,44.441750978106455,194.33,382.63,155,15.0,56.0,0.1,194.0,3.0
07:32:48,195.0,20.0,373.25,32.0,193.0,30.0,477.4,30.0,284.12,178.25,50.0,62.0,9.79215144899412,195.0,373.25,112,-12.0,-43.0,-0.11,194.0,
07:32:49,195.0,12.0,323.83,18.0,193.0,18.0,326.0,30.0,259.42,128.82999999999998,30.0,48.0,12.542240629171332,195.0,323.83,78,-18.0,-34.0,-0.23,194.0,
07:32:50,195.0,26.0,288.0,53.0,193.0,39.0,324.76,51.0,241.5,93.0,65.0,104.0,20.993112680115576,195.0,288.0,169,-39.0,91.0,-0.23,194.0,
07:32:51,195.0,10.0,286.34,29.0,193.0,21.0,348.0,27.0,240.67,91.33999999999996,31.0,56.0,22.742300235464818,195.0,286.34,87,-25.0,-82.0,-0.29,195.0,1.0
07:32:52,191.07,14.0,321.58,36.0,162.88,41.0,507.33,60.0,256.33,130.51,55.0,96.0,17.6562048583499,191.07,321.58,151,-41.0,64.0,-0.27,192.27,11.0
07:32:53,189.0,9.0,320.44,27.0,104.7,86.0,381.0,18.0,254.72,131.44,95.0,45.0,8.789036921074723,189.0,320.44,140,50.0,-11.0,0.36,192.27,
07:32:54,189.0,8.0,289.5,22.0,137.5,38.0,381.1,21.0,239.25,100.5,46.0,43.0,8.302838671202274,189.0,289.5,89,3.0,-51.0,0.03,192.27,
07:32:55,189.0,12.0,267.58,36.0,139.48,79.0,299.0,30.0,228.29,78.57999999999998,91.0,66.0,11.697150080255025,189.0,267.58,157,25.0,68.0,0.16,192.27,
07:32:56,189.0,6.0,267.0,18.0,181.0,24.0,357.0,30.0,228.0,78.0,30.0,48.0,13.750893425519966,189.0,267.0,78,-18.0,-79.0,-0.23,192.27,
07:32:57,189.0,5.0,267.0,15.0,175.86,14.0,357.0,25.0,228.0,78.0,19.0,40.0,11.702985516525438,189.0,267.0,59,-21.0,-19.0,-0.36,192.27,
07:32:58,189.0,9.0,266.67,27.0,155.78,18.0,439.76,29.0,227.83,77.67000000000002,27.0,56.0,5.02046113419874,189.0,266.67,83,-29.0,24.0,-0.35,192.27,
07:32:59,189.31,13.0,219.71,42.0,144.0,47.0,300.73,33.0,204.51,30.40000000000001,60.0,75.0,10.519763780617636,189.31,219.71,135,-15.0,52.0,-0.11,192.27,
07:33:00,177.38,32.0,258.81,31.0,137.52,61.0,347.29,21.0,218.09,81.43,93.0,52.0,10.30325336968829,177.38,258.81,145,41.0,10.0,0.28,193.0,5.0
07:33:01,191.18,132.0,203.5,18.0,136.68,71.0,259.0,36.0,197.34,12.319999999999991,203.0,54.0,13.828901980995756,191.18,203.5,257,149.0,112.0,0.58,191.0,3.0
07:33:02,194.43,35.0,203.0,11.0,180.88,83.0,264.0,33.0,198.71,8.569999999999993,118.0,44.0,13.217022357550263,194.43,203.0,162,74.0,-95.0,0.46,194.43,7.0
07:33:03,191.0,45.0,201.33,12.0,158.45,44.0,243.04,27.0,196.17,10.330000000000013,89.0,39.0,9.042542783972792,191.0,201.33,128,50.0,-34.0,0.39,194.43,
07:33:04,191.0,50.0,197.06,17.0,177.93,14.0,200.36,33.0,194.03,6.060000000000002,64.0,50.0,9.779193218255624,191.0,197.06,114,14.0,-14.0,0.12,194.43,
07:33:05,191.0,60.0,195.43,30.0,189.0,12.0,196.5,24.0,193.22,4.430000000000007,72.0,54.0,2.276055798958543,191.0,195.43,126,18.0,12.0,0.14,194.0,4.0
07:33:06,190.8,40.0,193.04,24.0,170.43,14.0,194.46,13.0,191.92,2.2399999999999807,54.0,37.0,2.67152578126658,190.8,193.04,91,17.0,-35.0,0.19,191.33,6.0
07:33:07,190.0,18.0,192.33,18.0,189.0,9.0,194.0,9.0,191.17,2.3300000000000125,27.0,27.0,1.9504794282357412,190.0,192.33,54,0.0,-37.0,0.0,191.33,
07:33:08,190.11,18.0,192.54,13.0,189.0,9.0,477.33,24.0,191.32,2.4299999999999784,27.0,37.0,1.2465833305359424,190.11,192.54,64,-10.0,10.0,-0.16,192.0,2.0
07:33:10,191.0,5.0,362.8,20.0,189.0,5.0,420.2,20.0,276.9,171.8,10.0,40.0,70.7346393219051,191.0,362.8,50,-30.0,-50.0,-0.6,192.0,
07:33:11,191.38,8.0,249.0,32.0,189.0,8.0,427.0,28.0,220.19,57.620000000000005,16.0,60.0,66.98197765070847,191.38,249.0,76,-44.0,26.0,-0.58,192.0,
07:33:12,185.0,15.0,240.78,36.0,163.29,21.0,269.29,56.0,212.89,55.78,36.0,92.0,63.1784881902061,185.0,240.78,128,-56.0,52.0,-0.44,190.5,2.0
07:33:13,180.42,36.0,212.57,28.0,83.73,88.0,248.6,40.0,196.49,32.150000000000006,124.0,68.0,62.01392883860861,180.42,212.57,192,56.0,64.0,0.29,190.5,
07:33:14,183.0,80.0,185.11,36.0,106.75,52.0,198.4,20.0,184.06,2.1100000000000136,132.0,56.0,35.758445575835445,183.0,185.11,188,76.0,-4.0,0.4,190.5,
07:33:15,181.2,75.0,185.37,38.0,160.5,46.0,186.7,40.0,183.28,4.170000000000016,121.0,78.0,16.717062241912313,181.2,185.37,199,43.0,11.0,0.22,184.67,6.0
07:33:16,185.9,52.0,392.4,40.0,152.44,36.0,446.58,48.0,289.15,206.5,88.0,88.0,44.136337976773525,185.90000000000003,392.4,176,0.0,-23.0,0.0,186.67,6.0
07:33:17,188.0,32.0,257.5,40.0,186.0,24.0,363.71,35.0,222.75,69.5,56.0,75.0,44.34027661167646,188.0,257.5,131,-19.0,-45.0,-0.15,188.0,2.0
07:33:18,189.33,21.0,394.0,22.0,154.59,22.0,455.18,34.0,291.67,204.67,43.0,56.0,53.75934867536993,189.33,394.0,99,-13.0,-32.0,-0.13,188.0,
07:33:19,190.93,91.0,236.0,38.0,186.81,31.0,399.71,42.0,213.47,45.06999999999999,122.0,80.0,48.22875884780784,190.93,236.0,202,42.0,103.0,0.21,188.0,
07:33:20,192.8,71.0,212.9,40.0,191.26,91.0,433.97,66.0,202.85,20.099999999999994,162.0,106.0,42.97649031738174,192.8,212.9,268,56.0,66.0,0.21,188.0,
07:33:21,193.2,70.0,204.69,32.0,192.78,80.0,206.0,48.0,198.94,11.490000000000007,150.0,80.0,37.908633317491024,193.2,204.69,230,70.0,-38.0,0.3,188.0,
07:33:22,194.0,41.0,203.78,23.0,193.0,70.0,238.72,39.0,198.89,9.78,111.0,62.0,39.8614272198072,194.0,203.78,173,49.0,-57.0,0.28,194.0,5.0
07:33:23,197.6,80.0,201.0,16.0,193.44,36.0,202.0,20.0,199.3,3.4000000000000057,116.0,36.0,6.249571985341854,197.6,201.0,152,80.0,-21.0,0.53,194.0,
07:33:24,197.73,30.0,200.0,16.0,193.86,14.0,201.0,8.0,198.87,2.2700000000000102,44.0,24.0,1.730650166835353,197.73,200.0,68,20.0,-84.0,0.29,197.6,10.0
07:33:25,194.0,10.0,199.82,17.0,192.92,100.0,311.74,27.0,196.91,5.819999999999993,110.0,44.0,0.9509311226194525,194.0,199.82,154,66.0,86.0,0.43,199.0,7.0
07:33:26,193.02,46.0,198.57,7.0,192.35,37.0,476.36,22.0,195.8,5.549999999999983,83.0,29.0,1.5212264788537544,193.02,198.57,112,54.0,-42.0,0.48,193.1,10.0
07:33:27,193.0,40.0,342.9,21.0,192.0,40.0,353.92,13.0,267.95,149.89999999999998,80.0,34.0,31.440275603117342,193.0,342.9,114,46.0,2.0,0.4,196.33,3.0
07:33:28,193.0,28.0,452.6,25.0,192.0,28.0,453.0,6.0,322.8,259.6,56.0,31.0,57.176616111833646,193.0,452.6,87,25.0,-27.0,0.29,196.33,
07:33:29,192.6,40.0,417.0,36.0,191.3,79.0,452.2,44.0,304.8,224.4,119.0,80.0,59.347504328320426,192.6,417.0,199,39.0,112.0,0.2,193.0,4.0
07:33:30,192.0,32.0,371.18,34.0,191.0,104.0,410.44,32.0,281.59,179.18,136.0,66.0,48.83083523758347,192.0,371.18,202,70.0,3.0,0.35,193.0,
07:33:31,192.0,40.0,305.17,48.0,191.0,130.0,448.11,37.0,248.58,113.17000000000002,170.0,85.0,29.366321356275336,192.0,305.17,255,85.0,53.0,0.33,193.0,
07:33:32,192.67,48.0,305.0,40.0,191.28,72.0,489.56,18.0,248.83,112.33,120.0,58.0,33.16429329866732,192.67,305.0,178,62.0,-77.0,0.35,193.0,
07:33:33,193.0,80.0,249.0,31.0,192.0,70.0,297.46,39.0,221.0,56.0,150.0,70.0,32.575855322616086,193.0,249.0,220,80.0,42.0,0.36,193.0,
07:33:34,193.12,32.0,304.76,34.0,192.5,56.0,347.0,30.0,248.94,111.64,88.0,64.0,21.466324091469545,193.12,304.76,152,24.0,-68.0,0.16,193.0,1.0
07:33:35,194.0,11.0,251.75,32.0,193.0,77.0,297.09,43.0,222.88,57.75,88.0,75.0,14.718294058755465,194.0,251.75,163,13.0,11.0,0.08,193.0,
07:33:36,193.16,43.0,220.62,40.0,192.12,56.0,222.0,48.0,206.89,27.460000000000008,99.0,88.0,18.56497158629631,193.16,220.62,187,11.0,24.0,0.06,193.5,2.0
07:33:37,194.13,60.0,219.1,50.0,192.18,44.0,264.32,38.0,206.62,24.97,104.0,88.0,17.246019250829498,194.13,219.1,192,16.0,5.0,0.08,194.0,2.0
07:33:38,195.0,28.0,217.57,35.0,194.0,14.0,460.6,20.0,206.29,22.569999999999997,42.0,55.0,18.511035357320758,195.0,217.57,97,-13.0,-95.0,-0.13,194.0,
07:33:39,195.0,24.0,216.67,30.0,194.0,12.0,297.5,12.0,205.83,21.669999999999987,36.0,42.0,7.3773281071111,195.0,216.67,78,-6.0,-19.0,-0.08,194.0,
07:33:40,194.84,25.0,215.22,45.0,193.17,24.0,256.0,24.0,205.03,20.379999999999995,49.0,69.0,0.7319972677328931,194.84,215.22,118,-20.0,40.0,-0.17,195.0,4.0
07:33:41,194.0,12.0,223.0,26.0,192.0,30.0,340.5,16.0,208.5,29.0,42.0,42.0,1.2901279006240776,194.0,223.0,84,0.0,-34.0,0.0,195.0,
07:33:42,194.0,20.0,228.0,40.0,192.0,50.0,417.55,22.0,211.0,34.0,70.0,62.0,2.4217452384529343,194.0,228.0,132,8.0,48.0,0.06,195.0,
07:33:43,192.15,27.0,227.0,24.0,191.09,55.0,285.0,20.0,209.57,34.849999999999994,82.0,44.0,2.51215644416705,192.15,227.0,126,38.0,-6.0,0.3,195.0,
07:33:44,192.42,57.0,227.0,44.0,191.1,100.0,321.91,33.0,209.71,34.58000000000001,157.0,77.0,2.266973753701341,192.42,227.0,234,80.0,108.0,0.34,195.0,
07:33:45,197.66,59.0,227.0,24.0,193.67,30.0,320.0,18.0,212.33,29.340000000000003,89.0,42.0,1.4749135567795515,197.66,227.0,131,47.0,-103.0,0.36,196.67,3.0
07:33:46,198.0,90.0,226.56,36.0,194.0,45.0,382.0,20.0,212.28,28.56,135.0,56.0,1.3335928913925683,198.0,226.56,191,79.0,60.0,0.41,196.67,
07:33:47,198.0,76.0,224.88,32.0,194.0,40.0,412.0,16.0,211.44,26.879999999999995,116.0,48.0,1.349825914691547,198.0,224.88,164,68.0,-27.0,0.41,198.0,2.0
07:33:48,198.0,56.0,222.7,40.0,194.0,50.0,320.67,36.0,210.35,24.69999999999999,106.0,76.0,1.166306134757514,198.0,222.7,182,30.0,18.0,0.16,198.0,5.0
07:33:49,196.18,33.0,220.89,36.0,193.18,51.0,222.0,36.0,208.54,24.70999999999998,84.0,72.0,1.5870003150512637,196.18,220.89,156,12.0,-26.0,0.08,198.0,3.0
07:33:50,195.79,47.0,219.5,24.0,193.72,32.0,221.0,24.0,207.64,23.710000000000008,79.0,48.0,1.9418547834408015,195.79,219.5,127,31.0,-29.0,0.24,196.0,4.0
07:33:51,198.0,36.0,218.38,32.0,195.78,46.0,219.38,32.0,208.19,20.379999999999995,82.0,64.0,1.5987714032878946,198.0,218.38,146,18.0,19.0,0.12,196.0,
07:33:52,199.0,16.0,217.0,16.0,196.0,24.0,218.0,16.0,208.0,18.0,40.0,32.0,1.0606743138072694,199.0,217.0,72,8.0,-74.0,0.11,196.0,
07:33:53,199.0,26.0,213.78,36.0,196.0,54.0,216.56,36.0,206.39,14.78,80.0,72.0,0.8279311565400976,199.0,213.78,152,8.0,80.0,0.05,199.0,2.0
07:33:54,197.09,33.0,209.62,52.0,195.51,71.0,211.0,52.0,203.35,12.53,104.0,104.0,2.0069454402073053,197.09,209.62,208,0.0,56.0,0.0,197.2,5.0
07:33:55,196.0,21.0,205.71,28.0,195.0,35.0,207.71,28.0,200.86,9.710000000000008,56.0,56.0,3.1752747912531305,196.0,205.71,112,0.0,-96.0,0.0,197.2,
07:33:56,196.0,42.0,200.64,44.0,195.0,70.0,202.59,54.0,198.32,4.639999999999986,112.0,98.0,3.948395876804384,196.0,200.64,210,14.0,98.0,0.07,197.2,
07:33:57,196.0,24.0,199.0,32.0,195.0,42.0,200.0,32.0,197.5,3.0,66.0,64.0,3.6613972742607466,196.0,199.0,130,2.0,-80.0,0.02,197.2,
07:33:58,195.18,49.0,197.0,24.0,194.21,99.0,198.25,32.0,196.09,1.8199999999999927,148.0,56.0,2.885815309399107,195.18,197.0,204,92.0,74.0,0.45,195.6,5.0
07:33:59,194.3,54.0,357.14,7.0,193.95,55.0,225.85,13.0,275.72,162.83999999999995,109.0,20.0,34.71470322500216,194.3,357.14,129,89.0,-75.0,0.69,194.83,6.0
07:34:02,194.0,96.0,256.62,29.0,193.0,8.0,428.86,22.0,225.31,62.620000000000005,104.0,51.0,75.61149826580636,194.0,256.62,155,53.0,-32.0,0.34,194.83,
07:34:03,194.06,71.0,255.0,28.0,193.67,18.0,437.0,21.0,224.53,60.94,89.0,49.0,68.13146138165571,194.06,255.0,138,40.0,-17.0,0.29,195.33,3.0
07:34:04,194.0,82.0,254.88,32.0,193.0,8.0,354.5,24.0,224.44,60.88,90.0,56.0,74.17764589146809,194.0,254.88,146,34.0,8.0,0.23,194.0,3.0
07:34:05,194.0,40.0,254.0,36.0,193.0,9.0,501.42,19.0,224.0,60.0,49.0,55.0,54.342973510841325,194.0,254.0,104,-6.0,-42.0,-0.06,194.0,4.0
07:34:06,195.82,22.0,253.0,44.0,193.18,11.0,504.45,33.0,224.41,57.18000000000001,33.0,77.0,0.4773573084991889,195.82,253.0,110,-44.0,6.0,-0.4,194.0,3.0
07:34:07,198.89,45.0,246.5,32.0,197.92,51.0,440.57,37.0,222.69,47.610000000000014,96.0,69.0,0.7677434467170979,198.89,246.5,165,27.0,55.0,0.16,194.0,
07:34:08,199.0,30.0,249.12,33.0,198.0,45.0,424.94,16.0,224.06,50.120000000000005,75.0,49.0,0.7157862809365314,199.0,249.12000000000003,124,26.0,-41.0,0.21,199.0,1.0
07:34:09,197.29,42.0,250.0,52.0,196.7,43.0,501.03,35.0,223.64,52.71000000000001,85.0,87.0,0.6575332691026269,197.29,250.0,172,-2.0,48.0,-0.01,198.38,8.0
07:34:10,194.0,33.0,248.82,44.0,192.05,59.0,364.82,33.0,221.41,54.81999999999999,92.0,77.0,1.209615641423447,194.0,248.82,169,15.0,-3.0,0.09,198.38,
07:34:11,194.0,27.0,234.13,38.0,192.91,77.0,260.24,38.0,214.07,40.13,104.0,76.0,4.099723161382257,194.0,234.13,180,28.0,11.0,0.16,194.0,1.0
07:34:12,194.09,11.0,227.36,22.0,193.05,37.0,229.29,14.0,210.73,33.27000000000001,48.0,36.0,6.029126802445913,194.09000000000003,227.36,84,12.0,-96.0,0.14,194.0,
07:34:13,195.0,8.0,225.0,20.0,194.0,16.0,226.0,28.0,210.0,30.0,24.0,48.0,6.227579786720415,195.0,225.0,72,-24.0,-12.0,-0.33,194.0,
07:34:14,195.0,8.0,221.4,20.0,194.0,16.0,222.43,28.0,208.2,26.40000000000001,24.0,48.0,5.220064175847409,195.0,221.4,72,-24.0,0.0,-0.33,194.0,
07:34:15,193.89,18.0,216.46,26.0,193.07,30.0,217.35,34.0,205.18,22.57000000000002,48.0,60.0,3.27519923057547,193.89,216.46,108,-12.0,36.0,-0.11,193.8,5.0
07:34:16,193.0,60.0,210.7,40.0,192.0,84.0,212.62,32.0,201.85,17.69999999999999,144.0,72.0,3.6743530042661514,193.0,210.7,216,72.0,108.0,0.33,193.8,
07:34:17,193.0,45.0,205.67,30.0,192.0,63.0,207.17,24.0,199.33,12.669999999999987,108.0,54.0,4.396165374500527,193.0,205.67,162,54.0,-54.0,0.33,193.8,
07:34:18,193.0,55.0,204.21,28.0,192.0,77.0,249.3,27.0,198.61,11.210000000000008,132.0,55.0,4.036896084859641,193.0,204.21,187,77.0,25.0,0.41,193.8,
07:34:19,193.23,97.0,200.43,21.0,191.75,55.0,201.84,31.0,196.83,7.200000000000017,152.0,52.0,3.241789629194488,193.23,200.43,204,100.0,17.0,0.49,193.8,
07:34:20,194.0,122.0,195.79,19.0,193.0,60.0,280.86,21.0,194.89,1.789999999999992,182.0,40.0,2.6243322960233084,194.0,195.79,222,142.0,18.0,0.64,194.0,3.0
07:34:21,194.0,102.0,288.48,31.0,193.0,75.0,485.83,41.0,241.24,94.48000000000002,177.0,72.0,19.67433353381909,194.0,288.48,249,105.0,27.0,0.42,194.0,2.0
07:34:22,193.41,37.0,347.08,24.0,191.91,55.0,467.96,25.0,270.24,153.67,92.0,49.0,33.90956015639206,193.41,347.08,141,43.0,-108.0,0.3,193.67,9.0
07:34:23,191.51,67.0,282.62,13.0,189.76,79.0,425.4,47.0,237.06,91.11,146.0,60.0,32.05240349802148,191.51,282.62,206,86.0,65.0,0.42,193.67,
07:34:24,192.0,10.0,268.5,8.0,191.0,25.0,393.94,17.0,230.25,76.5,35.0,25.0,27.000300553882468,192.0,268.5,60,10.0,-146.0,0.17,192.0,5.0
07:34:25,195.0,38.0,257.67,30.0,192.0,9.0,353.0,13.0,226.33,62.670000000000016,47.0,43.0,17.330084535281166,195.0,257.67,90,4.0,30.0,0.04,192.0,
07:34:26,195.0,12.0,280.67,3.0,192.0,3.0,437.0,9.0,237.83,85.67000000000002,15.0,12.0,17.38646513814671,195.0,280.67,27,3.0,-63.0,0.11,192.0,
07:34:27,195.0,36.0,250.35,17.0,193.57,28.0,384.05,19.0,222.68,55.35,64.0,36.0,6.611009756457954,195.0,250.35,100,28.0,73.0,0.28,192.0,
07:34:28,195.0,32.0,279.0,8.0,194.0,32.0,346.25,24.0,237.0,84.0,64.0,32.0,6.59691367231543,195.0,279.0,96,32.0,-4.0,0.33,192.0,
07:34:29,195.0,32.0,279.0,8.0,194.0,32.0,330.5,18.0,237.0,84.0,64.0,26.0,7.12143033385734,195.0,279.0,90,38.0,-6.0,0.42,192.0,
07:34:30,194.94,47.0,254.3,44.0,193.96,45.0,270.11,28.0,224.62,59.360000000000014,92.0,72.0,7.5027381668283715,194.94,254.3,164,20.0,74.0,0.12,194.8,5.0
07:34:31,194.0,30.0,252.0,50.0,192.0,10.0,253.0,50.0,223.0,58.0,40.0,100.0,7.467074393628359,194.0,252.0,140,-60.0,-24.0,-0.43,194.8,
07:34:32,194.0,36.0,242.2,40.0,192.0,12.0,251.17,46.0,218.1,48.19999999999999,48.0,86.0,8.608407518233527,194.0,242.2,134,-38.0,-6.0,-0.28,194.8,
07:34:33,196.47,85.0,205.64,59.0,193.62,26.0,219.14,37.0,201.06,9.169999999999987,111.0,96.0,13.02709023535082,196.47,205.64,207,15.0,73.0,0.07,194.8,
07:34:34,197.0,180.0,202.98,50.0,194.0,41.0,208.27,66.0,199.99,5.97999999999999,221.0,116.0,11.960680582641016,197.0,202.98,337,105.0,130.0,0.31,194.8,
07:34:35,197.0,150.0,199.6,75.0,194.0,30.0,202.0,15.0,198.3,2.5999999999999943,180.0,90.0,11.547545193674765,197.0,199.6,270,90.0,-67.0,0.33,194.8,
07:34:36,195.32,57.0,198.8,25.0,192.67,30.0,212.33,15.0,197.06,3.480000000000018,87.0,40.0,8.633644653329025,195.32,198.8,127,47.0,-143.0,0.37,196.23,13.0
07:34:37,198.0,13.0,200.0,37.0,193.0,53.0,210.06,34.0,199.0,2.0,66.0,71.0,1.5365285548774534,198.0,200.0,137,-5.0,10.0,-0.04,196.23,
07:34:38,192.2,50.0,198.0,50.0,191.69,61.0,266.93,30.0,195.1,5.800000000000011,111.0,80.0,1.8896560533475009,192.2,198.0,191,31.0,54.0,0.16,194.33,3.0
07:34:39,192.0,108.0,196.83,60.0,191.0,48.0,433.5,30.0,194.42,4.8300000000000125,156.0,90.0,1.9817366121540816,192.0,196.83,246,66.0,55.0,0.27,194.33,
07:34:40,192.0,69.0,195.36,55.0,191.0,44.0,474.8,35.0,193.68,3.3600000000000136,113.0,90.0,2.1623413236469275,192.0,195.36,203,23.0,-43.0,0.11,192.0,3.0
07:34:41,192.0,54.0,402.18,22.0,191.0,36.0,518.47,15.0,297.09,210.18,90.0,37.0,45.45650690495219,192.0,402.18000000000006,127,53.0,-76.0,0.42,195.0,5.0
07:34:42,192.0,78.0,380.67,24.0,191.0,48.0,495.77,39.0,286.33,188.67,126.0,63.0,53.43683401924164,192.0,380.67,189,63.0,62.0,0.33,195.0,
07:34:43,192.05,55.0,356.55,33.0,191.09,44.0,399.7,40.0,274.3,164.5,99.0,73.0,50.95441914103225,192.05,356.55,172,26.0,-17.0,0.15,192.0,3.0
07:34:44,192.11,54.0,280.18,22.0,191.14,56.0,345.31,26.0,236.15,88.07,110.0,48.0,42.45465639950464,192.11,280.18,158,62.0,-14.0,0.39,193.0,3.0
07:34:45,192.0,42.0,278.27,33.0,191.0,44.0,373.61,23.0,235.14,86.26999999999998,86.0,56.0,28.687772133785632,192.0,278.27,142,30.0,-16.0,0.21,193.0,
07:34:46,192.0,24.0,277.93,42.0,191.0,56.0,393.0,53.0,234.96,85.93,80.0,95.0,24.961048255231557,192.0,277.93,175,-15.0,33.0,-0.09,192.0,2.0
07:34:47,192.0,10.0,257.0,36.0,191.0,45.0,365.54,37.0,224.5,65.0,55.0,73.0,19.20600947620273,192.0,257.0,128,-18.0,-47.0,-0.14,192.0,
07:34:48,191.56,18.0,277.0,36.0,190.88,68.0,475.67,24.0,234.28,85.44,86.0,60.0,4.801872551409812,191.56,277.0,146,26.0,18.0,0.18,192.0,1.0
07:34:49,191.0,28.0,276.71,21.0,190.0,28.0,390.0,28.0,233.86,85.70999999999998,56.0,49.0,4.528456690748256,191.0,276.71,105,7.0,-41.0,0.07,192.0,
07:34:50,190.36,33.0,274.9,30.0,189.18,68.0,428.07,43.0,232.63,84.53999999999996,101.0,73.0,4.302787468604778,190.36,274.9,174,28.0,69.0,0.16,190.8,5.0
07:34:51,190.0,15.0,272.8,15.0,189.0,40.0,393.0,25.0,231.4,82.80000000000001,55.0,40.0,3.982685023948262,190.0,272.8,95,15.0,-79.0,0.16,190.8,
07:34:52,190.0,18.0,272.0,18.0,189.0,48.0,354.76,25.0,231.0,82.0,66.0,43.0,1.44957924929366,190.0,272.0,109,23.0,14.0,0.21,190.8,
07:34:53,190.0,33.0,270.55,33.0,189.0,88.0,272.0,33.0,230.27,80.55000000000001,121.0,66.0,1.4202358958927097,190.0,270.55,187,55.0,78.0,0.29,190.8,
07:34:54,191.0,10.0,266.42,31.0,190.0,30.0,268.06,31.0,228.71,75.42000000000002,40.0,62.0,1.4489547956997846,191.0,266.42,102,-22.0,-85.0,-0.22,190.8,
07:34:55,191.0,7.0,264.5,24.0,190.0,21.0,265.57,21.0,227.75,73.5,28.0,45.0,1.5498483796748286,191.0,264.5,73,-17.0,-29.0,-0.23,190.8,
07:34:56,192.17,24.0,261.85,54.0,190.08,39.0,263.13,47.0,227.01,69.68000000000004,63.0,101.0,1.6737741783108162,192.17,261.85,164,-38.0,91.0,-0.23,193.0,5.0
07:34:57,195.0,26.0,257.87,46.0,191.0,13.0,258.91,43.0,226.43,62.870000000000005,39.0,89.0,1.5131688603653342,195.0,257.87,128,-50.0,-36.0,-0.39,193.0,
07:34:58,193.82,17.0,252.46,37.0,190.29,21.0,253.57,40.0,223.14,58.640000000000015,38.0,77.0,2.1179518408070974,193.82,252.46,115,-39.0,-13.0,-0.34,195.0,2.0
07:34:59,191.0,31.0,239.36,39.0,190.0,30.0,248.82,33.0,215.18,48.360000000000014,61.0,72.0,5.184387138319813,191.0,239.36,133,-11.0,18.0,-0.08,195.0,
07:35:00,195.25,55.0,205.55,33.0,190.92,78.0,214.44,41.0,200.4,10.300000000000011,133.0,74.0,11.129284343567264,195.25,205.55,207,59.0,74.0,0.29,197.0,4.0
07:35:01,195.0,12.0,202.67,30.0,190.96,67.0,203.72,29.0,198.83,7.6699999999999875,79.0,59.0,12.720826624082523,195.0,202.67,138,20.0,-69.0,0.14,193.57,7.0
07:35:02,189.34,76.0,199.57,51.0,188.7,33.0,200.25,55.0,194.46,10.22999999999999,109.0,106.0,12.177689436012134,189.34,199.57,215,3.0,77.0,0.01,190.1,10.0
07:35:03,190.0,88.0,195.43,35.0,189.0,65.0,199.81,32.0,192.71,5.430000000000007,153.0,67.0,8.878312339626081,190.0,195.43,220,86.0,5.0,0.39,190.0,2.0
07:35:04,189.4,35.0,190.62,24.0,188.77,26.0,235.88,24.0,190.01,1.2199999999999989,61.0,48.0,4.297297988265753,189.4,190.62,109,13.0,-111.0,0.12,189.67,9.0
07:35:05,188.0,8.0,422.07,15.0,145.25,8.0,448.33,9.0,305.03,234.07,16.0,24.0,49.75642993624008,188.0,422.07,40,-8.0,-69.0,-0.2,189.0,2.0
07:35:06,164.12,17.0,372.43,28.0,119.57,14.0,452.39,23.0,268.27,208.31,31.0,51.0,53.260875696893855,164.12,372.43,82,-20.0,42.0,-0.24,188.0,1.0
07:35:07,171.69,26.0,220.44,18.0,147.73,22.0,274.47,15.0,196.07,48.75,48.0,33.0,52.99577643548567,171.69,220.44,81,15.0,-1.0,0.19,192.0,2.0
07:35:08,140.71,35.0,244.54,28.0,94.29,14.0,284.6,10.0,192.62,103.82999999999998,49.0,38.0,53.01179868670727,140.71,244.54,87,11.0,6.0,0.13,182.44,9.0
07:35:10,189.78,9.0,417.9,20.0,160.54,13.0,604.53,34.0,303.84,228.12,22.0,54.0,82.25887751483125,189.78,417.9,76,-32.0,12.0,-0.42,182.44,
07:35:12,192.33,15.0,470.46,26.0,190.9,63.0,590.95,38.0,331.4,278.13,78.0,64.0,75.34407952852068,192.33,470.46,142,14.0,58.0,0.1,192.0,2.0
07:35:20,194.03,89.0,359.34,47.0,192.26,46.0,487.81,32.0,276.69,165.30999999999997,135.0,79.0,41.0108530757418,194.03000000000003,359.34,214,56.0,-1.0,0.26,194.0,4.0
07:35:21,195.0,21.0,214.47,68.0,193.2,70.0,349.32,44.0,204.74,19.47,91.0,112.0,74.24438396269493,195.0,214.47,203,-21.0,-11.0,-0.1,194.6,5.0
07:35:22,194.0,22.0,209.42,45.0,192.0,44.0,210.39,44.0,201.71,15.419999999999987,66.0,89.0,82.29763137539295,194.0,209.42,155,-23.0,-48.0,-0.15,194.6,
07:35:23,192.0,48.0,206.55,51.0,191.0,48.0,207.57,44.0,199.27,14.550000000000011,96.0,95.0,73.16329988457363,192.0,206.55,191,1.0,36.0,0.01,194.6,
07:35:24,192.82,45.0,199.44,71.0,191.64,66.0,201.0,60.0,196.13,6.6200000000000045,111.0,131.0,34.23649836066827,192.82,199.44,242,-20.0,51.0,-0.08,195.31,13.0
07:35:25,192.92,13.0,198.71,42.0,191.06,36.0,255.92,39.0,195.82,5.7900000000000205,49.0,81.0,3.784445798269085,192.92,198.71,130,-32.0,-112.0,-0.25,198.0,1.0
07:35:26,192.0,9.0,195.2,25.0,191.0,27.0,196.78,27.0,193.6,3.1999999999999886,36.0,52.0,3.1850478803364672,192.0,195.2,88,-16.0,-42.0,-0.18,198.0,
07:35:27,192.0,9.0,196.37,19.0,189.44,27.0,217.35,17.0,194.18,4.3700000000000045,36.0,36.0,2.2144186596114364,192.0,196.37,72,0.0,-16.0,0.0,194.75,4.0
07:35:28,192.0,9.0,195.33,27.0,190.33,27.0,271.0,9.0,193.67,3.3300000000000125,36.0,36.0,1.2081597576624243,192.0,195.33000000000004,72,0.0,0.0,0.0,194.75,
07:35:29,192.0,9.0,193.33,27.0,191.0,27.0,232.65,23.0,192.67,1.3300000000000125,36.0,50.0,1.159943964178744,192.0,193.33000000000004,86,-14.0,14.0,-0.16,194.75,
07:35:30,191.1,20.0,329.19,16.0,189.09,22.0,437.96,28.0,260.14,138.09,42.0,44.0,29.79387638425116,191.1,329.19,86,-2.0,0.0,-0.02,191.33,3.0
07:35:31,190.75,8.0,404.82,22.0,188.58,12.0,625.62,16.0,297.78,214.07,20.0,38.0,48.66284897126395,190.75,404.82,58,-18.0,-28.0,-0.31,191.0,1.0
07:35:32,188.45,22.0,323.95,40.0,186.62,58.0,508.28,36.0,256.2,135.5,80.0,76.0,45.80705043986188,188.45,323.95,156,4.0,98.0,0.03,188.33,3.0
07:35:33,188.0,27.0,189.06,17.0,159.7,20.0,293.8,10.0,188.53,1.0600000000000025,47.0,27.0,47.14736821923414,188.0,189.06,74,20.0,-82.0,0.27,188.33,
07:35:34,188.0,8.0,262.0,8.0,120.75,16.0,408.12,24.0,225.0,74.0,24.0,32.0,41.01171905687509,188.0,262.0,56,-8.0,-18.0,-0.14,188.0,2.0
07:35:35,188.0,7.0,192.0,7.0,86.67,18.0,324.86,21.0,190.0,4.0,25.0,28.0,46.405951342473806,188.0,192.0,53,-3.0,-3.0,-0.06,188.0,
07:35:36,190.94,157.0,223.55,29.0,189.72,29.0,357.56,27.0,207.24,32.610000000000014,186.0,56.0,28.153251677204917,190.94,223.55,242,130.0,168.0,0.54,188.0,
07:35:37,197.1,62.0,265.89,28.0,194.33,30.0,655.0,12.0,231.49,68.78999999999999,92.0,40.0,19.643173623425515,197.1,265.89,132,52.0,-110.0,0.39,188.0,
07:35:38,198.0,24.0,236.14,28.0,197.0,56.0,237.15,26.0,217.07,38.13999999999999,80.0,54.0,16.26264584869393,198.0,236.14,134,26.0,2.0,0.19,188.0,
07:35:39,198.0,42.0,232.92,50.0,197.0,98.0,234.08,52.0,215.46,34.91999999999999,140.0,102.0,15.197669887191298,198.0,232.92,242,38.0,108.0,0.16,188.0,
07:35:40,198.0,30.0,223.42,38.0,197.0,70.0,229.0,36.0,210.71,25.419999999999987,100.0,74.0,9.291422388420546,198.0,223.42,174,26.0,-68.0,0.15,188.0,
07:35:41,197.75,48.0,219.88,66.0,196.26,129.0,222.33,67.0,208.81,22.129999999999995,177.0,133.0,8.923991259522989,197.75,219.88,310,44.0,136.0,0.14,197.5,6.0
07:35:42,197.0,56.0,213.92,48.0,193.0,112.0,216.0,56.0,205.46,16.919999999999987,168.0,104.0,4.7709611191080485,197.0,213.92,272,64.0,-38.0,0.24,197.5,
07:35:43,194.1,58.0,211.44,25.0,192.31,104.0,212.93,28.0,202.77,17.340000000000003,162.0,53.0,4.8835304852165935,194.1,211.44,215,109.0,-57.0,0.51,196.2,5.0
07:35:44,193.0,63.0,209.13,30.0,192.0,108.0,210.48,27.0,201.07,16.129999999999995,171.0,57.0,4.025888721765543,193.0,209.13,228,114.0,13.0,0.5,196.2,
07:35:45,193.0,70.0,208.5,16.0,192.0,120.0,209.94,34.0,200.75,15.5,190.0,50.0,3.378908107664134,193.0,208.5,240,140.0,12.0,0.58,196.2,
07:35:46,192.75,104.0,205.41,41.0,191.62,180.0,206.21,38.0,199.08,12.659999999999997,284.0,79.0,2.4169671077691146,192.75,205.41,363,205.0,123.0,0.56,196.2,
07:35:47,193.99,111.0,198.97,36.0,192.46,24.0,200.29,42.0,196.48,4.97999999999999,135.0,78.0,2.377635379959944,193.99,198.97,213,57.0,-150.0,0.27,196.2,
07:35:48,194.0,80.0,196.64,11.0,193.0,8.0,204.59,29.0,195.32,2.6399999999999864,88.0,40.0,2.558739924266793,194.0,196.64,128,48.0,-85.0,0.38,196.2,
07:35:49,193.94,49.0,195.13,31.0,192.54,13.0,357.31,16.0,194.53,1.1899999999999975,62.0,47.0,2.613114999389897,193.94,195.13,109,15.0,-19.0,0.14,194.0,10.0
07:35:50,192.4,10.0,341.26,19.0,190.27,59.0,582.2,15.0,266.83,148.86,69.0,34.0,31.565429982815697,192.4,341.26,103,35.0,-6.0,0.34,193.0,1.0
07:35:51,192.0,16.0,440.38,24.0,190.0,136.0,625.0,24.0,316.19,248.38,152.0,48.0,55.440721045095074,192.0,440.38,200,104.0,97.0,0.52,193.0,
07:35:52,190.0,137.0,392.56,27.0,189.0,18.0,553.0,27.0,291.28,202.56,155.0,54.0,55.66682629717679,190.0,392.56,209,101.0,9.0,0.48,190.0,6.0
07:35:53,190.11,72.0,242.25,24.0,189.6,30.0,553.0,24.0,216.18,52.13999999999999,102.0,48.0,50.85267121794149,190.11,242.25,150,54.0,-59.0,0.36,190.0,2.0
07:35:54,191.0,25.0,210.0,24.0,190.0,72.0,470.85,26.0,200.5,19.0,97.0,50.0,49.05755222185525,191.0,210.0,147,47.0,-3.0,0.32,191.0,1.0
07:35:55,191.4,30.0,443.06,32.0,190.0,90.0,513.27,37.0,317.23,251.66,120.0,69.0,55.966527764370525,191.4,443.06,189,51.0,42.0,0.27,191.0,
07:35:56,192.0,30.0,414.46,37.0,190.0,90.0,529.09,33.0,303.23,222.46,120.0,70.0,53.43558580197336,192.0,414.46,190,50.0,1.0,0.26,191.0,
07:35:57,197.0,144.0,236.95,40.0,192.0,27.0,304.47,36.0,216.97,39.94999999999999,171.0,76.0,54.85196140522284,197.0,236.95,247,95.0,57.0,0.38,191.0,
07:35:58,197.0,114.0,215.0,40.0,194.0,32.0,278.0,32.0,206.0,18.0,146.0,72.0,56.6197132631388,197.0,215.0,218,74.0,-29.0,0.34,197.0,2.0
07:35:59,197.0,126.0,214.11,45.0,194.61,57.0,405.59,34.0,205.56,17.110000000000014,183.0,79.0,55.57651545392223,197.0,214.11,262,104.0,44.0,0.4,197.0,
07:36:00,197.18,51.0,213.33,60.0,196.79,141.0,361.74,38.0,205.25,16.150000000000006,192.0,98.0,42.67476385406314,197.18,213.33,290,94.0,28.0,0.32,197.0,
07:36:01,197.07,69.0,212.0,60.0,196.33,105.0,425.65,46.0,204.54,14.930000000000009,174.0,106.0,5.229343170996941,197.07,212.0,280,68.0,-10.0,0.24,197.14,7.0
07:36:02,197.0,80.0,211.3,50.0,195.0,50.0,421.6,40.0,204.15,14.300000000000011,130.0,90.0,0.7516980777228626,197.0,211.3,220,40.0,-60.0,0.18,197.14,
07:36:03,197.0,85.0,209.71,70.0,195.0,70.0,436.9,49.0,203.36,12.710000000000008,155.0,119.0,0.8780489736069605,197.0,209.71,274,36.0,54.0,0.13,197.0,3.0
07:36:04,197.0,60.0,208.0,60.0,195.0,60.0,231.57,42.0,202.5,11.0,120.0,102.0,1.0639783832635985,197.0,208.0,222,18.0,-52.0,0.08,197.0,
07:36:05,197.0,47.0,208.0,50.0,195.0,50.0,251.27,33.0,202.5,11.0,97.0,83.0,0.9331666518110282,197.0,208.0,180,14.0,-42.0,0.08,197.0,3.0
07:36:06,197.0,20.0,202.03,59.0,195.0,60.0,286.8,46.0,199.52,5.030000000000001,80.0,105.0,1.753448031751211,197.0,202.03,185,-25.0,5.0,-0.14,197.0,1.0
07:36:07,194.22,41.0,198.0,45.0,193.78,37.0,495.25,32.0,196.11,3.780000000000001,78.0,77.0,2.998669705061256,194.22,198.0,155,1.0,-30.0,0.01,194.6,5.0
07:36:08,194.09,23.0,197.0,45.0,193.04,28.0,500.24,42.0,195.54,2.9099999999999966,51.0,87.0,3.3473989902687373,194.09,197.0,138,-36.0,-17.0,-0.26,194.0,4.0
07:36:09,193.18,22.0,195.5,40.0,192.38,13.0,382.11,36.0,194.34,2.319999999999993,35.0,76.0,3.3461799114889503,193.18,195.5,111,-41.0,-27.0,-0.37,194.0,5.0
07:36:10,192.53,76.0,206.15,66.0,191.69,29.0,307.79,56.0,199.34,13.620000000000005,105.0,122.0,2.3356369581020524,192.53,206.15,227,-17.0,116.0,-0.07,194.0,9.0
07:36:11,192.0,34.0,410.0,39.0,191.0,10.0,585.84,31.0,301.0,218.0,44.0,70.0,46.84528023184463,192.0,410.0,114,-26.0,-113.0,-0.23,194.0,
07:36:12,191.0,27.0,270.0,18.0,189.92,65.0,610.67,24.0,230.5,79.0,92.0,42.0,45.46688113341461,191.0,270.0,134,50.0,20.0,0.37,191.75,4.0
07:36:13,192.71,21.0,318.73,22.0,190.0,84.0,538.0,24.0,255.72,126.02,105.0,46.0,43.941659049244535,192.71,318.73,151,59.0,17.0,0.39,191.75,
07:36:15,194.0,15.0,467.04,23.0,190.0,60.0,574.29,14.0,330.52,273.04,75.0,37.0,47.42974467567852,194.0,467.04,112,38.0,-55.0,0.34,191.75,
07:36:18,194.0,7.0,438.36,33.0,190.0,84.0,533.52,23.0,316.18,244.36,91.0,56.0,30.604315872112803,194.0,438.36,147,35.0,21.0,0.24,191.75,
07:36:19,194.0,7.0,365.86,21.0,190.0,84.0,461.27,33.0,279.93,171.86,91.0,54.0,42.18419312965527,194.0,365.86,145,37.0,-2.0,0.26,191.75,
07:36:20,190.0,48.0,252.57,28.0,189.0,60.0,379.0,18.0,221.29,62.56999999999999,108.0,46.0,65.16574966959296,190.0,252.57,154,62.0,9.0,0.4,190.8,5.0
07:36:21,190.57,112.0,242.33,27.0,189.11,146.0,250.75,51.0,216.45,51.76000000000002,258.0,78.0,54.517451609553945,190.57,242.33000000000004,336,180.0,168.0,0.54,190.8,
07:36:22,196.8,50.0,218.64,14.0,190.22,90.0,225.75,36.0,207.72,21.83999999999997,140.0,50.0,47.431132497549086,196.8,218.64,190,90.0,-146.0,0.47,198.0,4.0
07:36:23,192.0,51.0,206.09,11.0,190.0,103.0,244.1,49.0,199.05,14.090000000000003,154.0,60.0,31.922208883472617,192.0,206.09000000000003,214,94.0,24.0,0.44,192.0,4.0
07:36:24,194.86,14.0,203.49,47.0,191.6,86.0,221.57,28.0,199.17,8.629999999999995,100.0,75.0,10.043255448312545,194.86,203.49,175,25.0,-39.0,0.14,192.0,
07:36:25,194.42,19.0,198.9,42.0,192.96,47.0,200.0,31.0,196.66,4.480000000000018,66.0,73.0,8.22142627529191,194.42,198.90000000000003,139,-7.0,-36.0,-0.05,196.0,1.0
07:36:26,193.0,35.0,195.33,27.0,192.0,7.0,196.3,23.0,194.17,2.3300000000000125,42.0,50.0,5.105088637826048,193.0,195.33000000000004,92,-8.0,-47.0,-0.09,196.0,
07:36:27,191.57,7.0,193.14,21.0,190.09,43.0,194.81,31.0,192.36,1.5699999999999932,50.0,52.0,2.999494957498794,191.57,193.14,102,-2.0,10.0,-0.02,192.83,6.0
07:36:28,190.07,42.0,191.6,20.0,189.72,54.0,194.45,22.0,190.84,1.5300000000000011,96.0,42.0,3.3339391116306696,190.07,191.6,138,54.0,36.0,0.39,191.0,1.0
07:36:29,190.0,105.0,191.0,36.0,188.37,19.0,192.0,27.0,190.5,1.0,124.0,63.0,2.5517405824379558,190.0,191.0,187,61.0,49.0,0.33,190.0,6.0
07:36:30,190.0,40.0,191.0,28.0,189.0,7.0,301.14,21.0,190.5,1.0,47.0,49.0,1.5931666579679642,190.0,191.0,96,-2.0,-91.0,-0.02,190.0,3.0
07:36:31,190.04,23.0,234.89,27.0,184.83,24.0,549.5,24.0,212.47,44.85,47.0,51.0,9.610129031394989,190.04,234.89,98,-4.0,2.0,-0.04,192.14,7.0
07:36:32,197.0,27.0,319.89,27.0,188.09,44.0,670.89,27.0,258.44,122.89,71.0,54.0,29.451772442419507,197.0,319.89,125,17.0,27.0,0.14,192.14,
07:36:34,197.0,18.0,468.33,12.0,190.0,6.0,707.5,12.0,332.67,271.33,24.0,24.0,74.10626174622537,197.0,468.33,48,0.0,-12.0,0.0,192.14,
07:36:35,197.0,24.0,387.5,8.0,190.98,86.0,417.5,24.0,292.25,190.5,110.0,32.0,58.87358516346756,197.0,387.5,142,78.0,94.0,0.55,192.14,
07:36:36,197.0,31.0,277.48,21.0,191.0,154.0,437.08,13.0,237.24,80.48000000000002,185.0,34.0,51.10462454612173,197.0,277.48,219,151.0,77.0,0.69,197.0,2.0
07:36:37,191.32,76.0,271.0,10.0,190.9,62.0,272.0,20.0,231.16,79.68,138.0,30.0,57.24688227318643,191.32,271.0,168,108.0,-51.0,0.64,193.0,3.0
07:36:38,191.0,106.0,270.04,28.0,190.0,22.0,300.2,10.0,230.52,79.04000000000002,128.0,38.0,45.89704750852788,191.0,270.04,166,90.0,-2.0,0.54,191.0,2.0
07:36:39,191.01,71.0,221.62,24.0,190.22,45.0,252.7,20.0,206.32,30.610000000000014,116.0,44.0,31.77569228199541,191.01,221.62,160,72.0,-6.0,0.45,191.0,
07:36:40,193.27,11.0,210.82,17.0,191.07,83.0,217.93,29.0,202.05,17.549999999999983,94.0,46.0,16.05575971419792,193.27,210.82,140,48.0,-20.0,0.34,191.0,
07:36:41,195.0,16.0,208.25,28.0,193.88,16.0,210.09,34.0,201.62,13.25,32.0,62.0,15.181135662395622,195.0,208.25,94,-30.0,-46.0,-0.32,191.0,
07:36:42,194.14,57.0,206.14,37.0,192.68,53.0,208.57,23.0,200.14,12.0,110.0,60.0,12.725710196293951,194.14,206.14,170,50.0,76.0,0.29,194.2,5.0
07:36:43,194.0,20.0,204.54,28.0,192.0,50.0,205.5,12.0,199.27,10.539999999999992,70.0,40.0,2.7225814955771823,194.0,204.54,110,30.0,-60.0,0.27,194.0,5.0
07:36:44,194.0,24.0,202.38,16.0,192.0,60.0,203.06,32.0,198.19,8.379999999999995,84.0,48.0,1.6072429810265656,194.0,202.38,132,36.0,22.0,0.27,194.0,
07:36:45,194.0,32.0,200.15,46.0,192.0,80.0,201.31,39.0,197.08,6.150000000000006,112.0,85.0,1.7493856064513158,194.0,200.15,197,27.0,65.0,0.14,194.0,
07:36:46,193.69,26.0,197.39,36.0,191.86,59.0,198.16,43.0,195.54,3.6999999999999886,85.0,79.0,1.8108644344784424,193.69,197.39,164,6.0,-33.0,0.04,193.33,3.0
07:36:47,192.0,30.0,193.97,36.0,190.0,32.0,195.61,18.0,192.99,1.9699999999999989,62.0,54.0,2.451638227809887,192.0,193.97,116,8.0,-48.0,0.07,192.0,1.0
07:36:48,190.61,49.0,192.07,71.0,188.5,80.0,196.57,58.0,191.34,1.4599999999999795,129.0,129.0,2.838392150506807,190.61,192.07,258,0.0,142.0,0.0,191.5,4.0
07:36:49,184.29,49.0,190.86,37.0,140.94,32.0,302.64,53.0,187.58,6.570000000000022,81.0,90.0,3.714361317919738,184.29,190.86,171,-9.0,-87.0,-0.05,189.89,9.0
07:36:50,188.0,22.0,190.36,22.0,137.33,27.0,348.32,31.0,189.18,2.3600000000000136,49.0,53.0,3.1290861285778457,188.0,190.36,102,-4.0,-69.0,-0.04,189.89,
07:36:51,183.61,33.0,195.32,31.0,158.08,71.0,258.47,45.0,189.46,11.70999999999998,104.0,76.0,2.091387099524665,183.61,195.32,180,28.0,78.0,0.16,190.29,7.0
07:36:52,159.0,45.0,185.54,26.0,131.23,13.0,214.62,13.0,172.27,26.539999999999992,58.0,39.0,7.771793872720607,159.0,185.54,97,19.0,-83.0,0.2,185.0,1.0
07:36:53,150.43,23.0,192.0,7.0,74.0,10.0,236.0,11.0,171.22,41.56999999999999,33.0,18.0,9.343512187612166,150.43,192.0,51,15.0,-46.0,0.29,185.0,3.0
07:36:54,154.22,18.0,287.7,10.0,153.75,24.0,381.91,22.0,220.96,133.48,42.0,32.0,20.105828010804675,154.22,287.7,74,10.0,23.0,0.14,185.0,
07:36:55,191.0,9.0,427.64,25.0,190.0,36.0,457.22,27.0,309.32,236.64,45.0,52.0,57.66045074398968,191.0,427.64,97,-7.0,23.0,-0.07,185.0,
07:36:56,191.0,12.0,393.19,32.0,190.0,48.0,424.42,36.0,292.09,202.19,60.0,68.0,65.12696346368425,191.0,393.19,128,-8.0,31.0,-0.06,185.0,
07:36:57,196.25,32.0,201.07,29.0,190.3,23.0,314.86,21.0,198.66,4.819999999999993,55.0,50.0,59.809747533324895,196.25,201.07,105,5.0,-23.0,0.05,185.0,
07:36:58,197.0,56.0,199.93,42.0,191.29,14.0,316.43,42.0,198.46,2.930000000000007,70.0,84.0,53.00883718777525,197.0,199.93,154,-14.0,49.0,-0.09,185.0,
07:36:59,197.0,40.0,199.0,30.0,193.0,10.0,346.12,17.0,198.0,2.0,50.0,47.0,56.379937743847,197.0,199.0,97,3.0,-57.0,0.03,185.0,
07:37:00,197.0,40.0,199.0,30.0,193.0,10.0,244.0,33.0,198.0,2.0,50.0,63.0,41.95410134897495,197.0,199.0,113,-13.0,16.0,-0.12,185.0,
07:37:01,195.95,37.0,198.1,30.0,193.76,34.0,255.43,28.0,197.02,2.1500000000000057,71.0,58.0,0.6331824382133585,195.95,198.1,129,13.0,16.0,0.1,197.0,2.0
07:37:02,194.0,90.0,197.14,21.0,193.0,9.0,232.26,19.0,195.57,3.1399999999999864,99.0,40.0,1.155032467102904,194.0,197.14,139,59.0,10.0,0.42,194.88,8.0
07:37:03,194.0,120.0,196.76,42.0,192.11,75.0,361.34,35.0,195.38,2.759999999999991,195.0,77.0,1.2705825435845557,194.0,196.76,272,118.0,133.0,0.43,194.88,
07:37:04,194.0,44.0,241.1,20.0,192.0,63.0,304.79,14.0,217.55,47.1,107.0,34.0,9.478582699964278,194.0,241.1,141,73.0,-131.0,0.52,194.0,6.0
07:37:05,194.0,16.0,302.0,16.0,192.0,56.0,478.25,16.0,248.0,108.0,72.0,32.0,22.852648205406364,194.0,302.0,104,40.0,-37.0,0.38,194.0,
07:37:06,194.0,20.0,316.6,20.0,192.0,70.0,400.0,14.0,255.3,122.60000000000002,90.0,34.0,28.33378636892824,194.0,316.6,124,56.0,20.0,0.45,194.0,
07:37:07,194.0,12.0,308.67,12.0,192.0,42.0,345.83,12.0,251.33,114.67000000000002,54.0,24.0,26.033320379852896,194.0,308.67,78,30.0,-46.0,0.38,194.0,
07:37:08,192.71,28.0,298.75,16.0,191.85,41.0,461.8,20.0,245.73,106.04,69.0,36.0,14.99283728985494,192.71,298.75,105,33.0,27.0,0.31,193.33,3.0
07:37:09,192.12,48.0,251.75,24.0,191.56,32.0,292.74,23.0,221.94,59.63,80.0,47.0,13.095776036572442,192.12,251.75,127,33.0,22.0,0.26,193.33,
07:37:10,193.97,160.0,234.54,26.0,192.02,86.0,238.93,43.0,214.26,40.56999999999999,246.0,69.0,18.42436077588756,193.97,234.54,315,177.0,168.0,0.56,193.33,
07:37:11,194.0,131.0,226.06,16.0,192.0,66.0,227.65,17.0,210.03,32.06,197.0,33.0,18.741058401276657,194.0,226.06,230,164.0,-85.0,0.71,194.0,4.0
07:37:12,194.0,128.0,223.43,28.0,192.0,96.0,224.0,23.0,208.71,29.430000000000007,224.0,51.0,15.21117451086735,194.0,223.43,275,173.0,45.0,0.63,194.0,
07:37:13,194.0,120.0,216.75,24.0,192.0,90.0,217.76,21.0,205.38,22.75,210.0,45.0,6.372207623740703,194.0,216.75,255,165.0,-20.0,0.65,194.0,
07:37:14,194.0,80.0,214.36,11.0,192.0,66.0,216.0,22.0,204.18,20.360000000000014,146.0,33.0,3.998708541524166,194.0,214.36,179,113.0,-76.0,0.63,194.0,1.0
07:37:15,194.0,63.0,213.0,14.0,192.0,54.0,214.31,13.0,203.5,19.0,117.0,27.0,2.8672199078650964,194.0,213.0,144,90.0,-35.0,0.62,194.0,
07:37:16,194.0,63.0,210.54,13.0,192.0,39.0,212.43,14.0,202.27,16.539999999999992,102.0,27.0,2.4545610605681905,194.0,210.54,129,75.0,-15.0,0.58,194.0,
07:37:17,193.31,105.0,209.38,16.0,191.74,46.0,210.13,23.0,201.34,16.069999999999993,151.0,39.0,1.584102269443926,193.31,209.38,190,112.0,61.0,0.59,194.0,7.0
07:37:18,193.73,165.0,205.69,42.0,192.0,37.0,206.71,24.0,199.71,11.960000000000008,202.0,66.0,1.771651771668815,193.73,205.69,268,136.0,78.0,0.51,194.0,
07:37:19,194.0,105.0,202.43,7.0,192.0,21.0,204.0,14.0,198.21,8.430000000000007,126.0,21.0,2.087254177156469,194.0,202.43,147,105.0,-121.0,0.71,194.0,
07:37:20,194.0,180.0,198.9,20.0,192.0,85.0,200.52,25.0,196.45,4.900000000000006,265.0,45.0,2.3464398564755613,194.0,198.9,310,220.0,163.0,0.71,194.0,5.0
07:37:21,194.0,60.0,197.0,10.0,192.0,49.0,198.0,20.0,195.5,3.0,109.0,30.0,2.3708374048122574,194.0,197.0,139,79.0,-168.0,0.57,194.0,6.0
07:37:22,193.36,44.0,195.7,10.0,191.79,66.0,212.0,24.0,194.53,2.339999999999975,110.0,34.0,2.085041966018136,193.36,195.7,144,76.0,5.0,0.53,194.0,4.0
07:37:23,192.0,42.0,193.67,6.0,191.0,42.0,266.87,23.0,192.83,1.6699999999999875,84.0,29.0,2.0196732409121587,192.0,193.67,113,55.0,-31.0,0.49,194.0,
07:37:24,192.0,65.0,429.0,25.0,191.0,70.0,620.94,31.0,310.5,237.0,135.0,56.0,51.74762091149756,192.0,429.0,191,79.0,78.0,0.41,192.0,1.0
07:37:25,192.35,17.0,388.12,32.0,191.68,44.0,577.62,24.0,290.24,195.77,61.0,56.0,58.55189023421926,192.35,388.12,117,5.0,-74.0,0.04,192.0,1.0
07:37:26,193.0,10.0,292.63,38.0,192.0,47.0,449.72,32.0,242.82,99.63,57.0,70.0,53.859958503512246,193.0,292.63,127,-13.0,10.0,-0.1,192.0,
07:37:27,192.46,26.0,236.03,29.0,191.76,58.0,257.44,27.0,214.25,43.56999999999999,84.0,56.0,49.69267923950229,192.46,236.03,140,28.0,13.0,0.2,194.0,1.0
07:37:28,192.0,50.0,231.6,15.0,191.0,35.0,488.25,16.0,211.8,39.6,85.0,31.0,44.69746100171756,192.0,231.6,116,54.0,-24.0,0.47,194.0,
07:37:29,192.0,68.0,235.64,33.0,191.0,104.0,325.3,37.0,213.82,43.63999999999999,172.0,70.0,33.64947220982912,192.0,235.64,242,102.0,126.0,0.42,192.0,2.0
07:37:30,192.4,20.0,235.0,44.0,191.03,116.0,238.45,33.0,213.7,42.6,136.0,77.0,13.194041079216872,192.4,235.0,213,59.0,-29.0,0.28,192.0,5.0
07:37:31,191.04,196.0,234.0,40.0,190.22,18.0,249.0,30.0,212.52,42.96000000000001,214.0,70.0,1.0195194946948698,191.04,234.0,284,144.0,71.0,0.51,192.25,4.0
07:37:32,191.0,192.0,232.03,32.0,190.0,16.0,312.35,20.0,211.52,41.03,208.0,52.0,1.0589239821927474,191.0,232.03,260,156.0,-24.0,0.6,192.25,
07:37:33,191.0,345.0,229.21,33.0,188.85,145.0,229.31,58.0,210.11,38.21000000000001,490.0,91.0,1.558646849053045,191.0,229.21,581,399.0,168.0,0.69,191.0,5.0
07:37:34,191.0,209.0,223.83,35.0,189.0,209.0,224.85,20.0,207.41,32.83000000000001,418.0,55.0,2.4257720420648003,191.0,223.83,473,363.0,-108.0,0.77,191.0,
07:37:35,191.0,171.0,217.88,33.0,189.07,143.0,219.08,12.0,204.44,26.879999999999995,314.0,45.0,3.2823238719028955,191.0,217.88,359,269.0,-114.0,0.75,191.0,
07:37:36,191.0,228.0,213.98,58.0,190.0,60.0,216.2,50.0,202.49,22.97999999999999,288.0,108.0,3.774126388989104,191.0,213.98,396,180.0,37.0,0.45,191.0,
07:37:37,191.0,189.0,209.71,34.0,190.0,55.0,211.19,43.0,200.35,18.710000000000008,244.0,77.0,3.8777699777145545,191.0,209.71,321,167.0,-75.0,0.52,191.0,4.0
07:37:38,191.0,210.0,204.26,31.0,190.0,70.0,205.44,48.0,197.63,13.259999999999993,280.0,79.0,3.748490362808029,191.0,204.26,359,201.0,38.0,0.56,191.0,
07:37:39,197.0,13.0,201.4,60.0,191.0,195.0,201.9,20.0,199.2,4.400000000000006,208.0,80.0,2.688618604425874,197.0,201.4,288,128.0,-71.0,0.44,191.0,
07:37:40,196.5,6.0,198.04,24.0,191.07,76.0,199.44,9.0,197.27,1.539999999999992,82.0,33.0,2.130708802268659,196.5,198.04,115,49.0,-168.0,0.43,197.0,1.0
07:37:41,192.88,24.0,197.73,22.0,190.96,140.0,243.82,28.0,195.3,4.849999999999994,164.0,50.0,1.9306605087547903,192.88,197.73,214,114.0,99.0,0.53,196.0,1.0
07:37:42,191.0,135.0,195.22,9.0,190.0,45.0,200.0,9.0,193.11,4.219999999999999,180.0,18.0,2.350099997886353,191.0,195.22,198,162.0,-16.0,0.82,196.0,
07:37:43,191.0,171.0,192.68,34.0,190.0,60.0,193.69,16.0,191.84,1.6800000000000068,231.0,50.0,2.993698381611876,191.0,192.68,281,181.0,83.0,0.64,191.0,3.0
07:37:44,191.0,204.0,193.0,31.0,190.0,85.0,287.17,29.0,192.0,2.0,289.0,60.0,2.334230065795949,191.0,193.0,349,229.0,68.0,0.66,191.0,
07:37:45,191.0,139.0,192.64,14.0,190.0,70.0,235.12,17.0,191.82,1.6399999999999864,209.0,31.0,1.4888854892388057,191.0,192.64,240,178.0,-109.0,0.74,191.0,5.0
07:37:46,191.0,44.0,192.75,8.0,190.0,40.0,244.0,8.0,191.88,1.75,84.0,16.0,0.5522680509190634,191.0,192.75,100,68.0,-140.0,0.68,191.0,4.0
07:37:47,190.57,21.0,197.4,20.0,188.82,61.0,221.0,12.0,193.99,6.8300000000000125,82.0,32.0,0.9439703385519744,190.57,197.4,114,50.0,14.0,0.44,190.6,5.0
07:37:48,191.25,32.0,200.1,30.0,188.29,84.0,218.0,18.0,195.68,8.849999999999994,116.0,48.0,1.716240076465373,191.25,200.1,164,68.0,50.0,0.41,190.6,
07:37:49,195.0,16.0,208.9,20.0,193.0,16.0,360.5,12.0,201.95,13.900000000000006,32.0,32.0,4.171669929424617,195.0,208.9,64,0.0,-100.0,0.0,190.6,
07:37:50,193.4,20.0,244.0,10.0,189.36,44.0,402.9,30.0,218.7,50.6,64.0,40.0,10.87705612746688,193.4,244.0,104,24.0,40.0,0.23,190.6,
07:37:51,191.26,19.0,238.0,10.0,188.59,58.0,459.0,30.0,214.63,46.74000000000001,77.0,40.0,11.155843760113534,191.26,238.0,117,37.0,13.0,0.32,191.0,4.0
07:37:52,190.18,11.0,319.0,21.0,189.07,29.0,444.18,33.0,254.59,128.82,40.0,54.0,22.926509764900167,190.18,319.0,94,-14.0,-23.0,-0.15,191.0,
07:37:53,190.5,16.0,295.06,17.0,188.2,40.0,462.83,23.0,242.78,104.56,56.0,40.0,21.55528589464917,190.5,295.06,96,16.0,2.0,0.17,190.0,3.0
07:37:54,196.0,18.0,253.15,41.0,190.0,18.0,292.88,25.0,224.57,57.150000000000006,36.0,66.0,16.998924377738167,196.0,253.15,102,-30.0,6.0,-0.29,190.0,
07:37:55,198.0,24.0,251.35,57.0,189.0,24.0,341.03,33.0,224.68,53.35,48.0,90.0,16.098976675554898,198.0,251.35,138,-42.0,36.0,-0.3,190.0,
07:37:56,190.2,15.0,219.6,62.0,188.01,223.0,287.73,41.0,204.9,29.40000000000001,238.0,103.0,19.07440510212732,190.2,219.6,341,135.0,168.0,0.4,195.0,3.0
07:37:57,191.08,53.0,203.0,45.0,165.42,31.0,350.78,18.0,197.04,11.919999999999987,84.0,63.0,18.094302418166404,191.08,203.0,147,21.0,-168.0,0.14,195.0,4.0
07:37:58,188.95,139.0,202.1,50.0,183.23,88.0,321.73,22.0,195.52,13.150000000000006,227.0,72.0,14.398476308278736,188.95,202.1,299,155.0,152.0,0.52,195.0,
07:37:59,192.0,134.0,201.33,60.0,188.0,228.0,369.32,25.0,196.67,9.330000000000013,362.0,85.0,12.27059574756112,192.0,201.33,447,277.0,148.0,0.62,192.0,1.0
07:38:00,192.0,209.0,200.0,55.0,188.0,195.0,389.0,22.0,196.0,8.0,404.0,77.0,3.887400159498101,192.0,200.0,481,327.0,34.0,0.68,192.0,2.0
07:38:01,192.06,128.0,200.0,35.0,189.36,141.0,389.0,14.0,196.03,7.939999999999998,269.0,49.0,0.6008910051466475,192.06,200.0,318,220.0,-163.0,0.69,192.0,
07:38:02,192.12,136.0,200.0,45.0,190.12,181.0,229.89,18.0,196.06,7.8799999999999955,317.0,63.0,0.4086930389255317,192.12,200.0,380,254.0,62.0,0.67,193.0,4.0
07:38:03,192.0,168.0,200.0,40.0,189.24,58.0,319.8,20.0,196.0,8.0,226.0,60.0,0.2906372310392687,192.0,200.0,286,166.0,-94.0,0.58,193.0,
07:38:04,192.0,170.0,199.17,29.0,191.0,36.0,212.63,43.0,195.59,7.169999999999988,206.0,72.0,0.1950128202611688,192.0,199.17,278,134.0,-8.0,0.48,192.0,5.0
07:38:05,192.0,145.0,197.49,43.0,191.0,64.0,198.42,45.0,194.74,5.490000000000009,209.0,88.0,0.5614534709717678,192.0,197.49,297,121.0,19.0,0.41,192.0,
07:38:06,192.0,35.0,196.0,32.0,191.0,98.0,197.0,21.0,194.0,4.0,133.0,53.0,0.8878175488614287,192.0,196.0,186,80.0,-111.0,0.43,196.0,1.0
07:38:07,192.0,65.0,194.54,52.0,191.0,182.0,197.0,39.0,193.27,2.539999999999992,247.0,91.0,1.1198883873254584,192.0,194.54,338,156.0,152.0,0.46,196.0,
07:38:08,192.48,42.0,199.78,46.0,191.03,144.0,248.66,47.0,196.13,7.300000000000011,186.0,93.0,1.1578989593511235,192.48,199.78,279,93.0,-59.0,0.33,193.71,7.0
07:38:09,193.24,21.0,241.18,51.0,192.47,19.0,397.1,40.0,217.21,47.94,40.0,91.0,10.19555050009884,193.24,241.18,131,-51.0,-148.0,-0.39,193.0,4.0
07:38:10,193.11,27.0,228.0,33.0,192.53,17.0,284.25,32.0,210.56,34.889999999999986,44.0,65.0,10.943191033700598,193.11,228.0,109,-21.0,-22.0,-0.19,194.0,1.0
07:38:11,195.5,16.0,243.4,10.0,192.9,20.0,376.82,22.0,219.45,47.900000000000006,36.0,32.0,12.02149241983142,195.5,243.4,68,4.0,-41.0,0.06,197.0,2.0
07:38:12,197.0,8.0,249.25,8.0,193.0,24.0,283.0,16.0,223.12,52.25,32.0,24.0,10.628491426353191,197.0,249.25,56,8.0,-12.0,0.14,197.0,
07:38:13,193.69,35.0,246.73,15.0,192.72,25.0,289.82,33.0,220.21,53.03999999999999,60.0,48.0,4.720121820468456,193.69,246.73,108,12.0,52.0,0.11,197.0,1.0
07:38:14,193.0,35.0,245.31,13.0,192.0,11.0,246.1,20.0,219.15,52.31,46.0,33.0,4.707363380923804,193.0,245.31,79,13.0,-29.0,0.16,193.0,2.0
07:38:15,193.0,30.0,244.0,16.0,192.0,108.0,245.0,14.0,218.5,51.0,138.0,30.0,1.8039207299829103,193.0,244.0,168,108.0,89.0,0.64,193.0,
07:38:16,193.0,30.0,239.0,12.0,190.23,79.0,243.0,18.0,216.0,46.0,109.0,30.0,2.594557765797901,193.0,239.0,139,79.0,-29.0,0.57,193.0,
07:38:17,193.0,51.0,219.47,30.0,192.0,51.0,242.13,30.0,206.23,26.47,102.0,60.0,5.686560471854916,193.0,219.47,162,42.0,23.0,0.26,193.0,
07:38:18,192.4,15.0,194.0,28.0,190.73,33.0,246.5,8.0,193.2,1.5999999999999943,48.0,36.0,11.028691218819386,192.4,194.0,84,12.0,-78.0,0.14,193.0,3.0
07:38:19,192.0,45.0,251.02,62.0,190.0,105.0,256.59,22.0,221.51,59.02000000000001,150.0,84.0,11.52458545892492,192.0,251.02,234,66.0,150.0,0.28,193.0,
07:38:20,191.33,36.0,232.06,51.0,190.18,68.0,260.68,44.0,211.7,40.72999999999999,104.0,95.0,10.810331632288804,191.33,232.06,199,9.0,-35.0,0.05,192.0,3.0
07:38:21,191.0,18.0,230.83,24.0,190.0,42.0,262.33,21.0,210.92,39.83000000000001,60.0,45.0,10.300178153802198,191.0,230.83,105,15.0,-94.0,0.14,192.0,
07:38:22,190.0,74.0,231.25,40.0,189.0,98.0,233.59,58.0,210.62,41.25,172.0,98.0,10.22252904129227,190.0,231.25,270,74.0,165.0,0.27,190.6,5.0
07:38:23,190.0,63.0,228.27,37.0,189.0,58.0,230.58,24.0,209.14,38.27000000000001,121.0,61.0,4.968754371073607,190.0,228.27,182,60.0,-88.0,0.33,190.6,
07:38:24,190.0,70.0,228.71,41.0,189.0,20.0,229.45,29.0,209.35,38.71000000000001,90.0,70.0,1.0821644976913452,190.0,228.71,160,20.0,-22.0,0.12,190.0,3.0
07:38:25,191.11,71.0,225.47,34.0,189.81,108.0,297.66,64.0,208.29,34.359999999999985,179.0,98.0,1.090013761410234,191.11,225.47,277,81.0,117.0,0.29,190.0,
07:38:26,193.0,52.0,223.3,20.0,191.77,31.0,275.52,25.0,208.15,30.30000000000001,83.0,45.0,0.9915392075272595,193.0,223.3,128,38.0,-149.0,0.3,190.0,
07:38:27,193.0,42.0,219.16,19.0,192.0,26.0,220.15,20.0,206.08,26.16,68.0,39.0,1.295287612873644,193.0,219.16,107,29.0,-21.0,0.27,193.0,2.0
07:38:28,192.09,22.0,215.19,21.0,191.03,72.0,216.42,12.0,203.64,23.099999999999994,94.0,33.0,2.268979947038782,192.09000000000003,215.19,127,61.0,20.0,0.48,193.0,2.0
07:38:29,192.92,49.0,214.0,34.0,191.93,212.0,215.0,17.0,203.46,21.080000000000013,261.0,51.0,2.338018391729264,192.92,214.0,312,210.0,168.0,0.67,193.0,5.0
07:38:30,193.0,9.0,212.29,14.0,192.0,18.0,213.62,13.0,202.64,19.289999999999992,27.0,27.0,2.2730772094375764,193.0,212.29,54,0.0,-168.0,0.0,193.0,
07:38:31,193.0,14.0,210.25,24.0,192.0,28.0,211.4,20.0,201.62,17.25,42.0,44.0,1.6546056932286777,193.0,210.25,86,-2.0,32.0,-0.02,193.0,
07:38:32,192.58,12.0,207.13,15.0,191.29,49.0,208.3,23.0,199.86,14.549999999999985,61.0,38.0,1.5537953533412816,192.58,207.13,99,23.0,13.0,0.23,192.5,2.0
07:38:33,191.29,69.0,205.83,24.0,190.11,66.0,207.0,12.0,198.56,14.54000000000002,135.0,36.0,2.0074162498259183,191.29,205.83,171,99.0,72.0,0.58,192.5,
07:38:34,191.14,84.0,204.27,30.0,189.4,105.0,207.0,15.0,197.7,13.130000000000024,189.0,45.0,2.0584168674166383,191.14,204.27,234,144.0,63.0,0.62,191.8,5.0
07:38:35,191.19,52.0,201.07,28.0,190.1,109.0,202.27,30.0,196.13,9.879999999999995,161.0,58.0,2.089803818559416,191.19,201.07,219,103.0,-15.0,0.47,191.8,
07:38:36,192.73,15.0,199.27,15.0,191.31,35.0,201.0,30.0,196.0,6.5400000000000205,50.0,45.0,1.6391766225961262,192.73,199.27,95,5.0,-124.0,0.05,191.8,
07:38:37,193.53,15.0,196.0,19.0,192.1,20.0,197.15,26.0,194.77,2.469999999999999,35.0,45.0,1.4980220292324422,193.53,196.0,80,-10.0,-15.0,-0.12,194.0,1.0
07:38:38,191.44,36.0,193.83,18.0,189.99,97.0,195.5,18.0,192.64,2.390000000000015,133.0,36.0,1.8832073704363508,191.44,193.83,169,97.0,89.0,0.57,191.67,3.0
07:38:39,191.0,32.0,192.62,13.0,189.0,63.0,193.29,14.0,191.81,1.6200000000000043,95.0,27.0,1.962842326847961,191.0,192.62,122,68.0,-47.0,0.56,191.0,1.0
07:38:40,191.0,20.0,192.0,10.0,189.0,70.0,193.0,20.0,191.5,1.0,90.0,30.0,1.9581189953795024,191.0,192.0,120,60.0,-2.0,0.5,191.0,3.0
07:38:41,189.0,91.0,232.28,25.0,188.0,78.0,339.72,29.0,210.64,43.28,169.0,54.0,8.132777508334133,189.0,232.28,223,115.0,103.0,0.52,191.67,3.0
07:38:42,190.0,76.0,274.31,39.0,188.79,58.0,382.8,30.0,232.15,84.31,134.0,69.0,17.819162999424655,190.0,274.31,203,65.0,-20.0,0.32,189.0,5.0
07:38:43,197.0,21.0,270.67,18.0,192.0,28.0,427.29,21.0,233.83,73.67000000000002,49.0,39.0,20.690010391492407,197.0,270.67,88,10.0,-115.0,0.11,189.0,
07:38:44,197.0,39.0,264.15,33.0,192.0,52.0,354.6,30.0,230.58,67.14999999999998,91.0,63.0,18.37355028294921,197.0,264.15,154,28.0,66.0,0.18,189.0,
07:38:45,197.0,24.0,263.12,16.0,192.0,32.0,265.0,16.0,230.06,66.12,56.0,32.0,9.51287916458852,197.0,263.12,88,24.0,-66.0,0.27,189.0,
07:38:46,197.0,27.0,261.22,18.0,192.0,36.0,265.0,18.0,229.11,64.22000000000003,63.0,36.0,1.8612442075294715,197.0,261.22,99,27.0,11.0,0.27,189.0,
07:38:47,197.0,24.0,255.12,17.0,192.0,32.0,364.83,23.0,226.06,58.120000000000005,56.0,40.0,2.7972611605036124,197.0,255.12,96,16.0,-3.0,0.17,189.0,
07:38:48,197.0,13.0,235.0,21.0,192.0,28.0,258.0,14.0,216.0,38.0,41.0,35.0,6.051456023145332,197.0,235.0,76,6.0,-20.0,0.08,197.0,2.0
07:38:49,192.83,24.0,233.74,19.0,190.57,56.0,236.77,26.0,213.29,40.91,80.0,45.0,7.742372375445521,192.83,233.74,125,35.0,49.0,0.28,197.0,1.0
07:38:50,193.08,50.0,231.83,24.0,190.3,83.0,380.82,33.0,212.46,38.75,133.0,57.0,7.676166360890177,193.08,231.83,190,76.0,65.0,0.4,197.0,
07:38:51,198.0,128.0,230.0,32.0,193.0,206.0,441.5,48.0,214.0,32.0,334.0,80.0,5.577277113436446,198.0,230.0,414,254.0,168.0,0.61,197.0,
07:38:52,198.0,74.0,230.0,20.0,193.0,200.0,530.5,30.0,214.0,32.0,274.0,50.0,1.3098854912022269,198.0,230.0,324,224.0,-90.0,0.69,198.0,1.0
07:38:53,198.0,105.0,227.52,25.0,193.03,186.0,284.07,29.0,212.76,29.52000000000001,291.0,54.0,0.7030789429801857,198.0,227.52,345,237.0,21.0,0.69,198.0,
07:38:54,198.0,63.0,215.65,17.0,194.0,9.0,222.93,14.0,206.82,17.650000000000006,72.0,31.0,2.9841782788671094,198.0,215.65,103,41.0,-168.0,0.4,198.0,
07:38:55,198.0,49.0,201.64,22.0,194.0,7.0,208.55,11.0,199.82,3.6399999999999855,56.0,33.0,6.164624887214344,198.0,201.64,89,23.0,-14.0,0.26,198.0,
07:38:56,198.0,43.0,199.71,14.0,194.0,7.0,201.25,16.0,198.86,1.710000000000008,50.0,30.0,7.044864796435951,198.0,199.71,80,20.0,-9.0,0.25,198.0,2.0
07:38:57,198.0,29.0,200.79,28.0,194.0,9.0,204.12,24.0,199.39,2.789999999999992,38.0,52.0,6.097737285261047,198.0,200.79,90,-14.0,10.0,-0.16,198.0,2.0
07:38:58,198.0,28.0,199.0,10.0,194.0,10.0,201.0,40.0,198.5,1.0,38.0,50.0,3.470161379541734,198.0,199.0,88,-12.0,-2.0,-0.14,198.0,1.0
07:38:59,194.0,12.0,198.33,12.0,193.0,240.0,219.09,22.0,196.17,4.3300000000000125,252.0,34.0,1.4213971999631876,194.0,198.33,286,218.0,168.0,0.76,195.75,4.0
07:39:00,193.0,209.0,197.18,11.0,192.0,44.0,198.18,11.0,195.09,4.180000000000007,253.0,22.0,1.8672627024774184,193.0,197.18,275,231.0,-11.0,0.84,195.75,
07:39:01,193.0,228.0,195.5,12.0,191.0,168.0,197.17,12.0,194.25,2.5,396.0,24.0,2.199409011544533,193.0,195.5,420,372.0,145.0,0.89,195.75,
07:39:02,193.0,163.0,194.56,9.0,191.37,54.0,196.11,9.0,193.78,1.5600000000000025,217.0,18.0,1.8789012746984128,193.0,194.56,235,199.0,-168.0,0.85,193.0,4.0
07:39:03,193.0,135.0,194.0,9.0,192.0,45.0,195.0,9.0,193.5,1.0,180.0,18.0,1.0840987040225172,193.0,194.0,198,162.0,-37.0,0.82,193.0,
07:39:04,193.0,177.0,194.36,14.0,192.0,70.0,235.69,29.0,193.68,1.3600000000000136,247.0,43.0,0.6390226913524341,193.0,194.36,290,204.0,92.0,0.7,193.0,5.0
07:39:06,193.0,108.0,217.39,54.0,192.0,60.0,314.72,18.0,205.19,24.389999999999983,168.0,72.0,64.46857156785826,193.0,217.39,240,96.0,83.0,0.4,193.0,
07:39:07,192.51,89.0,212.57,60.0,191.51,68.0,214.29,28.0,202.54,20.06,157.0,88.0,63.51035726556783,192.51,212.57,245,69.0,5.0,0.28,192.75,4.0
07:39:08,192.19,62.0,207.73,44.0,191.08,49.0,209.21,70.0,199.96,15.539999999999992,111.0,114.0,62.71839427153778,192.19,207.73,225,-3.0,-20.0,-0.01,192.75,
07:39:09,198.0,26.0,202.46,13.0,192.07,45.0,205.0,39.0,200.23,4.460000000000008,71.0,52.0,61.87658547463704,198.0,202.46,123,19.0,-102.0,0.15,192.75,
07:39:10,197.44,18.0,199.5,18.0,192.4,20.0,204.09,22.0,198.47,2.0600000000000023,38.0,40.0,2.627578733371001,197.44,199.5,78,-2.0,-45.0,-0.03,198.0,2.0
07:39:11,192.32,37.0,195.93,45.0,191.83,87.0,196.71,51.0,194.13,3.6100000000000136,124.0,96.0,3.1201810844987,192.32,195.93,220,28.0,142.0,0.13,192.5,2.0
07:39:12,192.0,32.0,194.0,12.0,191.0,24.0,195.25,24.0,193.0,2.0,56.0,36.0,3.371478903992037,192.0,194.0,92,20.0,-128.0,0.22,192.0,1.0
07:39:13,192.0,66.0,194.83,36.0,191.0,36.0,195.83,36.0,193.42,2.8300000000000125,102.0,72.0,3.280038109544344,192.0,194.83,174,30.0,82.0,0.17,192.0,
07:39:14,192.0,30.0,194.0,21.0,191.0,21.0,302.43,21.0,193.0,2.0,51.0,42.0,2.3193813830552203,192.0,194.0,93,9.0,-81.0,0.1,192.0,3.0
07:39:15,192.05,20.0,305.28,29.0,191.08,26.0,353.06,31.0,248.66,113.22999999999996,46.0,60.0,24.72292498876425,192.05,305.28,106,-14.0,13.0,-0.13,192.67,3.0
07:39:16,192.0,13.0,307.11,36.0,191.11,18.0,511.67,27.0,249.56,115.11,31.0,63.0,30.65816237154576,192.0,307.11,94,-32.0,-12.0,-0.34,192.25,4.0
07:39:17,192.86,29.0,205.0,40.0,191.77,44.0,512.6,30.0,198.93,12.139999999999986,73.0,70.0,29.667497029578755,192.86,205.0,143,3.0,49.0,0.02,192.25,
07:39:18,193.0,24.0,223.12,32.0,192.0,48.0,548.36,25.0,208.06,30.120000000000005,72.0,57.0,27.431992636337306,193.0,223.12,129,15.0,-14.0,0.12,192.25,
07:39:19,193.0,30.0,230.59,29.0,192.0,60.0,327.92,37.0,211.79,37.59,90.0,66.0,23.93377216403766,193.0,230.59,156,24.0,27.0,0.15,192.25,
07:39:20,193.0,33.0,232.73,11.0,192.0,66.0,527.22,41.0,212.86,39.72999999999999,99.0,52.0,19.41647367572351,193.0,232.73,151,47.0,-5.0,0.31,192.25,
07:39:21,192.64,22.0,232.0,10.0,191.92,52.0,277.1,10.0,212.32,39.360000000000014,74.0,20.0,5.826196872751919,192.64,232.0,94,54.0,-57.0,0.57,192.6,5.0
07:39:22,191.71,34.0,230.31,16.0,190.38,32.0,338.87,30.0,211.01,38.6,66.0,46.0,1.8876890633957872,191.71,230.31,112,20.0,18.0,0.18,191.8,5.0
07:39:23,190.3,10.0,227.2,10.0,189.15,41.0,355.53,30.0,208.75,36.89999999999998,51.0,40.0,1.603910845422545,190.3,227.2,91,11.0,-21.0,0.12,190.5,2.0
07:39:24,189.35,23.0,225.18,11.0,188.87,46.0,293.35,23.0,207.26,35.83000000000001,69.0,34.0,2.381396649041094,189.35,225.18,103,35.0,12.0,0.34,190.5,
07:39:25,193.0,99.0,218.27,26.0,189.17,48.0,375.57,21.0,205.63,25.27000000000001,147.0,47.0,2.716124076706409,193.0,218.27,194,100.0,91.0,0.52,190.5,
07:39:26,193.0,100.0,469.59,34.0,190.0,20.0,599.06,32.0,331.29,276.59,120.0,66.0,55.099878584258825,193.0,469.59,186,54.0,-8.0,0.29,190.5,
07:39:27,193.0,131.0,371.71,56.0,190.67,21.0,553.07,54.0,282.36,178.70999999999998,152.0,110.0,57.24710446826166,193.0,371.71,262,42.0,76.0,0.16,193.0,3.0
07:39:28,193.11,93.0,314.0,56.0,192.35,20.0,388.29,56.0,253.55,120.89,113.0,112.0,53.10875417480685,193.11,314.0,225,1.0,-37.0,0.0,193.0,
07:39:29,198.0,16.0,313.38,32.0,193.0,56.0,342.0,32.0,255.69,115.38,72.0,64.0,45.92339033651656,198.0,313.38,136,8.0,-89.0,0.06,193.0,
07:39:30,198.0,20.0,313.0,40.0,193.0,70.0,335.0,40.0,255.5,115.0,90.0,80.0,33.29288167161356,198.0,313.0,170,10.0,34.0,0.06,193.0,
07:39:31,198.0,16.0,264.5,32.0,193.0,56.0,340.25,32.0,231.25,66.5,72.0,64.0,18.119162508241395,198.0,264.5,136,8.0,-34.0,0.06,193.0,
07:39:32,198.0,8.0,216.25,16.0,193.0,28.0,328.14,14.0,207.12,18.25,36.0,30.0,21.364404274401373,198.0,216.25,66,6.0,-70.0,0.09,193.0,
07:39:33,198.0,22.0,215.91,44.0,193.0,77.0,354.79,38.0,206.95,17.909999999999997,99.0,82.0,24.280184719232665,198.0,215.91,181,17.0,115.0,0.09,193.0,
07:39:34,198.0,36.0,214.4,68.0,193.0,126.0,268.62,42.0,206.2,16.400000000000006,162.0,110.0,21.8150940864361,198.0,214.4,272,52.0,91.0,0.19,193.0,
07:39:35,196.33,36.0,209.33,36.0,192.86,98.0,211.2,40.0,202.83,13.0,134.0,76.0,11.52414638921509,196.33,209.33,210,58.0,-62.0,0.28,196.33,3.0
07:39:36,197.0,140.0,207.87,38.0,193.62,64.0,209.06,32.0,202.43,10.870000000000005,204.0,70.0,2.290988869475195,197.0,207.87,274,134.0,64.0,0.49,196.33,
07:39:37,197.0,157.0,204.31,61.0,194.0,80.0,205.33,69.0,200.66,7.310000000000002,237.0,130.0,2.6626546903530715,197.0,204.31,367,107.0,93.0,0.29,197.0,4.0
07:39:38,197.0,72.0,201.4,40.0,194.0,48.0,202.59,41.0,199.2,4.400000000000006,120.0,81.0,2.6363288869295607,197.0,201.4,201,39.0,-166.0,0.19,197.0,
07:39:39,196.68,47.0,198.4,30.0,193.97,59.0,199.38,39.0,197.54,1.7199999999999989,106.0,69.0,2.2150553040633927,196.68,198.4,175,37.0,-26.0,0.21,197.0,6.0
07:39:40,193.59,39.0,196.0,40.0,192.48,44.0,199.05,43.0,194.79,2.4099999999999966,83.0,83.0,2.932035129404046,193.59,196.0,166,0.0,-9.0,0.0,193.33,9.0
07:39:41,192.0,24.0,232.44,32.0,190.37,19.0,338.35,52.0,212.22,40.44,43.0,84.0,6.702799415174181,192.0,232.44,127,-41.0,-39.0,-0.32,192.0,6.0
07:39:42,194.0,27.0,440.15,27.0,191.0,9.0,621.0,27.0,317.07,246.15,36.0,54.0,52.36662706342714,194.0,440.15,90,-18.0,-37.0,-0.2,192.0,
07:39:43,194.0,18.0,435.71,7.0,191.0,6.0,600.55,11.0,314.86,241.71,24.0,18.0,63.0400081694162,194.0,435.71,42,6.0,-48.0,0.14,192.0,
07:39:44,194.29,41.0,417.89,18.0,189.33,49.0,434.86,28.0,306.09,223.6,90.0,46.0,60.25077783730314,194.29,417.89,136,44.0,94.0,0.32,193.2,5.0
07:39:45,197.0,13.0,347.29,17.0,190.64,14.0,392.55,11.0,272.15,150.29000000000002,27.0,28.0,44.231157231074775,197.0,347.29,55,-1.0,-81.0,-0.02,197.0,5.0
07:39:46,191.55,11.0,345.43,14.0,190.23,13.0,395.56,16.0,268.49,153.88,24.0,30.0,23.59404628290909,191.55,345.43,54,-6.0,-1.0,-0.11,193.0,3.0
07:39:47,180.92,13.0,343.46,13.0,154.25,53.0,344.54,13.0,262.19,162.54,66.0,26.0,23.94842750578957,180.92,343.46,92,40.0,38.0,0.43,191.0,3.0
07:39:48,174.93,29.0,291.31,13.0,170.94,35.0,369.0,19.0,233.12,116.38,64.0,32.0,26.066496120500407,174.93,291.31,96,32.0,4.0,0.33,180.0,3.0
07:39:49,188.94,52.0,340.8,10.0,176.75,28.0,421.68,19.0,264.87,151.86,80.0,29.0,15.577351507880474,188.94,340.8,109,51.0,13.0,0.47,180.0,
07:39:50,193.5,14.0,339.88,8.0,189.07,40.0,451.0,16.0,266.69,146.38,54.0,24.0,14.693346113124356,193.5,339.88,78,30.0,-31.0,0.38,180.0,
07:39:51,198.0,9.0,338.22,9.0,190.29,14.0,442.4,15.0,268.11,140.22000000000003,23.0,24.0,14.63331404706626,198.0,338.22,47,-1.0,-31.0,-0.02,180.0,
07:39:52,193.06,17.0,240.79,14.0,189.58,36.0,250.75,24.0,216.92,47.72999999999999,53.0,38.0,23.48855614975239,193.06,240.79,91,15.0,44.0,0.16,193.5,4.0
07:39:53,190.0,24.0,231.25,12.0,189.0,84.0,257.59,34.0,210.62,41.25,108.0,46.0,29.020850607797023,190.0,231.25,154,62.0,63.0,0.4,193.5,
07:39:54,190.0,18.0,207.11,9.0,189.0,63.0,221.44,9.0,198.56,17.110000000000014,81.0,18.0,32.82495468389985,190.0,207.11,99,63.0,-55.0,0.64,193.5,
07:39:55,189.25,40.0,199.7,10.0,188.88,40.0,201.4,10.0,194.47,10.449999999999989,80.0,20.0,29.57139208762559,189.25,199.7,100,60.0,1.0,0.6,189.67,3.0
07:39:56,189.0,66.0,199.0,11.0,188.0,11.0,330.36,11.0,194.0,10.0,77.0,22.0,10.311017408582524,189.0,199.0,99,55.0,-1.0,0.56,189.67,
07:39:57,189.16,25.0,196.78,9.0,188.6,10.0,221.12,17.0,192.97,7.620000000000003,35.0,26.0,7.301762116098708,189.16,196.78,61,9.0,-38.0,0.15,189.67,
07:39:58,190.04,27.0,193.5,16.0,188.91,33.0,196.81,32.0,191.77,3.460000000000008,60.0,48.0,2.5701031107906944,190.04,193.5,108,12.0,47.0,0.11,193.0,1.0
07:39:59,189.3,40.0,193.0,40.0,188.67,18.0,194.0,8.0,191.15,3.6999999999999886,58.0,48.0,1.4155634920753946,189.3,193.0,106,10.0,-2.0,0.09,192.0,2.0
07:40:02,165.71,17.0,182.66,32.0,34.08,64.0,184.14,28.0,174.18,16.94999999999999,81.0,60.0,25.71101184317934,165.71,182.66,141,21.0,99.0,0.15,182.0,1.0
07:40:06,169.33,24.0,183.17,18.0,150.73,41.0,184.21,28.0,176.25,13.839999999999977,65.0,46.0,0.972383669188275,169.33,183.17,111,19.0,-26.0,0.17,181.25,12.0
07:40:07,171.7,86.0,184.0,42.0,167.94,64.0,186.0,42.0,177.85,12.300000000000011,150.0,84.0,1.680645709274767,171.7,184.0,234,66.0,123.0,0.28,181.25,
07:40:08,171.64,66.0,184.0,33.0,170.0,44.0,186.0,53.0,177.82,12.360000000000014,110.0,86.0,1.743608327607806,171.64,184.0,196,24.0,-38.0,0.12,181.25,
07:40:09,173.43,74.0,184.0,42.0,172.27,66.0,186.0,70.0,178.72,10.569999999999991,140.0,112.0,1.5622835850455712,173.43,184.0,252,28.0,56.0,0.11,181.25,
07:40:10,175.9,40.0,184.33,18.0,148.75,32.0,186.32,37.0,180.12,8.430000000000007,72.0,55.0,1.415510508651332,175.9,184.33,127,17.0,-125.0,0.13,185.14,7.0
07:40:11,176.0,5.0,186.0,5.0,175.0,30.0,187.0,20.0,181.0,10.0,35.0,25.0,1.413831673185293,176.0,186.0,60,10.0,-67.0,0.17,185.14,
07:40:12,179.12,75.0,305.05,21.0,177.44,75.0,380.68,34.0,242.08,125.93,150.0,55.0,28.05155111576001,179.12,305.05,205,95.0,145.0,0.46,186.8,5.0
07:40:13,191.13,55.0,332.0,16.0,190.56,54.0,525.67,36.0,261.56,140.87,109.0,52.0,39.972836776992565,191.13,332.0,161,57.0,-44.0,0.35,186.8,
07:40:14,194.0,40.0,285.48,21.0,192.0,40.0,339.7,30.0,239.74,91.48000000000002,80.0,51.0,37.788199216158525,194.0,285.48,131,29.0,-30.0,0.22,186.8,
07:40:15,194.0,40.0,225.58,19.0,192.0,40.0,227.58,31.0,209.79,31.580000000000013,80.0,50.0,31.607569979359084,194.0,225.58,130,30.0,-1.0,0.23,186.8,
07:40:16,194.0,26.0,222.78,36.0,192.0,36.0,225.0,9.0,208.39,28.78,62.0,45.0,22.833840456657292,194.0,222.78,107,17.0,-23.0,0.16,194.0,2.0
07:40:17,194.0,18.0,221.5,24.0,192.0,36.0,221.95,21.0,207.75,27.5,54.0,45.0,24.278103921024854,194.0,221.5,99,9.0,-8.0,0.09,194.0,
07:40:18,194.0,18.0,219.22,9.0,192.0,36.0,221.0,36.0,206.61,25.22,54.0,45.0,14.180785591781854,194.0,219.22,99,9.0,0.0,0.09,194.0,
07:40:19,194.18,17.0,217.11,18.0,192.12,34.0,218.89,27.0,205.64,22.930000000000007,51.0,45.0,1.6013993880636903,194.18,217.11,96,6.0,-3.0,0.06,194.0,
07:40:20,197.88,41.0,213.52,29.0,194.69,13.0,216.36,11.0,205.7,15.640000000000017,54.0,40.0,1.2268536995465698,197.88,213.52,94,14.0,-2.0,0.15,194.0,
07:40:21,198.0,139.0,212.0,48.0,197.0,12.0,216.0,12.0,205.0,14.0,151.0,60.0,1.0672628542638276,198.0,212.0,211,91.0,117.0,0.43,198.0,1.0
07:40:22,198.0,132.0,211.89,36.0,197.0,12.0,213.33,24.0,204.94,13.889999999999986,144.0,60.0,0.6754405970117452,198.0,211.89,204,84.0,-7.0,0.41,198.0,
07:40:23,198.0,135.0,210.02,57.0,197.0,15.0,211.22,18.0,204.01,12.02000000000001,150.0,75.0,0.6830958937746269,198.0,210.02,225,75.0,21.0,0.33,198.0,5.0
07:40:24,198.0,54.0,209.47,17.0,197.0,11.0,210.05,38.0,203.74,11.47,65.0,55.0,0.7973205127750597,198.0,209.47,120,10.0,-105.0,0.08,198.0,2.0
07:40:25,198.0,40.0,207.62,16.0,197.0,13.0,208.98,49.0,202.81,9.620000000000005,53.0,65.0,0.9106865542501958,198.0,207.62,118,-12.0,-2.0,-0.1,198.0,1.0
07:40:26,198.0,21.0,205.96,26.0,197.0,7.0,209.28,25.0,201.98,7.960000000000008,28.0,51.0,1.1377301965282909,198.0,205.96,79,-23.0,-39.0,-0.29,198.0,
07:40:27,196.53,38.0,204.12,80.0,193.97,37.0,207.0,64.0,200.33,7.590000000000003,75.0,144.0,1.488767947026192,196.53,204.12,219,-69.0,140.0,-0.32,197.75,4.0
07:40:28,194.0,16.0,201.6,20.0,193.0,32.0,202.48,29.0,197.8,7.599999999999994,48.0,49.0,2.338903589311223,194.0,201.6,97,-1.0,-122.0,-0.01,197.75,
07:40:29,194.0,20.0,199.0,20.0,193.0,40.0,202.0,40.0,196.5,5.0,60.0,60.0,2.690172856917058,194.0,199.0,120,0.0,23.0,0.0,197.75,
07:40:30,193.67,24.0,196.33,36.0,192.94,34.0,197.89,38.0,195.0,2.660000000000025,58.0,74.0,2.830233205955589,193.67,196.33,132,-16.0,12.0,-0.12,194.0,2.0
07:40:31,193.0,17.0,195.93,54.0,192.0,11.0,196.89,45.0,194.46,2.930000000000007,28.0,99.0,2.359283789647613,193.0,195.93000000000004,127,-71.0,-5.0,-0.56,193.0,3.0
07:40:32,191.53,15.0,249.63,54.0,190.24,33.0,277.96,56.0,220.58,58.1,48.0,110.0,11.09674366650385,191.53,249.63,158,-62.0,31.0,-0.39,192.5,2.0
07:40:33,191.0,13.0,257.73,40.0,190.0,39.0,294.22,46.0,224.36,66.73000000000002,52.0,86.0,14.949294297728311,191.0,257.73,138,-34.0,-20.0,-0.25,192.5,
07:40:34,191.0,9.0,289.05,21.0,190.0,27.0,289.94,33.0,240.02,98.05,36.0,54.0,19.78996412326436,191.0,289.05,90,-18.0,-48.0,-0.2,192.5,
07:40:35,191.0,12.0,285.1,29.0,189.91,34.0,285.68,31.0,238.05,94.10000000000002,46.0,60.0,18.28387486284262,191.0,285.1,106,-14.0,16.0,-0.13,190.33,3.0
07:40:36,189.14,21.0,258.27,30.0,188.04,51.0,282.62,32.0,223.7,69.13,72.0,62.0,8.989912124158208,189.14,258.27,134,10.0,28.0,0.07,190.33,3.0
07:40:37,189.33,18.0,209.78,32.0,188.05,42.0,224.5,30.0,199.56,20.44999999999999,60.0,62.0,16.16401002227132,189.33,209.78,122,-2.0,-12.0,-0.02,190.33,
07:40:38,192.0,14.0,207.2,20.0,189.0,14.0,208.08,24.0,199.6,15.199999999999989,28.0,44.0,19.837297699033723,192.0,207.2,72,-16.0,-50.0,-0.22,190.33,
07:40:39,195.27,22.0,202.33,30.0,191.45,22.0,204.45,31.0,198.8,7.060000000000002,44.0,61.0,18.0154744594776,195.27,202.33,105,-17.0,33.0,-0.16,190.33,
07:40:40,196.83,12.0,200.11,36.0,195.64,22.0,200.68,38.0,198.47,3.280000000000001,34.0,74.0,11.008872785171553,196.83,200.11,108,-40.0,3.0,-0.37,190.33,
07:40:41,194.09,11.0,197.25,16.0,191.15,13.0,199.76,17.0,195.67,3.1599999999999966,24.0,33.0,1.612560076428734,194.09000000000003,197.25,57,-9.0,-51.0,-0.16,193.57,7.0
07:40:42,191.0,24.0,195.88,24.0,189.0,16.0,198.12,24.0,193.44,4.879999999999996,40.0,48.0,2.569597244723763,191.0,195.88,88,-8.0,31.0,-0.09,193.57,
07:40:43,190.89,38.0,193.38,39.0,188.83,29.0,197.74,38.0,192.14,2.490000000000009,67.0,77.0,2.9607819913144664,190.89,193.38,144,-10.0,56.0,-0.07,191.0,3.0
07:40:44,189.17,24.0,308.17,36.0,188.05,39.0,461.4,43.0,248.67,119.00000000000004,63.0,79.0,24.15301989400273,189.17,308.17,142,-16.0,-2.0,-0.11,191.0,2.0
07:40:45,189.0,22.0,365.73,15.0,188.0,33.0,448.04,27.0,277.37,176.73000000000002,55.0,42.0,39.29446233249784,189.0,365.7300000000001,97,13.0,-45.0,0.13,191.0,
07:40:46,189.0,14.0,202.14,7.0,188.0,21.0,268.6,15.0,195.57,13.139999999999986,35.0,22.0,39.3108912389441,189.0,202.14,57,13.0,-40.0,0.23,191.0,
07:40:47,191.0,16.0,200.88,8.0,188.18,22.0,428.25,8.0,195.94,9.879999999999995,38.0,16.0,38.87928330100868,191.0,200.88,54,22.0,-3.0,0.41,193.0,4.0
07:40:48,188.0,24.0,200.0,8.0,187.0,184.0,497.18,11.0,194.0,12.0,208.0,19.0,38.5302277439427,188.0,200.0,227,189.0,168.0,0.83,193.0,
07:40:49,190.67,36.0,200.0,12.0,187.05,194.0,291.48,21.0,195.33,9.330000000000013,230.0,33.0,36.75035197110488,190.67,200.0,263,197.0,36.0,0.75,193.0,
07:40:50,190.73,22.0,198.23,13.0,187.03,166.0,201.09,23.0,194.48,7.5,188.0,36.0,0.8011429336214207,190.73,198.23,224,152.0,-39.0,0.68,193.0,
07:40:51,188.0,9.0,195.73,11.0,187.0,207.0,196.88,16.0,191.86,7.72999999999999,216.0,27.0,1.5671694229059985,188.0,195.73,243,189.0,19.0,0.78,193.0,
07:40:52,189.36,22.0,192.95,19.0,187.06,98.0,194.36,11.0,191.16,3.589999999999975,120.0,30.0,1.7772675657006614,189.36,192.95,150,90.0,-93.0,0.6,193.0,
07:40:53,190.0,16.0,191.33,12.0,188.0,6.0,224.33,6.0,190.67,1.3300000000000125,22.0,18.0,2.078665437267765,190.0,191.33,40,4.0,-110.0,0.1,190.0,1.0
07:40:54,188.71,14.0,273.62,21.0,187.01,210.0,340.32,25.0,231.17,84.91,224.0,46.0,17.559942198085135,188.71,273.62,270,178.0,168.0,0.66,190.0,2.0
07:40:55,189.57,47.0,243.59,29.0,187.5,116.0,251.8,20.0,216.58,54.02000000000001,163.0,49.0,18.614407591972697,189.57,243.59,212,114.0,-58.0,0.54,190.0,
07:40:56,191.0,42.0,238.33,15.0,190.0,63.0,242.57,30.0,214.67,47.33000000000001,105.0,45.0,17.573105872329183,191.0,238.33,150,60.0,-62.0,0.4,191.0,5.0
07:40:57,191.0,8.0,192.61,23.0,190.0,56.0,226.47,17.0,191.8,1.6100000000000136,64.0,40.0,17.413648957070723,191.0,192.61000000000004,104,24.0,-46.0,0.23,191.0,1.0
07:40:58,190.0,98.0,209.05,37.0,188.0,14.0,230.12,24.0,199.53,19.05000000000001,112.0,61.0,15.421758978796486,190.0,209.05,173,51.0,69.0,0.29,192.0,3.0
07:40:59,190.9,67.0,197.04,24.0,189.55,22.0,198.71,21.0,193.97,6.139999999999986,89.0,45.0,11.60976528617574,190.9,197.04,134,44.0,-39.0,0.33,195.0,6.0
07:41:00,190.84,43.0,197.64,11.0,188.11,56.0,228.23,31.0,194.24,6.799999999999983,99.0,42.0,9.293861952928488,190.84000000000003,197.64,141,57.0,7.0,0.4,193.17,6.0
07:41:01,190.18,44.0,197.0,11.0,188.28,29.0,256.63,35.0,193.59,6.819999999999993,73.0,46.0,2.902073396744515,190.18,197.0,119,27.0,-22.0,0.23,193.17,
07:41:02,192.6,60.0,196.75,12.0,191.44,36.0,302.83,48.0,194.68,4.150000000000006,96.0,60.0,2.4518299288678684,192.6,196.75,156,36.0,37.0,0.23,193.17,
07:41:03,193.0,43.0,195.23,13.0,192.0,52.0,280.0,65.0,194.12,2.2299999999999898,95.0,78.0,0.3973034106225179,193.0,195.23,173,17.0,17.0,0.1,193.0,5.0
07:41:04,192.02,41.0,194.27,11.0,190.45,29.0,268.07,27.0,193.15,2.25,70.0,38.0,0.5948361119605043,192.02,194.27,108,32.0,-65.0,0.3,193.0,1.0
07:41:05,190.71,56.0,193.21,14.0,189.53,38.0,342.31,26.0,191.96,2.5,94.0,40.0,1.034287194202996,190.71,193.21,134,54.0,26.0,0.4,192.0,4.0
07:41:06,190.0,22.0,192.0,10.0,189.0,20.0,336.53,34.0,191.0,2.0,42.0,44.0,1.5148663307672838,190.0,192.0,86,-2.0,-48.0,-0.02,190.0,3.0
07:41:07,187.27,101.0,192.0,13.0,182.84,43.0,306.0,52.0,189.63,4.72999999999999,144.0,65.0,1.7629151993480594,187.27,192.0,209,79.0,123.0,0.38,189.0,4.0
07:41:08,187.74,81.0,301.39,28.0,185.03,128.0,322.11,19.0,244.57,113.64999999999998,209.0,47.0,23.797724050843414,187.74,301.39,256,162.0,47.0,0.63,192.0,1.0
07:41:09,192.0,26.0,304.0,30.0,187.0,230.0,305.0,50.0,248.0,112.0,256.0,80.0,30.39119230961645,192.0,304.0,336,176.0,80.0,0.52,192.0,1.0
07:41:10,195.92,106.0,304.0,27.0,189.05,39.0,305.0,45.0,249.96,108.08,145.0,72.0,31.390071200940103,195.92,304.0,217,73.0,-119.0,0.34,192.0,
07:41:11,196.0,130.0,302.94,32.0,192.0,20.0,304.88,48.0,249.47,106.94,150.0,80.0,26.18879970521918,196.0,302.94,230,70.0,13.0,0.3,192.0,
07:41:12,196.1,63.0,300.23,57.0,194.3,47.0,301.72,47.0,248.16,104.13000000000002,110.0,104.0,2.1087840098233555,196.1,300.23,214,6.0,-16.0,0.03,196.15,13.0
07:41:13,196.0,24.0,298.08,36.0,192.0,24.0,300.0,60.0,247.04,102.07999999999998,48.0,96.0,1.1796524912391029,196.0,298.08,144,-48.0,-70.0,-0.33,196.15,
07:41:14,196.0,12.0,296.35,26.0,192.0,12.0,298.36,22.0,246.17,100.35000000000002,24.0,48.0,1.5945689072870708,196.0,296.35,72,-24.0,-72.0,-0.33,196.15,
07:41:15,196.0,18.0,295.69,39.0,192.0,18.0,296.55,33.0,245.85,99.69,36.0,72.0,1.4906609272691047,196.0,295.69,108,-36.0,36.0,-0.33,196.15,
07:41:16,196.0,22.0,223.19,36.0,192.0,22.0,251.7,44.0,209.6,27.19,44.0,80.0,16.662653750231023,196.0,223.19,124,-36.0,16.0,-0.29,196.15,
07:41:17,196.0,19.0,197.64,33.0,192.0,22.0,199.0,55.0,196.82,1.6399999999999864,41.0,88.0,24.062623090596123,196.0,197.64,129,-47.0,5.0,-0.36,196.0,1.0
07:41:18,193.0,8.0,198.19,21.0,191.16,25.0,316.27,22.0,195.6,5.189999999999998,33.0,43.0,25.430392643451093,193.0,198.19,76,-10.0,-53.0,-0.13,196.0,1.0
07:41:19,192.3,20.0,198.0,45.0,191.13,46.0,410.89,9.0,195.15,5.699999999999989,66.0,54.0,21.663525336382644,192.3,198.0,120,12.0,44.0,0.1,196.0,
07:41:20,191.18,49.0,196.32,59.0,190.17,108.0,284.0,22.0,193.75,5.139999999999986,157.0,81.0,6.475494575713417,191.18,196.32,238,76.0,118.0,0.32,191.6,5.0
07:41:21,190.1,80.0,192.51,49.0,189.36,50.0,193.78,23.0,191.31,2.4099999999999966,130.0,72.0,2.1065445639943627,190.1,192.51,202,58.0,-36.0,0.29,191.0,4.0
07:41:22,190.0,35.0,192.5,20.0,189.0,28.0,212.33,24.0,191.25,2.5,63.0,44.0,2.06245484801348,190.0,192.5,107,19.0,-95.0,0.18,190.56,9.0
07:41:23,190.23,52.0,193.33,24.0,189.38,52.0,215.77,39.0,191.78,3.1000000000000227,104.0,63.0,1.7300635826738775,190.23,193.33,167,41.0,60.0,0.25,190.56,
07:41:24,191.0,21.0,193.0,14.0,190.0,35.0,328.46,13.0,192.0,2.0,56.0,27.0,1.0183172394172686,191.0,193.0,83,29.0,-84.0,0.35,190.56,
07:41:25,190.2,45.0,215.0,22.0,189.13,39.0,396.77,13.0,202.6,24.80000000000001,84.0,35.0,4.936149308934468,190.2,215.0,119,49.0,36.0,0.41,190.6,5.0
07:41:26,190.15,39.0,445.0,10.0,187.86,42.0,517.62,13.0,317.58,254.85,81.0,23.0,55.28778906775067,190.15,445.0,104,58.0,-15.0,0.56,189.2,5.0
07:41:30,195.5,14.0,238.5,28.0,193.78,46.0,401.2,15.0,217.0,43.0,60.0,43.0,64.22027927376274,195.5,238.5,103,17.0,26.0,0.17,195.33,6.0
07:41:31,190.73,78.0,237.67,27.0,188.0,53.0,337.67,9.0,214.2,46.94,131.0,36.0,80.69896077397827,190.73,237.67,167,95.0,64.0,0.57,189.25,4.0
07:41:32,191.47,19.0,234.7,30.0,190.78,97.0,541.9,10.0,213.09,43.22999999999999,116.0,40.0,84.00284548751958,191.47,234.7,156,76.0,-11.0,0.49,189.25,
07:41:33,191.76,21.0,233.45,33.0,190.9,100.0,514.46,39.0,212.61,41.69,121.0,72.0,77.95674794397272,191.76,233.45,193,49.0,37.0,0.25,191.4,5.0
07:41:34,191.0,66.0,232.27,33.0,190.0,55.0,330.73,55.0,211.64,41.27000000000001,121.0,88.0,2.058122931241827,191.0,232.27,209,33.0,16.0,0.16,191.4,
07:41:35,191.14,28.0,231.69,26.0,190.55,44.0,273.39,36.0,211.42,40.55000000000001,72.0,62.0,1.1306944769051273,191.14,231.69,134,10.0,-75.0,0.07,191.4,
07:41:36,192.67,9.0,227.54,26.0,191.14,21.0,231.6,20.0,210.1,34.870000000000005,30.0,46.0,1.1593403297151168,192.67,227.54,76,-16.0,-58.0,-0.21,191.4,
07:41:37,193.0,14.0,230.5,24.0,192.0,7.0,231.36,25.0,211.75,37.5,21.0,49.0,0.9056102915183816,193.0,230.5,70,-28.0,-6.0,-0.4,191.4,
07:41:38,191.5,48.0,228.18,38.0,190.33,36.0,230.61,46.0,209.84,36.68000000000001,84.0,84.0,0.9071383577515022,191.5,228.18,168,0.0,98.0,0.0,192.67,3.0
07:41:39,191.0,58.0,225.13,54.0,190.0,80.0,226.62,58.0,208.06,34.129999999999995,138.0,112.0,1.4666560606032415,191.0,225.13,250,26.0,82.0,0.1,191.0,5.0
07:41:40,191.0,10.0,224.0,30.0,190.0,50.0,226.0,40.0,207.5,33.0,60.0,70.0,1.7028799135888484,191.0,224.0,130,-10.0,-120.0,-0.08,191.0,
07:41:41,191.31,13.0,222.56,18.0,190.04,47.0,223.63,43.0,206.93,31.25,60.0,61.0,1.9696014825604848,191.31,222.56,121,-1.0,-9.0,-0.01,191.0,
07:41:42,192.0,17.0,219.67,21.0,191.0,6.0,221.89,9.0,205.83,27.669999999999987,23.0,30.0,1.484577380975682,192.0,219.67,53,-7.0,-68.0,-0.13,191.0,
07:41:43,190.67,18.0,217.85,13.0,190.0,6.0,219.0,15.0,204.26,27.180000000000007,24.0,28.0,1.506960517102149,190.67,217.85,52,-4.0,-1.0,-0.08,191.25,4.0
07:41:44,190.0,42.0,211.53,34.0,189.0,11.0,216.1,20.0,200.76,21.53,53.0,54.0,2.700616596280366,190.0,211.53,107,-1.0,55.0,-0.01,190.0,2.0
07:41:45,194.93,27.0,210.54,37.0,188.09,46.0,213.46,26.0,202.73,15.609999999999983,73.0,63.0,2.4525435776159106,194.93000000000004,210.54,136,10.0,29.0,0.07,190.0,2.0
07:41:46,197.0,25.0,210.86,14.0,189.0,5.0,212.06,17.0,203.93,13.860000000000014,30.0,31.0,1.8902301447456304,197.0,210.86,61,-1.0,-75.0,-0.02,190.0,
07:41:47,197.0,45.0,208.62,24.0,189.18,17.0,210.88,51.0,202.81,11.620000000000005,62.0,75.0,1.3717762208556925,197.0,208.62,137,-13.0,76.0,-0.09,197.0,3.0
07:41:48,197.0,22.0,207.13,39.0,190.7,40.0,207.46,26.0,202.06,10.129999999999995,62.0,65.0,1.1625704280193785,197.0,207.13,127,-3.0,-10.0,-0.02,197.0,
07:41:49,197.0,24.0,203.12,16.0,191.0,48.0,241.4,30.0,200.06,6.1200000000000045,72.0,46.0,1.4296398148153158,197.0,203.12,118,26.0,-9.0,0.22,197.0,
07:41:50,190.39,59.0,202.08,13.0,188.28,43.0,419.15,26.0,196.23,11.690000000000026,102.0,39.0,3.025701571554169,190.39,202.08,141,63.0,23.0,0.45,191.7,10.0
07:41:51,194.0,35.0,199.73,11.0,188.31,32.0,350.4,10.0,196.86,5.72999999999999,67.0,21.0,2.976227477882959,194.0,199.73,88,46.0,-53.0,0.52,191.7,
07:41:52,193.26,19.0,195.63,30.0,188.06,85.0,199.0,30.0,194.45,2.3700000000000045,104.0,60.0,3.07160707124233,193.26,195.63,164,44.0,76.0,0.27,194.0,5.0
07:41:53,188.71,35.0,195.93,30.0,187.86,35.0,330.45,22.0,192.32,7.219999999999999,70.0,52.0,2.881827545170988,188.71,195.93,122,18.0,-42.0,0.15,193.0,1.0
07:41:54,188.0,42.0,198.17,24.0,187.0,7.0,285.62,16.0,193.08,10.169999999999987,49.0,40.0,1.9554462406587585,188.0,198.17,89,9.0,-33.0,0.1,193.0,
07:41:55,188.62,78.0,197.2,49.0,187.38,63.0,198.15,52.0,192.91,8.579999999999984,141.0,101.0,1.817286438651487,188.62,197.2,242,40.0,153.0,0.17,193.0,
07:41:56,177.4,47.0,194.59,56.0,130.21,56.0,195.55,38.0,186.0,17.189999999999998,103.0,94.0,3.3087716754268404,177.40000000000003,194.59,197,9.0,-45.0,0.05,192.0,3.0
07:41:57,144.96,267.0,188.41,34.0,142.89,110.0,188.89,37.0,166.69,43.44999999999999,377.0,71.0,11.297046074089812,144.96,188.41,448,306.0,168.0,0.68,192.0,
07:41:58,146.0,209.0,185.7,27.0,143.0,77.0,189.0,32.0,165.85,39.69999999999999,286.0,59.0,13.66591489802674,146.0,185.7,345,227.0,-103.0,0.66,185.2,5.0
07:41:59,146.0,171.0,185.85,39.0,143.0,63.0,189.6,35.0,165.92,39.85,234.0,74.0,12.998747247335434,146.0,185.85,308,160.0,-37.0,0.52,185.2,
