Time,Bid1_Price,Bid1_Volume,Ask1_Price,Ask1_Volume,Bid2_Price,Bid2_Volume,Ask2_Price,Ask2_Volume,Bid_Ask_Spread,Market_Depth_Bid,Market_Depth_Ask,Historical_Volatility,Weighted_Avg_Bid_Price,Weighted_Avg_Ask_Price,Total_volume,Cumulative_Volume_Difference,Total_Volume_Change_Corrected,Order_imbalance,Weighted_Avg_Price,Trade_Volume
07:30:04,307.0,3.0,385.67,12.0,105.2,5.0,387.0,6.0,78.67000000000002,8.0,18.0,170.29927592329923,307.0,385.67,26,-10.0,-21.0,-0.38,307.0,2.0
07:30:17,304.98,59.0,354.26,19.0,292.97,29.0,394.42,24.0,49.27999999999997,88.0,43.0,18.312310886395817,304.98,354.26,131,45.0,104.0,0.34,300.0,2.0
07:30:18,306.07,45.0,353.0,11.0,305.08,39.0,369.68,25.0,46.93000000000001,84.0,36.0,21.94219975298768,306.07,353.0,120,48.0,-11.0,0.4,300.0,
07:30:19,307.0,9.0,354.0,21.0,306.0,63.0,361.84,19.0,47.0,72.0,40.0,21.595252950591128,307.0,354.0,112,32.0,-8.0,0.29,300.0,
07:30:20,306.23,31.0,334.73,15.0,305.67,73.0,345.28,25.0,28.5,104.0,40.0,16.300117484239706,306.23,334.7300000000001,144,64.0,32.0,0.44,306.17,6.0
07:30:21,306.0,12.0,323.0,6.0,305.0,24.0,334.0,6.0,17.0,36.0,12.0,7.119837076788923,306.0,323.0,48,24.0,-96.0,0.5,306.17,
07:30:22,306.5,16.0,323.0,8.0,305.33,24.0,334.0,8.0,16.5,40.0,16.0,7.746971666400831,306.5,323.0,56,24.0,8.0,0.43,306.17,
07:30:23,307.0,12.0,323.0,6.0,306.0,12.0,334.0,6.0,16.0,24.0,12.0,6.869176078687801,307.0,323.0,36,12.0,-20.0,0.33,306.17,
07:30:24,307.0,14.0,323.0,7.0,306.0,14.0,334.0,7.0,16.0,28.0,14.0,2.543045418394275,307.0,323.0,42,14.0,6.0,0.33,306.17,
07:30:25,307.0,18.0,321.78,9.0,306.0,18.0,323.0,9.0,14.779999999999973,36.0,18.0,0.2804817284883204,307.0,321.78,54,18.0,12.0,0.33,306.17,
07:30:26,307.46,26.0,320.18,11.0,306.09,22.0,323.0,11.0,12.720000000000027,48.0,22.0,0.4986682263948199,307.46,320.18,70,26.0,16.0,0.37,306.17,
07:30:27,309.0,65.0,312.93,27.0,307.0,30.0,314.48,31.0,3.930000000000007,95.0,58.0,1.6799047592097478,309.0,312.93,153,37.0,83.0,0.24,309.0,5.0
07:30:28,309.0,9.0,311.56,9.0,307.0,18.0,313.69,26.0,2.5600000000000023,27.0,35.0,2.127439775884458,309.0,311.56,62,-8.0,-91.0,-0.13,309.0,
07:30:29,308.69,13.0,310.08,12.0,306.92,24.0,312.85,13.0,1.3899999999999864,37.0,25.0,2.214016711774092,308.69,310.08,62,12.0,0.0,0.19,309.0,1.0
07:30:30,307.0,26.0,308.9,20.0,306.0,26.0,318.58,19.0,1.8999999999999773,52.0,39.0,2.180309611044853,307.0,308.9,91,13.0,29.0,0.14,309.0,
07:30:31,305.28,43.0,307.52,21.0,304.44,45.0,309.91,22.0,2.240000000000009,88.0,43.0,1.8367444024724997,305.28,307.52,131,45.0,40.0,0.34,306.2,5.0
07:30:32,305.0,35.0,306.14,28.0,304.0,42.0,308.0,28.0,1.1399999999999864,77.0,56.0,1.9725795294521584,305.0,306.14,133,21.0,2.0,0.16,305.0,1.0
07:30:33,304.25,32.0,306.0,24.0,302.94,65.0,316.08,39.0,1.75,97.0,63.0,1.7669833049616903,304.25,306.0,160,34.0,27.0,0.21,305.0,2.0
07:30:34,304.67,30.0,314.44,25.0,303.08,26.0,329.55,60.0,9.769999999999982,56.0,85.0,1.8241902313118008,304.67,314.44,141,-29.0,-19.0,-0.21,304.0,2.0
07:30:35,305.43,28.0,322.0,72.0,303.14,28.0,323.0,12.0,16.569999999999993,56.0,84.0,3.5965747594084343,305.43,322.0,140,-28.0,-1.0,-0.2,304.0,
07:30:36,301.71,42.0,317.21,47.0,300.62,74.0,321.6,50.0,15.5,116.0,97.0,3.500424260002503,301.71,317.21,213,19.0,73.0,0.09,303.25,4.0
07:30:37,302.43,56.0,319.04,46.0,301.12,137.0,320.29,28.0,16.610000000000014,193.0,74.0,3.09099175023397,302.43,319.04,267,119.0,54.0,0.45,303.25,
07:30:38,307.36,44.0,318.94,64.0,304.19,108.0,319.62,32.0,11.579999999999984,152.0,96.0,1.9993673999580788,307.36,318.94,248,56.0,-19.0,0.23,303.25,
07:30:39,307.55,62.0,318.0,30.0,304.28,114.0,319.0,50.0,10.449999999999989,176.0,80.0,1.7939425854846731,307.55,318.0,256,96.0,8.0,0.38,303.25,
07:30:40,306.0,28.0,318.0,28.0,304.26,171.0,319.0,28.0,12.0,199.0,56.0,1.5205032061838186,306.0,318.0,255,143.0,-1.0,0.56,303.25,
07:30:41,306.75,16.0,317.04,48.0,305.57,42.0,318.07,28.0,10.29000000000002,58.0,76.0,0.9287464670271984,306.75,317.04,134,-18.0,-121.0,-0.13,303.25,
07:30:42,306.62,24.0,311.87,46.0,305.39,89.0,312.73,60.0,5.25,113.0,106.0,1.5260176932183191,306.62,311.87,219,7.0,85.0,0.03,307.0,1.0
07:30:43,306.0,30.0,308.46,26.0,305.0,90.0,309.18,34.0,2.4599999999999795,120.0,60.0,2.3202262820713617,306.0,308.46,180,60.0,-39.0,0.33,307.0,
07:30:44,305.13,93.0,307.41,34.0,304.22,162.0,311.78,41.0,2.2800000000000296,255.0,75.0,2.6226799271001315,305.13,307.41,330,180.0,150.0,0.55,306.0,3.0
07:30:45,305.07,55.0,314.86,14.0,304.1,93.0,318.79,19.0,9.79000000000002,148.0,33.0,2.2332420379380493,305.07,314.86,181,115.0,-149.0,0.64,307.0,2.0
07:30:46,309.0,15.0,317.36,22.0,305.0,135.0,320.48,42.0,8.360000000000014,150.0,64.0,2.687186260759374,309.0,317.36,214,86.0,33.0,0.4,307.0,
07:30:47,305.31,78.0,314.94,18.0,304.24,222.0,321.16,57.0,9.629999999999995,300.0,75.0,2.721677791365848,305.31,314.94,375,225.0,161.0,0.6,306.0,4.0
07:30:48,305.0,72.0,313.75,12.0,304.0,168.0,316.0,24.0,8.75,240.0,36.0,2.459416597491042,305.0,313.75,276,204.0,-99.0,0.74,306.0,
07:30:49,305.0,55.0,313.0,10.0,304.0,140.0,315.3,20.0,8.0,195.0,30.0,1.6561098997393795,305.0,313.0,225,165.0,-51.0,0.73,305.0,5.0
07:30:50,305.0,13.0,311.52,21.0,304.0,182.0,314.49,55.0,6.519999999999982,195.0,76.0,1.9066200460538825,305.0,311.52,271,119.0,46.0,0.44,305.0,
07:30:51,306.87,15.0,309.56,36.0,304.5,28.0,310.07,59.0,2.6899999999999977,43.0,95.0,0.8051273191326319,306.87,309.56,138,-52.0,-133.0,-0.38,305.0,
07:30:52,306.23,13.0,308.19,37.0,304.1,78.0,310.41,46.0,1.9599999999999795,91.0,83.0,0.8353861382697708,306.23,308.19,174,8.0,36.0,0.05,307.0,1.0
07:30:53,305.0,11.0,308.0,55.0,304.0,154.0,312.0,22.0,3.0,165.0,77.0,0.9812390126838788,305.0,308.0,242,88.0,68.0,0.36,307.0,
07:30:54,304.08,85.0,307.23,65.0,303.94,104.0,313.85,26.0,3.150000000000034,189.0,91.0,1.1180652932688264,304.08,307.23,280,98.0,38.0,0.35,304.5,2.0
07:30:55,304.37,121.0,306.13,75.0,303.94,105.0,314.0,30.0,1.759999999999991,226.0,105.0,1.1910625508393224,304.37000000000006,306.13,331,121.0,51.0,0.37,304.0,2.0
07:30:56,305.0,55.0,306.67,54.0,304.0,165.0,315.94,34.0,1.670000000000016,220.0,88.0,0.7714596554658804,305.0,306.67,308,132.0,-23.0,0.43,305.43,7.0
07:30:57,305.0,9.0,315.0,18.0,304.0,99.0,318.33,36.0,10.0,108.0,54.0,1.9272700900527648,305.0,315.0,162,54.0,-146.0,0.33,305.43,
07:30:58,304.09,44.0,313.1,21.0,303.9,49.0,315.94,34.0,9.010000000000048,93.0,55.0,2.1055474347571224,304.09,313.1,148,38.0,-14.0,0.26,304.25,4.0
07:30:59,303.94,32.0,307.0,55.0,302.64,11.0,314.47,30.0,3.0600000000000023,43.0,85.0,2.13871924291438,303.94,307.0,128,-42.0,-20.0,-0.33,304.25,
07:31:00,304.0,22.0,312.6,25.0,303.0,11.0,314.96,52.0,8.600000000000023,33.0,77.0,1.929551761423552,304.0,312.6,110,-44.0,-18.0,-0.4,304.25,
07:31:01,303.11,19.0,313.5,30.0,295.58,43.0,315.49,61.0,10.389999999999986,62.0,91.0,1.6463505094642168,303.11,313.5,153,-29.0,43.0,-0.19,303.0,1.0
07:31:02,301.0,9.0,313.0,53.0,294.0,63.0,314.68,31.0,12.0,72.0,84.0,1.3070845420295685,301.0,313.0,156,-12.0,3.0,-0.08,303.0,
07:31:03,299.25,20.0,313.0,112.0,293.86,126.0,315.0,48.0,13.75,146.0,160.0,1.2735854898719223,299.25,313.0,306,-14.0,150.0,-0.05,295.4,5.0
07:31:04,297.28,32.0,312.64,44.0,292.16,125.0,313.46,52.0,15.360000000000014,157.0,96.0,1.4400972189447134,297.28,312.64,253,61.0,-53.0,0.24,295.4,
07:31:05,309.0,12.0,310.5,24.0,294.05,41.0,313.25,60.0,1.5,53.0,84.0,1.8663547358453731,309.0,310.5,137,-31.0,-116.0,-0.23,295.4,
07:31:06,304.42,12.0,308.26,27.0,292.21,56.0,310.06,32.0,3.839999999999975,68.0,59.0,1.78859721570068,304.42,308.26,127,9.0,-10.0,0.07,309.0,1.0
07:31:07,304.0,13.0,305.82,22.0,292.0,65.0,306.53,17.0,1.8199999999999927,78.0,39.0,1.9746468038644207,304.0,305.82,117,39.0,-10.0,0.33,309.0,
07:31:08,293.09,44.0,305.6,20.0,289.65,92.0,312.67,36.0,12.510000000000048,136.0,56.0,3.750702600848428,293.09,305.6,192,80.0,75.0,0.42,304.0,1.0
07:31:16,298.93,70.0,303.02,46.0,296.0,112.0,312.45,49.0,4.089999999999975,182.0,95.0,2.524559367495194,298.93,303.02,277,87.0,-8.0,0.31,301.0,5.0
07:31:17,301.36,112.0,307.12,51.0,297.65,109.0,310.56,27.0,5.759999999999991,221.0,78.0,2.95567589562998,301.36,307.12,299,143.0,22.0,0.48,301.0,
07:31:18,304.4,97.0,309.24,51.0,303.16,91.0,313.36,84.0,4.840000000000032,188.0,135.0,3.8063000407230425,304.4,309.24,323,53.0,24.0,0.16,305.0,3.0
07:31:19,306.38,65.0,311.0,39.0,304.0,65.0,313.09,66.0,4.6200000000000045,130.0,105.0,4.072065814793315,306.38,311.0,235,25.0,-88.0,0.11,305.0,
07:31:20,307.0,16.0,311.0,24.0,305.17,12.0,313.0,40.0,4.0,28.0,64.0,3.361246792487611,307.0,311.0,92,-36.0,-143.0,-0.39,307.0,4.0
07:31:21,304.8,20.0,309.36,55.0,297.4,43.0,311.73,33.0,4.560000000000002,63.0,88.0,1.8957003982719065,304.8,309.36,151,-25.0,59.0,-0.17,305.0,5.0
07:31:22,304.59,29.0,307.94,80.0,296.78,36.0,313.0,48.0,3.3500000000000227,65.0,128.0,1.2060265337082323,304.59,307.94,193,-63.0,42.0,-0.33,305.0,
07:31:23,302.29,35.0,306.0,65.0,297.08,25.0,312.4,43.0,3.70999999999998,60.0,108.0,1.973823700336052,302.29,306.0,168,-48.0,-25.0,-0.29,305.0,
07:31:24,302.57,23.0,306.0,55.0,297.82,11.0,309.0,44.0,3.430000000000007,34.0,99.0,2.033253550349372,302.57,306.0,133,-65.0,-35.0,-0.49,304.88,8.0
07:31:25,301.75,16.0,309.0,40.0,298.2,10.0,313.0,50.0,7.25,26.0,90.0,1.2649584973461832,301.75,309.0,116,-64.0,-17.0,-0.55,304.88,
07:31:26,303.67,30.0,308.5,40.0,301.0,15.0,311.71,70.0,4.829999999999984,45.0,110.0,0.9869751769970276,303.67,308.5,155,-65.0,39.0,-0.42,304.88,
07:31:27,304.0,20.0,306.15,26.0,301.0,10.0,311.37,41.0,2.1499999999999773,30.0,67.0,0.8023216312728502,304.0,306.15,97,-37.0,-58.0,-0.38,304.88,
07:31:28,301.35,17.0,305.47,34.0,292.93,30.0,311.58,43.0,4.1200000000000045,47.0,77.0,1.0301844495081105,301.35,305.47,124,-30.0,27.0,-0.24,299.4,5.0
07:31:29,292.0,11.0,304.27,22.0,289.0,66.0,308.6,25.0,12.269999999999982,77.0,47.0,3.2154035516570114,292.0,304.27,124,30.0,0.0,0.24,299.4,
07:31:30,292.0,11.0,303.91,22.0,289.0,66.0,304.91,22.0,11.910000000000023,77.0,44.0,3.851489322328281,292.0,303.91,121,33.0,-3.0,0.27,299.4,
07:31:31,290.94,17.0,302.67,24.0,288.57,69.0,303.67,24.0,11.730000000000018,86.0,48.0,3.7066062644970943,290.94,302.67,134,38.0,13.0,0.28,299.4,
07:31:40,292.0,54.0,304.87,45.0,285.0,9.0,308.33,9.0,12.870000000000005,63.0,54.0,1.0404806581622918,292.0,304.87,117,9.0,32.0,0.08,301.0,2.0
07:31:41,292.0,46.0,305.08,49.0,288.97,121.0,356.0,12.0,13.079999999999984,167.0,61.0,1.1159525079544454,292.0,305.08,228,106.0,111.0,0.46,305.0,6.0
07:31:42,293.88,34.0,308.2,15.0,289.05,238.0,421.93,30.0,14.319999999999991,272.0,45.0,1.8384694721451755,293.88,308.2,317,227.0,89.0,0.72,305.0,
07:31:43,291.25,32.0,306.27,11.0,289.01,190.0,309.0,11.0,15.019999999999982,222.0,22.0,1.8401983588759512,291.25,306.27,244,200.0,-73.0,0.82,305.0,
07:31:44,292.86,196.0,306.0,41.0,289.85,195.0,307.0,19.0,13.139999999999986,391.0,60.0,1.0784943208054871,292.86,306.0,451,331.0,169.5,0.73,306.0,2.0
07:31:55,298.89,44.0,302.67,21.0,298.73,26.0,306.9,70.0,3.7800000000000296,70.0,91.0,3.2958428360603915,298.89,302.67,161,-21.0,-2.0,-0.13,301.0,2.0
07:31:56,303.95,39.0,306.0,14.0,303.45,29.0,307.0,126.0,2.050000000000012,68.0,140.0,4.020264916645561,303.95,306.0,208,-72.0,47.0,-0.35,301.0,
07:31:57,305.0,15.0,306.77,35.0,304.0,59.0,313.9,80.0,1.7699999999999818,74.0,115.0,3.65595815074674,305.0,306.77,189,-41.0,-19.0,-0.22,306.0,1.0
07:31:58,305.0,9.0,307.0,81.0,304.0,45.0,544.17,23.0,2.0,54.0,104.0,3.1231794697089823,305.0,307.0,158,-50.0,-31.0,-0.32,306.0,
07:31:59,304.6,15.0,307.0,99.0,303.55,53.0,486.0,17.0,2.3999999999999773,68.0,116.0,2.222311859305924,304.6,307.0,184,-48.0,26.0,-0.26,304.33,3.0
07:32:00,304.0,28.0,307.0,90.0,301.0,40.0,569.13,23.0,3.0,68.0,113.0,0.4140893623503753,304.0,307.0,181,-45.0,-3.0,-0.25,304.0,2.0
07:32:01,303.29,17.0,306.13,39.0,300.36,56.0,308.07,84.0,2.839999999999975,73.0,123.0,0.5206246248610858,303.29,306.13,196,-50.0,15.0,-0.26,304.75,4.0
07:32:02,301.0,39.0,303.25,16.0,292.0,40.0,306.66,32.0,2.25,79.0,48.0,1.5903710258966806,301.0,303.25,127,31.0,-69.0,0.24,301.0,1.0
07:32:03,301.0,24.0,302.25,24.0,293.41,34.0,310.0,40.0,1.25,58.0,64.0,1.948101640061834,301.0,302.25,122,-6.0,-5.0,-0.05,301.0,
07:32:04,292.0,52.0,310.32,73.0,288.0,13.0,316.04,50.0,18.319999999999997,65.0,123.0,1.9516710788479483,292.0,310.32,188,-58.0,66.0,-0.31,301.0,3.0
07:32:05,292.62,58.0,307.0,45.0,290.0,22.0,311.54,111.0,14.379999999999995,80.0,156.0,1.7984243103370934,292.62,307.0,236,-76.0,48.0,-0.32,301.0,
07:32:06,292.8,45.0,304.53,51.0,289.79,28.0,318.11,81.0,11.72999999999996,73.0,132.0,1.4163968370521538,292.8,304.53,205,-59.0,-31.0,-0.29,301.0,
07:32:19,300.32,57.0,303.7,30.0,285.89,38.0,305.92,73.0,3.3799999999999955,95.0,103.0,3.7512224674112513,300.31999999999994,303.7,198,-8.0,78.0,-0.04,303.33,3.0
07:32:20,302.16,135.0,303.32,22.0,301.0,36.0,305.0,40.0,1.1599999999999682,171.0,62.0,4.719599559285841,302.16,303.32,233,109.0,35.0,0.47,302.75,4.0
07:32:21,302.45,83.0,304.59,85.0,300.13,69.0,305.59,85.0,2.1399999999999864,152.0,170.0,4.404247949424642,302.45,304.59,322,-18.0,89.0,-0.06,304.0,6.0
07:32:22,302.59,85.0,305.0,60.0,301.54,46.0,306.0,60.0,2.410000000000025,131.0,120.0,2.943557371618781,302.59,305.0,251,11.0,-71.0,0.04,304.0,
07:32:23,303.1,100.0,305.0,55.0,302.31,65.0,306.73,55.0,1.8999999999999773,165.0,110.0,0.8364030129138253,303.1,305.0,275,55.0,24.0,0.2,304.0,
07:32:24,304.0,65.0,307.77,65.0,301.0,39.0,361.91,55.0,3.769999999999982,104.0,120.0,1.1617788085566676,304.0,307.77,224,-16.0,-51.0,-0.07,305.0,5.0
07:32:25,304.15,53.0,307.2,35.0,302.28,47.0,321.66,59.0,3.050000000000012,100.0,94.0,1.110013513436399,304.15,307.2,194,6.0,-30.0,0.03,306.0,2.0
07:32:26,306.11,18.0,310.0,38.0,304.0,45.0,490.67,27.0,3.8899999999999855,63.0,65.0,1.7144007699518768,306.11,310.0,128,-2.0,-66.0,-0.02,310.0,1.0
07:32:27,304.35,34.0,308.67,48.0,301.75,40.0,339.27,44.0,4.319999999999993,74.0,92.0,1.4505619600733075,304.35,308.67,166,-18.0,38.0,-0.11,305.5,4.0
07:32:28,304.0,33.0,306.73,44.0,298.0,24.0,308.27,44.0,2.730000000000018,57.0,88.0,1.0707567417540562,304.0,306.73,145,-31.0,-21.0,-0.21,305.5,
07:32:29,304.0,27.0,305.78,36.0,300.0,30.0,308.56,36.0,1.7799999999999727,57.0,72.0,1.2447690548899937,304.0,305.78,129,-15.0,-16.0,-0.12,305.5,
07:32:30,302.0,48.0,309.0,32.0,297.0,16.0,420.04,26.0,7.0,64.0,58.0,1.2624301960947069,302.0,309.0,122,6.0,-7.0,0.05,304.0,3.0
07:32:31,302.0,36.0,308.67,12.0,297.0,12.0,333.27,22.0,6.670000000000016,48.0,34.0,0.5998083027197886,302.0,308.67,82,14.0,-40.0,0.17,304.0,
07:32:32,302.0,48.0,308.0,8.0,297.0,16.0,310.0,32.0,6.0,64.0,40.0,0.2585149899164947,302.0,308.0,104,24.0,22.0,0.23,304.0,
07:32:33,302.0,48.0,307.12,8.0,297.0,16.0,310.0,32.0,5.1200000000000045,64.0,40.0,0.3704456775445929,302.0,307.12,104,24.0,0.0,0.23,304.0,
07:32:34,302.0,60.0,304.0,50.0,297.0,20.0,306.0,10.0,2.0,80.0,60.0,1.00425096465543,302.0,304.0,140,20.0,36.0,0.14,304.0,
07:32:35,302.57,56.0,304.81,54.0,298.15,26.0,308.46,35.0,2.240000000000009,82.0,89.0,0.9590776819482626,302.57,304.81,171,-7.0,31.0,-0.04,302.82,11.0
07:32:36,304.41,153.0,306.0,68.0,302.0,34.0,310.0,68.0,1.589999999999975,187.0,136.0,0.9283695384981366,304.41,306.0,323,51.0,152.0,0.16,302.82,
07:32:37,305.0,76.0,306.84,38.0,302.0,24.0,311.17,46.0,1.839999999999975,100.0,84.0,1.164830459771424,305.0,306.84,184,16.0,-139.0,0.09,305.38,8.0
07:32:38,305.0,44.0,309.12,41.0,303.41,34.0,316.0,36.0,4.1200000000000045,78.0,77.0,1.646763492433399,305.0,309.12,155,1.0,-29.0,0.01,306.0,3.0
07:32:39,305.0,36.0,313.0,34.0,304.0,36.0,319.17,23.0,8.0,72.0,57.0,1.9959534062727515,305.0,313.0,129,15.0,-26.0,0.12,306.0,
07:32:40,305.0,36.0,311.44,36.0,304.0,36.0,314.62,32.0,6.439999999999998,72.0,68.0,1.5675522319884898,305.0,311.44,140,4.0,11.0,0.03,306.0,
07:32:41,305.0,48.0,310.17,48.0,304.0,48.0,312.0,48.0,5.170000000000016,96.0,96.0,1.1671675115476017,305.0,310.17,192,0.0,52.0,0.0,306.0,
07:32:42,305.0,16.0,309.0,52.0,304.0,52.0,312.0,52.0,4.0,68.0,104.0,0.8438720282200977,305.0,309.0,172,-36.0,-20.0,-0.21,305.0,3.0
07:32:43,299.57,21.0,308.94,68.0,298.33,48.0,312.44,41.0,9.370000000000005,69.0,109.0,1.810226505167808,299.57,308.94,178,-40.0,6.0,-0.22,303.57,7.0
07:32:44,295.0,20.0,307.7,40.0,293.0,40.0,314.0,38.0,12.699999999999989,60.0,78.0,2.8534750743630557,295.0,307.7,138,-18.0,-40.0,-0.13,303.57,
07:32:45,295.0,26.0,311.41,37.0,293.0,52.0,313.77,44.0,16.410000000000025,78.0,81.0,2.60998467428655,295.0,311.41,159,-3.0,21.0,-0.02,306.0,4.0
07:32:46,295.0,28.0,310.0,28.0,293.0,56.0,313.88,48.0,15.0,84.0,76.0,2.145278536696364,295.0,310.0,160,8.0,1.0,0.05,306.0,
07:32:47,296.26,38.0,310.0,20.0,294.76,34.0,313.0,40.0,13.740000000000007,72.0,60.0,1.0670379562178751,296.26,310.0,132,12.0,-28.0,0.09,306.0,
07:32:48,295.76,46.0,309.73,30.0,293.0,52.0,312.54,52.0,13.970000000000027,98.0,82.0,0.7474824412716566,295.76,309.7300000000001,180,16.0,48.0,0.09,296.57,7.0
07:32:49,293.0,99.0,309.85,26.0,291.33,27.0,311.08,13.0,16.850000000000023,126.0,39.0,0.7186445574896217,293.0,309.85,165,87.0,-15.0,0.53,309.33,3.0
07:32:50,293.0,77.0,308.76,21.0,292.0,21.0,310.19,16.0,15.759999999999993,98.0,37.0,0.9470638838057194,293.0,308.76,135,61.0,-30.0,0.45,309.33,
07:32:51,293.0,121.0,308.45,38.0,292.0,33.0,309.41,17.0,15.449999999999989,154.0,55.0,1.098476217316027,293.0,308.45,209,99.0,74.0,0.47,309.33,
07:32:52,293.0,165.0,303.41,44.0,292.0,45.0,306.15,34.0,10.410000000000023,210.0,78.0,1.655258288004701,293.0,303.41,288,132.0,79.0,0.46,309.33,
07:32:57,295.0,22.0,303.64,22.0,291.95,91.0,306.7,40.0,8.639999999999986,113.0,62.0,1.1294246322820114,295.0,303.64,175,51.0,-87.0,0.29,302.0,2.0
07:32:58,296.22,74.0,304.0,24.0,295.13,94.0,307.0,24.0,7.779999999999973,168.0,48.0,1.6422149676598097,296.22,304.0,216,120.0,41.0,0.56,302.0,
07:32:59,298.84,86.0,304.64,36.0,295.53,102.0,308.8,55.0,5.800000000000011,188.0,91.0,2.203685549257596,298.84,304.64,279,97.0,63.0,0.35,304.0,2.0
07:33:00,302.38,47.0,306.0,10.0,299.64,44.0,307.0,51.0,3.620000000000005,91.0,61.0,2.7191781846741923,302.38,306.0,152,30.0,-127.0,0.2,304.0,3.0
07:33:01,304.8,20.0,306.56,18.0,303.6,20.0,307.1,42.0,1.759999999999991,40.0,60.0,2.6899944237878173,304.8,306.56,100,-20.0,-52.0,-0.2,306.0,1.0
07:33:02,305.02,61.0,307.0,50.0,304.22,23.0,309.0,10.0,1.9800000000000184,84.0,60.0,2.554785705301045,305.02,307.0,144,24.0,44.0,0.17,305.5,4.0
07:33:03,305.0,55.0,307.81,26.0,304.0,22.0,332.73,30.0,2.8100000000000023,77.0,56.0,1.9061820479722016,305.0,307.81,133,21.0,-11.0,0.16,305.5,
07:33:04,305.0,35.0,306.67,12.0,303.14,14.0,307.39,31.0,1.670000000000016,49.0,43.0,0.8445531362869715,305.0,306.67,92,6.0,-41.0,0.07,305.5,
07:33:05,305.11,82.0,306.89,45.0,303.96,46.0,308.94,33.0,1.7799999999999727,128.0,78.0,0.2693139432195523,305.11,306.89,206,50.0,114.0,0.24,306.0,4.0
07:33:06,305.05,38.0,307.0,32.0,303.5,24.0,315.0,8.0,1.9499999999999889,62.0,40.0,0.2093561558983374,305.05,307.0,102,22.0,-104.0,0.22,306.5,2.0
07:33:07,305.0,42.0,307.0,28.0,302.0,14.0,315.0,7.0,2.0,56.0,35.0,0.2099285593065573,305.0,307.0,91,21.0,-11.0,0.23,306.5,
07:33:08,305.0,30.0,307.0,17.0,302.0,10.0,315.0,5.0,2.0,40.0,22.0,0.0804363102861822,305.0,307.0,62,18.0,-29.0,0.29,307.0,1.0
07:33:09,305.0,68.0,306.94,32.0,302.0,24.0,327.1,21.0,1.9399999999999975,92.0,53.0,0.0212132037297294,305.0,306.94,145,39.0,83.0,0.27,305.0,1.0
07:33:10,304.25,40.0,307.27,33.0,295.3,47.0,317.0,11.0,3.019999999999982,87.0,44.0,0.1094074952297034,304.25,307.27,131,43.0,-14.0,0.33,305.0,5.0
07:33:11,302.0,26.0,306.86,35.0,293.0,91.0,308.17,29.0,4.860000000000014,117.0,64.0,0.679389431778384,302.0,306.86,181,53.0,50.0,0.29,307.0,2.0
07:33:12,302.0,22.0,304.91,22.0,293.0,77.0,307.93,29.0,2.910000000000025,99.0,51.0,1.1370444142652192,302.0,304.91,150,48.0,-31.0,0.32,307.0,
07:33:13,295.16,63.0,307.59,29.0,292.4,70.0,312.0,17.0,12.42999999999995,133.0,46.0,1.8835286034491137,295.16,307.59,179,87.0,29.0,0.49,302.0,2.0
07:33:14,303.22,64.0,314.0,10.0,292.99,140.0,316.0,30.0,10.779999999999973,204.0,40.0,2.6987552686398533,303.22,314.0,244,164.0,65.0,0.67,302.0,
07:33:15,304.0,70.0,314.0,10.0,303.0,60.0,316.0,30.0,10.0,130.0,40.0,3.325826213140401,304.0,314.0,170,90.0,-74.0,0.53,302.0,
07:33:16,304.15,91.0,314.0,13.0,303.0,78.0,316.0,39.0,9.850000000000025,169.0,52.0,3.6325569506908506,304.15,314.0,221,117.0,51.0,0.53,302.0,
07:33:17,305.83,83.0,314.0,14.0,303.62,52.0,316.0,42.0,8.170000000000016,135.0,56.0,3.513037147542467,305.83,314.0,191,79.0,-30.0,0.41,306.0,5.0
07:33:18,307.85,13.0,313.53,19.0,305.0,26.0,315.82,33.0,5.67999999999995,39.0,52.0,0.8371081172791662,307.85,313.53,91,-13.0,-100.0,-0.14,306.0,1.0
07:33:19,309.0,12.0,311.17,36.0,305.0,24.0,315.86,14.0,2.170000000000016,36.0,50.0,0.7128674491200314,309.0,311.17,86,-14.0,-5.0,-0.16,306.0,
07:33:20,307.29,14.0,311.07,28.0,303.94,34.0,318.36,11.0,3.7799999999999727,48.0,39.0,0.6684309986939022,307.29,311.07,87,9.0,1.0,0.1,309.0,1.0
07:33:21,306.25,48.0,315.64,50.0,303.54,74.0,317.37,52.0,9.389999999999986,122.0,102.0,0.6916791163648088,306.25,315.64,224,20.0,137.0,0.09,309.0,
07:33:22,307.0,53.0,314.91,80.0,305.0,40.0,317.58,36.0,7.910000000000025,93.0,116.0,0.754254598935499,307.0,314.91,209,-23.0,-15.0,-0.11,307.0,1.0
07:33:23,307.0,20.0,311.53,19.0,305.0,20.0,312.45,11.0,4.529999999999973,40.0,30.0,0.8654940785557962,307.0,311.53,70,10.0,-139.0,0.14,307.0,
07:33:24,307.0,22.0,308.47,15.0,305.0,22.0,309.78,18.0,1.4700000000000273,44.0,33.0,1.363187441262124,307.0,308.47,77,11.0,7.0,0.14,307.0,
07:33:25,305.78,23.0,308.33,21.0,303.5,56.0,313.5,28.0,2.550000000000012,79.0,49.0,1.793655485318869,305.78,308.33,128,30.0,51.0,0.23,307.0,2.0
07:33:26,303.14,58.0,312.79,19.0,295.8,120.0,320.37,41.0,9.650000000000034,178.0,60.0,1.5445970348327294,303.14,312.79,238,118.0,110.0,0.5,306.33,3.0
07:33:27,298.11,123.0,314.79,38.0,295.23,162.0,321.72,68.0,16.680000000000007,285.0,106.0,1.0575774203402146,298.11,314.79,391,179.0,153.0,0.46,306.33,
07:33:28,300.52,46.0,313.82,11.0,298.25,64.0,315.82,33.0,13.300000000000011,110.0,44.0,0.5945838881210853,300.52,313.82,154,66.0,-170.5,0.43,306.33,
07:33:29,301.32,124.0,313.0,17.0,300.87,46.0,318.0,51.0,11.680000000000009,170.0,68.0,0.5371685024395043,301.32,313.0,238,102.0,84.0,0.43,306.33,
07:33:30,304.21,28.0,313.0,13.0,303.04,92.0,316.15,39.0,8.79000000000002,120.0,52.0,0.8315948532869554,304.21,313.0,172,68.0,-66.0,0.4,306.33,
07:33:31,306.64,28.0,313.0,12.0,304.71,42.0,315.0,36.0,6.360000000000014,70.0,48.0,1.3561600200616544,306.64,313.0,118,22.0,-54.0,0.19,309.4,5.0
07:33:32,303.18,68.0,312.5,10.0,298.85,40.0,315.0,30.0,9.319999999999991,108.0,40.0,1.1216728578395012,303.18,312.5,148,68.0,30.0,0.46,306.0,2.0
07:33:33,303.0,104.0,311.82,34.0,297.0,91.0,317.62,39.0,8.819999999999993,195.0,73.0,1.0750209300352591,303.0,311.82,268,122.0,120.0,0.46,306.0,
07:33:34,307.62,104.0,310.56,9.0,302.41,71.0,315.23,26.0,2.9399999999999977,175.0,35.0,0.9632912332281534,307.62,310.56,210,140.0,-58.0,0.67,306.0,
07:33:35,308.0,93.0,309.62,8.0,304.15,54.0,318.0,16.0,1.6200000000000043,147.0,24.0,0.9703246879340218,308.0,309.62,171,123.0,-39.0,0.72,308.0,3.0
07:33:36,308.0,64.0,309.0,8.0,305.0,48.0,319.2,20.0,1.0,112.0,28.0,0.6934334863662122,308.0,309.0,140,84.0,-31.0,0.6,308.0,2.0
07:33:37,308.0,42.0,320.0,46.0,305.0,42.0,322.0,21.0,12.0,84.0,67.0,2.56140000781122,308.0,320.0,151,17.0,11.0,0.11,308.0,1.0
07:33:38,308.0,36.0,319.93,43.0,306.0,24.0,321.3,23.0,11.930000000000009,60.0,66.0,2.847618303076595,308.0,319.93,126,-6.0,-25.0,-0.05,308.0,
07:33:39,308.0,66.0,317.91,33.0,306.0,44.0,319.63,82.0,9.910000000000023,110.0,115.0,2.7650913185675465,308.0,317.91,225,-5.0,99.0,-0.02,308.0,
07:33:40,307.56,41.0,315.77,39.0,304.91,77.0,317.64,42.0,8.20999999999998,118.0,81.0,2.2860818008151504,307.56,315.77,199,37.0,-26.0,0.19,307.25,8.0
07:33:41,307.0,34.0,314.5,18.0,305.0,24.0,318.0,30.0,7.5,58.0,48.0,1.4338479696323174,307.0,314.5,106,10.0,-93.0,0.09,307.0,2.0
07:33:42,307.0,24.0,313.17,18.0,305.0,24.0,316.67,15.0,6.170000000000016,48.0,33.0,1.5869719594302487,307.0,313.17,81,15.0,-25.0,0.19,307.0,
07:33:43,307.0,32.0,311.25,24.0,305.0,32.0,318.0,24.0,4.25,64.0,48.0,1.471200190326509,307.0,311.25,112,16.0,31.0,0.14,307.0,
07:33:44,306.73,120.0,310.0,39.0,304.56,64.0,318.67,63.0,3.269999999999982,184.0,102.0,1.302793153196503,306.7300000000001,310.0,286,82.0,169.5,0.29,307.0,1.0
07:33:45,307.0,132.0,310.0,36.0,302.27,73.0,319.65,37.0,3.0,205.0,73.0,1.0280710092279273,307.0,310.0,278,132.0,-8.0,0.47,307.0,
07:33:46,307.0,85.0,308.9,30.0,305.69,26.0,312.97,32.0,1.8999999999999773,111.0,62.0,0.8273632817657981,307.0,308.9,173,49.0,-105.0,0.28,307.0,3.0
07:33:47,307.0,49.0,310.26,31.0,305.0,32.0,320.23,22.0,3.259999999999991,81.0,53.0,0.4241815649152275,307.0,310.26,134,28.0,-39.0,0.21,307.0,5.0
07:33:48,307.0,15.0,318.0,10.0,305.0,20.0,321.4,20.0,11.0,35.0,30.0,1.8678731220333944,307.0,318.0,65,5.0,-69.0,0.08,307.0,
07:33:49,307.0,12.0,318.0,8.0,305.0,16.0,322.0,32.0,11.0,28.0,40.0,2.2818917590490195,307.0,318.0,68,-12.0,3.0,-0.18,307.0,
07:33:50,309.18,55.0,318.0,18.0,305.75,32.0,322.0,72.0,8.819999999999993,87.0,90.0,2.555470602456032,309.18,318.0,177,-3.0,109.0,-0.02,307.0,
07:33:51,310.0,81.0,318.0,18.0,307.16,25.0,322.0,57.0,8.0,106.0,75.0,2.12645949879567,310.0,318.0,181,31.0,4.0,0.17,310.0,1.0
07:33:52,310.0,90.0,318.0,20.0,308.0,20.0,322.0,60.0,8.0,110.0,80.0,0.7652581263988415,310.0,318.0,190,30.0,9.0,0.16,310.0,
07:33:53,310.0,88.0,318.0,20.0,308.0,20.0,322.0,60.0,8.0,108.0,80.0,0.6497076265673498,310.0,318.0,188,28.0,-2.0,0.15,310.0,1.0
07:33:54,310.0,42.0,318.0,12.0,308.0,12.0,322.0,36.0,8.0,54.0,48.0,0.1833575742097686,310.0,318.0,102,6.0,-86.0,0.06,310.0,3.0
07:33:55,310.0,15.0,318.0,12.0,308.0,12.0,322.0,36.0,8.0,27.0,48.0,0.0,310.0,318.0,75,-21.0,-27.0,-0.28,310.0,3.0
07:33:56,310.0,16.0,318.0,16.0,308.0,16.0,322.0,48.0,8.0,32.0,64.0,0.0,310.0,318.0,96,-32.0,21.0,-0.33,310.0,
07:33:57,310.0,14.0,317.12,16.0,308.0,14.0,319.74,19.0,7.1200000000000045,28.0,35.0,0.1967739820709939,310.0,317.12,63,-7.0,-33.0,-0.11,310.0,
07:33:58,310.0,26.0,316.7,40.0,308.0,26.0,320.06,51.0,6.699999999999989,52.0,91.0,0.3076036411031536,310.0,316.7,143,-39.0,80.0,-0.27,310.0,
07:33:59,310.44,18.0,316.0,24.0,308.4,20.0,319.21,38.0,5.560000000000002,38.0,62.0,0.3623258202498468,310.44,316.0,100,-24.0,-43.0,-0.24,310.0,1.0
07:34:00,312.0,10.0,314.51,35.0,310.0,10.0,318.72,39.0,2.509999999999991,20.0,74.0,0.3200312485048088,312.0,314.51,94,-54.0,-6.0,-0.57,310.0,
07:34:01,311.27,11.0,313.53,19.0,308.61,23.0,314.08,49.0,2.259999999999991,34.0,68.0,0.4436440014461649,311.27,313.53,102,-34.0,8.0,-0.33,310.0,
07:34:02,310.0,10.0,312.05,42.0,308.0,40.0,313.56,18.0,2.050000000000012,50.0,60.0,0.9882307422958264,310.0,312.05,110,-10.0,8.0,-0.09,310.0,
07:34:03,309.14,14.0,311.71,35.0,307.94,34.0,312.17,30.0,2.569999999999993,48.0,65.0,1.288363302806255,309.14,311.71,113,-17.0,3.0,-0.15,308.67,3.0
07:34:04,307.84,19.0,309.26,38.0,306.73,11.0,312.79,34.0,1.420000000000016,30.0,72.0,1.8240257673664368,307.84,309.26,102,-42.0,-11.0,-0.41,308.0,2.0
07:34:05,306.91,11.0,308.18,33.0,305.71,14.0,311.17,23.0,1.2699999999999818,25.0,56.0,1.9422795885287605,306.91,308.18,81,-31.0,-21.0,-0.38,307.0,1.0
07:34:06,305.27,22.0,307.56,27.0,304.43,56.0,319.0,30.0,2.2900000000000205,78.0,57.0,1.9314554097918413,305.27,307.56,135,21.0,54.0,0.16,306.5,2.0
07:34:07,304.07,92.0,307.4,30.0,303.37,35.0,319.44,48.0,3.329999999999984,127.0,78.0,1.8531810489029477,304.07,307.4,205,49.0,70.0,0.24,304.67,6.0
07:34:08,304.0,60.0,319.0,40.0,302.0,10.0,322.0,30.0,15.0,70.0,70.0,2.2595619044437,304.0,319.0,140,0.0,-65.0,0.0,304.67,
07:34:09,305.68,107.0,320.29,42.0,303.49,35.0,322.45,22.0,14.610000000000014,142.0,64.0,3.219321357058701,305.68,320.29,206,78.0,66.0,0.38,304.0,1.0
07:34:10,310.0,135.0,318.24,63.0,305.0,100.0,322.26,54.0,8.240000000000009,235.0,117.0,3.844355602700648,310.0,318.24,352,118.0,146.0,0.34,310.0,5.0
07:34:11,310.0,100.0,312.18,22.0,305.0,120.0,318.0,48.0,2.180000000000007,220.0,70.0,3.2268607035347894,310.0,312.18,290,150.0,-62.0,0.52,310.0,
07:34:12,310.0,80.0,311.17,36.0,305.0,108.0,317.74,27.0,1.170000000000016,188.0,63.0,1.460712155086758,310.0,311.17,251,125.0,-39.0,0.5,310.0,5.0
07:34:13,310.0,61.0,313.31,26.0,305.0,156.0,323.76,49.0,3.3100000000000023,217.0,75.0,1.447974447294648,310.0,313.31,292,142.0,41.0,0.49,310.0,2.0
07:34:14,309.85,39.0,321.05,41.0,306.29,84.0,323.0,55.0,11.199999999999989,123.0,96.0,2.1031809242237647,309.85,321.05,219,27.0,-73.0,0.12,309.5,4.0
07:34:15,308.0,12.0,318.0,8.0,305.0,48.0,321.0,20.0,10.0,60.0,28.0,1.952109115807436,308.0,318.0,88,32.0,-131.0,0.36,309.5,
07:34:16,308.0,21.0,320.31,26.0,305.0,84.0,321.7,23.0,12.310000000000002,105.0,49.0,1.9363703158278032,308.0,320.31,154,56.0,66.0,0.36,309.5,
07:34:17,308.0,15.0,321.0,25.0,305.0,60.0,323.0,10.0,13.0,75.0,35.0,1.4650085324051092,308.0,321.0,110,40.0,-44.0,0.36,309.5,
07:34:18,308.0,24.0,321.0,40.0,305.0,96.0,323.0,16.0,13.0,120.0,56.0,0.8821847879102361,308.0,321.0,176,64.0,66.0,0.36,309.5,
07:34:19,308.0,30.0,321.0,50.0,305.0,120.0,323.0,20.0,13.0,150.0,70.0,0.6496152707719166,308.0,321.0,220,80.0,44.0,0.36,309.5,
07:34:20,308.0,27.0,320.77,39.0,305.0,108.0,321.89,27.0,12.769999999999982,135.0,66.0,0.1522497948120428,308.0,320.77,201,69.0,-19.0,0.34,309.5,
07:34:21,308.0,41.0,318.27,44.0,305.0,168.0,319.81,68.0,10.269999999999982,209.0,112.0,0.5970594610423183,308.0,318.27,321,97.0,120.0,0.3,308.0,1.0
07:34:22,308.0,88.0,316.12,74.0,305.15,156.0,317.28,54.0,8.120000000000005,244.0,128.0,1.0890730003171238,308.0,316.12,372,116.0,51.0,0.31,308.0,
07:34:23,308.0,52.0,316.0,55.0,307.0,33.0,317.14,35.0,8.0,85.0,90.0,1.2066813995497427,308.0,316.0,175,-5.0,-170.5,-0.03,308.0,2.0
07:34:24,308.0,64.0,315.56,80.0,307.0,48.0,319.7,47.0,7.560000000000002,112.0,127.0,1.0906511816428257,308.0,315.56,239,-15.0,64.0,-0.06,308.0,
07:34:25,307.93,43.0,314.0,55.0,306.97,31.0,315.0,55.0,6.069999999999993,74.0,110.0,0.7765307463444947,307.93,314.0,184,-36.0,-55.0,-0.2,308.0,4.0
07:34:26,307.0,24.0,313.75,40.0,306.0,8.0,315.0,40.0,6.75,32.0,80.0,0.7345202516050094,307.0,313.75,112,-48.0,-72.0,-0.43,308.0,
07:34:27,307.0,22.0,311.5,60.0,306.0,12.0,313.5,60.0,4.5,34.0,120.0,1.115719498806663,307.0,311.5,154,-86.0,42.0,-0.56,307.0,2.0
07:34:28,307.0,8.0,311.0,40.0,306.0,8.0,312.0,40.0,4.0,16.0,80.0,1.1656886376802662,307.0,311.0,96,-64.0,-58.0,-0.67,307.0,
07:34:29,305.95,19.0,310.0,50.0,305.06,17.0,311.0,50.0,4.050000000000011,36.0,100.0,1.1819179328600775,305.95,310.0,136,-64.0,40.0,-0.47,306.0,3.0
07:34:30,305.0,100.0,306.7,50.0,304.0,80.0,308.0,50.0,1.6999999999999886,180.0,100.0,1.7065901675608377,305.0,306.7,280,80.0,144.0,0.29,306.0,
07:34:31,305.0,110.0,306.0,55.0,304.0,88.0,307.0,55.0,1.0,198.0,110.0,1.750351393296364,305.0,306.0,308,88.0,28.0,0.29,306.0,
07:34:32,305.0,75.0,306.64,55.0,304.0,88.0,313.05,43.0,1.6399999999999864,163.0,98.0,1.5618802771064004,305.0,306.64,261,65.0,-47.0,0.25,305.0,5.0
07:34:33,304.17,87.0,309.46,39.0,303.14,42.0,318.56,45.0,5.289999999999964,129.0,84.0,1.0111725866604724,304.17,309.46,213,45.0,-48.0,0.21,306.0,5.0
07:34:34,305.68,152.0,314.31,13.0,303.75,64.0,315.71,28.0,8.629999999999995,216.0,41.0,1.856965266237892,305.68,314.31,257,175.0,44.0,0.68,306.0,
07:34:35,307.45,124.0,313.02,53.0,305.81,168.0,314.13,15.0,5.569999999999993,292.0,68.0,2.285143321547852,307.45,313.02,360,224.0,103.0,0.62,306.0,
07:34:36,309.0,60.0,312.23,13.0,306.0,160.0,313.4,40.0,3.230000000000018,220.0,53.0,2.21228388775393,309.0,312.23,273,167.0,-87.0,0.61,311.0,1.0
07:34:37,310.2,30.0,313.0,32.0,307.59,68.0,317.0,32.0,2.800000000000012,98.0,64.0,1.8035187828289088,310.2,313.0,162,34.0,-111.0,0.21,311.0,
07:34:38,311.0,39.0,313.0,52.0,309.0,78.0,317.0,34.0,2.0,117.0,86.0,0.8694365991937347,311.0,313.0,203,31.0,41.0,0.15,311.0,
07:34:39,311.0,45.0,312.96,54.0,309.0,90.0,316.06,34.0,1.9599999999999795,135.0,88.0,0.8105060147944111,311.0,312.96,223,47.0,20.0,0.21,311.0,
07:34:40,309.0,60.0,311.23,13.0,305.0,40.0,312.32,37.0,2.230000000000018,100.0,50.0,0.8501058757695427,309.0,311.23,150,50.0,-73.0,0.33,311.0,3.0
07:34:41,309.0,31.0,310.0,9.0,305.0,36.0,315.45,22.0,1.0,67.0,31.0,1.155075755099088,309.0,310.0,98,36.0,-52.0,0.37,309.0,4.0
07:34:42,304.31,157.0,318.32,37.0,303.6,50.0,321.28,43.0,14.009999999999993,207.0,80.0,1.1275992195889806,304.31,318.32,287,127.0,169.5,0.44,306.71,7.0
07:34:43,304.0,112.0,319.0,28.0,298.56,32.0,323.0,35.0,15.0,144.0,63.0,1.0331892372733966,304.0,319.0,207,81.0,-80.0,0.39,306.71,
07:34:44,304.2,150.0,319.0,48.0,302.78,83.0,393.0,36.0,14.800000000000011,233.0,84.0,0.942401188463556,304.2,319.0,317,149.0,110.0,0.47,306.71,
07:34:45,309.0,18.0,319.0,36.0,303.87,92.0,463.3,20.0,10.0,110.0,56.0,1.6013369414393066,309.0,319.0,166,54.0,-151.0,0.33,306.71,
07:34:46,309.0,22.0,318.55,44.0,303.0,33.0,321.37,38.0,9.550000000000011,55.0,82.0,1.3272226640691906,309.0,318.55,137,-27.0,-29.0,-0.2,306.71,
07:34:47,309.0,22.0,316.27,44.0,303.0,33.0,318.18,44.0,7.269999999999982,55.0,88.0,1.1713752601191236,309.0,316.27,143,-33.0,6.0,-0.23,306.71,
07:34:48,306.33,24.0,314.0,42.0,302.57,56.0,315.0,56.0,7.670000000000016,80.0,98.0,1.589097227994225,306.33,314.0,178,-18.0,35.0,-0.1,308.0,4.0
07:34:49,303.0,34.0,310.74,66.0,301.0,102.0,311.95,65.0,7.740000000000009,136.0,131.0,2.9961558704477094,303.0,310.74,267,5.0,89.0,0.02,308.0,
07:34:50,303.0,24.0,308.92,48.0,298.52,79.0,311.0,48.0,5.920000000000016,103.0,96.0,3.437305630870963,303.0,308.92,199,7.0,-68.0,0.04,308.0,
07:34:51,303.0,26.0,304.67,45.0,297.0,91.0,306.04,46.0,1.670000000000016,117.0,91.0,3.500347125645665,303.0,304.67,208,26.0,9.0,0.12,303.0,2.0
07:34:52,297.33,83.0,301.66,53.0,295.79,53.0,302.57,63.0,4.330000000000041,136.0,116.0,3.953729884553828,297.33,301.66,252,20.0,44.0,0.08,303.0,
07:35:05,290.0,9.0,303.0,27.0,289.0,15.0,306.0,72.0,13.0,24.0,99.0,1.3233291351768584,290.0,303.0,123,-75.0,10.0,-0.61,303.0,
07:35:06,290.0,9.0,305.66,53.0,289.0,9.0,307.87,30.0,15.660000000000023,18.0,83.0,1.4505791946696602,290.0,305.66,101,-65.0,-22.0,-0.64,306.0,3.0
07:35:07,290.0,10.0,306.0,65.0,289.0,10.0,310.0,20.0,16.0,20.0,85.0,1.412062321574008,290.0,306.0,105,-65.0,4.0,-0.62,306.0,
07:35:08,290.0,11.0,305.47,60.0,289.0,11.0,306.18,68.0,15.470000000000027,22.0,128.0,1.4406838653948433,290.0,305.47,150,-106.0,45.0,-0.71,306.0,
07:35:09,292.39,36.0,303.28,36.0,290.47,19.0,305.0,72.0,10.889999999999986,55.0,108.0,0.6103851243350773,292.39,303.28,163,-53.0,13.0,-0.33,306.0,
07:35:10,293.0,26.0,302.0,52.0,291.0,26.0,303.0,26.0,9.0,52.0,78.0,0.183221177841697,293.0,302.0,130,-26.0,-33.0,-0.2,306.0,
07:35:11,293.0,16.0,302.0,32.0,291.0,16.0,303.0,16.0,9.0,32.0,48.0,0.2162637279102613,293.0,302.0,80,-16.0,-50.0,-0.2,306.0,
07:35:12,294.8,30.0,302.0,52.0,294.0,36.0,303.0,26.0,7.199999999999989,66.0,78.0,0.3692830892549934,294.8,302.0,144,-12.0,64.0,-0.08,306.0,
07:35:13,297.89,18.0,302.0,36.0,296.89,18.0,303.0,18.0,4.110000000000014,36.0,54.0,1.0220958859178078,297.89,302.0,90,-18.0,-54.0,-0.2,306.0,
07:35:14,299.72,43.0,302.0,49.0,298.21,29.0,303.0,26.0,2.2799999999999727,72.0,75.0,1.5062536307045418,299.72,302.0,147,-3.0,57.0,-0.02,301.0,2.0
07:35:15,301.0,48.0,302.15,26.0,293.0,24.0,304.0,30.0,1.1499999999999773,72.0,56.0,1.6924774740040838,301.0,302.15,128,16.0,-19.0,0.12,302.0,3.0
07:35:16,301.06,36.0,303.0,20.0,288.0,20.0,306.0,62.0,1.9399999999999975,56.0,82.0,1.4440637105100194,301.06,303.0,138,-26.0,10.0,-0.19,301.0,2.0
07:35:17,302.0,62.0,303.0,22.0,291.0,11.0,306.0,88.0,1.0,73.0,110.0,1.0075812622377247,302.0,303.0,183,-37.0,45.0,-0.2,302.0,4.0
07:35:18,297.29,21.0,303.0,16.0,287.31,39.0,306.0,96.0,5.70999999999998,60.0,112.0,0.9375606647106148,297.29,303.0,172,-52.0,-11.0,-0.3,303.0,1.0
07:35:19,291.0,8.0,302.58,12.0,287.0,32.0,305.95,57.0,11.579999999999984,40.0,69.0,2.309906924534407,291.0,302.58,109,-29.0,-63.0,-0.27,303.0,
07:35:24,287.0,7.0,304.0,28.0,286.0,7.0,309.0,21.0,17.0,14.0,49.0,2.0362514579508697,287.0,304.0,63,-35.0,-58.0,-0.56,303.0,
07:35:25,287.0,10.0,304.0,38.0,283.6,20.0,309.0,30.0,17.0,30.0,68.0,2.426586079249467,287.0,304.0,98,-38.0,35.0,-0.39,304.0,2.0
07:35:26,287.0,7.0,307.95,19.0,284.75,16.0,310.5,20.0,20.94999999999999,23.0,39.0,3.1007692593948333,287.0,307.95,62,-16.0,-36.0,-0.26,304.0,2.0
07:35:27,287.0,9.0,309.0,27.0,286.0,27.0,311.23,26.0,22.0,36.0,53.0,2.96119570444251,287.0,309.0,89,-17.0,27.0,-0.19,304.0,
07:35:28,289.05,22.0,309.0,21.0,286.94,16.0,312.0,28.0,19.94999999999999,38.0,49.0,1.5615120876924693,289.05,309.0,87,-11.0,-2.0,-0.13,304.0,
07:35:29,304.95,19.0,309.0,33.0,293.36,25.0,312.0,44.0,4.050000000000011,44.0,77.0,4.425603913593162,304.95,309.0,121,-33.0,34.0,-0.27,304.0,
07:35:30,307.0,8.0,309.0,24.0,294.03,29.0,312.0,32.0,2.0,37.0,56.0,5.148880460839281,307.0,309.0,93,-19.0,-28.0,-0.2,304.0,
07:35:31,295.1,10.0,308.7,30.0,294.48,23.0,311.45,38.0,13.599999999999966,33.0,68.0,4.543260943420828,295.1,308.7,101,-35.0,8.0,-0.35,304.0,4.0
07:35:32,291.5,14.0,306.06,54.0,290.13,15.0,307.0,45.0,14.560000000000002,29.0,99.0,4.34735321776518,291.5,306.06,128,-70.0,27.0,-0.55,304.0,
07:35:33,293.41,17.0,303.14,49.0,291.4,25.0,305.67,64.0,9.72999999999996,42.0,113.0,4.522961419248808,293.41,303.14,155,-71.0,27.0,-0.46,295.0,1.0
07:35:37,293.9,41.0,301.82,45.0,289.15,66.0,307.49,49.0,7.920000000000016,107.0,94.0,0.9768213756925844,293.9,301.82,201,13.0,132.0,0.06,298.0,5.0
07:35:38,289.07,30.0,307.0,35.0,288.47,15.0,367.5,16.0,17.930000000000007,45.0,51.0,0.9027347340220908,289.07,307.0,96,-6.0,-105.0,-0.06,298.0,
07:35:39,289.0,42.0,307.0,36.0,288.0,12.0,363.67,24.0,18.0,54.0,60.0,0.8002062234262621,289.0,307.0,114,-6.0,18.0,-0.05,298.0,
07:35:40,289.0,42.0,307.0,24.0,288.0,12.0,414.43,14.0,18.0,54.0,38.0,0.4930314391702429,289.0,307.0,92,16.0,-22.0,0.17,298.0,
07:35:41,289.42,48.0,306.08,72.0,288.31,90.0,329.63,73.0,16.659999999999968,138.0,145.0,0.1194571053155394,289.42,306.08,283,-7.0,169.5,-0.02,298.0,
07:35:42,289.35,83.0,304.8,80.0,287.62,117.0,511.0,36.0,15.449999999999989,200.0,116.0,0.4073696110539865,289.35,304.8,316,84.0,33.0,0.27,301.0,5.0
07:35:50,291.0,154.0,418.2,30.0,287.0,187.0,435.0,32.0,127.2,341.0,62.0,27.32019033608688,291.0,418.2,403,279.0,85.0,0.69,303.29,7.0
07:35:51,291.0,158.0,455.38,42.0,287.0,221.0,541.46,37.0,164.38,379.0,79.0,38.664172951196335,291.0,455.38,458,300.0,55.0,0.66,303.29,
07:35:52,293.04,159.0,339.88,48.0,288.29,216.0,399.78,55.0,46.839999999999975,375.0,103.0,35.29983668517498,293.04,339.88,478,272.0,20.0,0.57,297.0,2.0
07:35:53,303.0,42.0,324.23,47.0,295.17,23.0,476.78,45.0,21.230000000000015,65.0,92.0,31.91855541844002,303.0,324.23,157,-27.0,-170.5,-0.17,297.0,
07:35:54,298.29,85.0,321.89,38.0,296.89,36.0,322.98,41.0,23.59999999999997,121.0,79.0,28.52221888282937,298.29,321.89,200,42.0,43.0,0.21,301.75,4.0
07:35:55,300.2,100.0,319.18,38.0,299.0,50.0,320.34,32.0,18.980000000000015,150.0,70.0,27.297691294320543,300.2,319.18,220,80.0,20.0,0.36,301.75,
07:35:56,301.44,90.0,316.36,45.0,300.91,86.0,317.33,51.0,14.920000000000016,176.0,96.0,3.1938487753832243,301.44,316.36,272,80.0,52.0,0.29,301.75,
07:35:57,303.84,62.0,312.34,58.0,302.85,137.0,313.23,61.0,8.5,199.0,119.0,2.123457086925948,303.84,312.34,318,80.0,46.0,0.25,305.0,2.0
07:35:58,302.12,85.0,305.33,54.0,301.03,155.0,306.48,58.0,3.2099999999999795,240.0,112.0,2.560527289449315,302.12,305.33,352,128.0,34.0,0.36,303.0,4.0
07:35:59,303.19,100.0,353.64,39.0,302.13,46.0,426.4,40.0,50.44999999999999,146.0,79.0,9.591268424979942,303.19,353.64,225,67.0,-127.0,0.3,303.86,7.0
07:36:01,306.0,21.0,404.53,30.0,304.43,35.0,502.48,33.0,98.52999999999996,56.0,63.0,49.10625693330776,306.0,404.53,119,-7.0,8.0,-0.06,303.86,
07:36:02,306.0,39.0,333.6,63.0,305.0,65.0,378.55,58.0,27.600000000000023,104.0,121.0,47.2168153309818,306.0,333.6,225,-17.0,106.0,-0.08,303.86,
07:36:03,306.7,30.0,358.76,38.0,305.64,56.0,420.88,64.0,52.06,86.0,102.0,42.21152271596041,306.7,358.76,188,-16.0,-37.0,-0.09,303.86,
07:36:04,309.0,9.0,343.06,17.0,308.0,18.0,358.44,41.0,34.06,27.0,58.0,42.55741028305226,309.0,343.06,85,-31.0,-103.0,-0.36,303.86,
07:36:05,303.98,43.0,310.67,48.0,302.72,54.0,315.08,60.0,6.689999999999998,97.0,108.0,17.780217940172427,303.98,310.67,205,-11.0,120.0,-0.05,308.33,3.0
07:36:06,303.19,43.0,306.91,23.0,302.49,81.0,307.85,67.0,3.7200000000000273,124.0,90.0,11.898379301401652,303.19,306.91,214,34.0,9.0,0.16,304.0,1.0
07:36:07,303.51,41.0,305.45,53.0,302.68,74.0,393.73,55.0,1.9399999999999975,115.0,108.0,13.272101190091234,303.51,305.45,223,7.0,9.0,0.03,304.0,3.0
07:36:08,304.14,72.0,346.49,76.0,302.25,80.0,429.42,60.0,42.35000000000002,152.0,136.0,11.037856223018125,304.14,346.49,288,16.0,65.0,0.06,304.0,2.0
07:36:09,307.0,14.0,318.86,35.0,302.0,55.0,321.03,37.0,11.860000000000014,69.0,72.0,8.659599875283991,307.0,318.86,141,-3.0,-147.0,-0.02,307.0,3.0
07:36:10,307.0,12.0,312.58,36.0,302.0,60.0,313.73,40.0,5.579999999999984,72.0,76.0,8.464149100767234,307.0,312.58,148,-4.0,7.0,-0.03,307.0,
07:36:11,303.21,33.0,308.8,40.0,301.23,65.0,309.79,42.0,5.590000000000032,98.0,82.0,8.290016887800592,303.21,308.8,180,16.0,32.0,0.09,307.0,1.0
07:36:12,300.87,62.0,303.46,39.0,299.59,51.0,310.13,46.0,2.589999999999975,113.0,85.0,8.83941853291373,300.87,303.46,198,28.0,18.0,0.14,302.0,5.0
07:36:13,300.0,42.0,309.49,37.0,299.0,36.0,319.41,39.0,9.490000000000007,78.0,76.0,4.250990472821129,300.0,309.49,154,2.0,-44.0,0.01,300.0,3.0
07:36:14,300.0,26.0,315.53,38.0,299.0,39.0,316.18,34.0,15.529999999999973,65.0,72.0,2.901470316928185,300.0,315.53,137,-7.0,-17.0,-0.05,300.0,
07:36:15,300.88,80.0,312.67,21.0,299.48,29.0,315.16,37.0,11.79000000000002,109.0,58.0,2.159085454542005,300.88,312.67,167,51.0,30.0,0.31,300.0,
07:36:16,303.13,115.0,310.54,26.0,300.12,80.0,312.0,41.0,7.410000000000025,195.0,67.0,2.2381532565968296,303.13,310.54,262,128.0,95.0,0.49,300.0,
07:36:17,303.64,110.0,309.07,15.0,299.65,103.0,314.53,76.0,5.430000000000007,213.0,91.0,1.105554159693561,303.64,309.07,304,122.0,42.0,0.4,308.0,7.0
07:36:18,302.0,100.0,306.3,10.0,298.0,70.0,315.0,50.0,4.300000000000011,170.0,60.0,1.344663526691951,302.0,306.3,230,110.0,-74.0,0.48,308.0,
07:36:19,302.26,92.0,305.71,14.0,300.4,100.0,317.61,114.0,3.4499999999999886,192.0,128.0,1.4262959019834918,302.26,305.71,320,64.0,90.0,0.2,308.0,
07:36:20,302.0,121.0,312.24,25.0,298.0,43.0,318.16,74.0,10.240000000000007,164.0,99.0,1.5034693212749617,302.0,312.24,263,65.0,-57.0,0.25,302.5,2.0
07:36:21,303.28,75.0,318.0,75.0,301.25,48.0,319.0,52.0,14.720000000000027,123.0,127.0,2.709086561927428,303.28,318.0,250,-4.0,-13.0,-0.02,309.0,4.0
07:36:22,303.38,29.0,317.3,54.0,301.89,92.0,318.78,45.0,13.920000000000016,121.0,99.0,3.2130468406197603,303.38,317.3,220,22.0,-30.0,0.1,309.0,
07:36:23,307.2,40.0,316.0,93.0,302.62,52.0,352.77,35.0,8.800000000000011,92.0,128.0,3.143902034100038,307.2,316.0,220,-36.0,0.0,-0.16,309.0,
07:36:24,308.0,36.0,316.0,81.0,304.0,18.0,449.65,34.0,8.0,54.0,115.0,1.923642378411374,308.0,316.0,169,-61.0,-51.0,-0.36,309.0,
07:36:25,304.0,7.0,316.0,63.0,302.0,63.0,358.43,21.0,12.0,70.0,84.0,0.8499882352249307,304.0,316.0,154,-14.0,-15.0,-0.09,307.2,5.0
07:36:26,304.7,20.0,316.0,117.0,302.23,61.0,351.0,39.0,11.300000000000011,81.0,156.0,0.8827910285116896,304.7,316.0,237,-75.0,83.0,-0.32,307.2,
07:36:27,302.0,54.0,316.0,37.0,297.0,15.0,351.0,18.0,14.0,69.0,55.0,1.2188108959229234,302.0,316.0,124,14.0,-113.0,0.11,304.67,3.0
07:36:28,302.0,90.0,316.0,70.0,296.0,40.0,490.2,30.0,14.0,130.0,100.0,1.2347064428518544,302.0,316.0,230,30.0,106.0,0.13,304.67,
07:36:29,302.11,111.0,316.0,91.0,297.74,62.0,408.09,46.0,13.889999999999986,173.0,137.0,0.6467225061951221,302.11,316.0,310,36.0,80.0,0.12,304.67,
07:36:30,303.43,42.0,316.0,49.0,302.0,63.0,368.0,28.0,12.569999999999991,105.0,77.0,0.5997249369663061,303.43,316.0,182,28.0,-128.0,0.15,304.67,
07:36:31,305.54,78.0,316.0,91.0,302.0,117.0,359.9,40.0,10.45999999999998,195.0,131.0,0.7680039062526254,305.54,316.0,326,64.0,144.0,0.2,304.67,
07:36:32,306.0,54.0,314.71,35.0,302.0,81.0,321.49,47.0,8.70999999999998,135.0,82.0,0.7846464171966558,306.0,314.71,217,53.0,-109.0,0.24,304.67,
07:36:33,306.0,52.0,312.08,13.0,304.0,110.0,313.29,28.0,6.079999999999984,162.0,41.0,0.7748741833482022,306.0,312.08,203,121.0,-14.0,0.6,306.0,1.0
07:36:34,306.2,54.0,308.88,49.0,304.71,154.0,310.5,34.0,2.680000000000007,208.0,83.0,1.2696968142116651,306.2,308.88,291,125.0,88.0,0.43,306.33,3.0
07:36:35,304.68,41.0,310.88,16.0,303.96,135.0,316.47,43.0,6.199999999999989,176.0,59.0,1.462538888378329,304.68,310.88,235,117.0,-56.0,0.5,305.2,5.0
07:36:36,304.0,65.0,312.62,13.0,302.0,9.0,317.38,29.0,8.620000000000005,74.0,42.0,1.13700483728894,304.0,312.62,116,32.0,-119.0,0.28,305.0,5.0
07:36:37,304.0,65.0,316.0,39.0,302.0,13.0,320.38,63.0,12.0,78.0,102.0,1.001488891610069,304.0,316.0,180,-24.0,64.0,-0.13,305.0,
07:36:38,308.7,46.0,316.0,18.0,303.82,22.0,320.0,30.0,7.300000000000011,68.0,48.0,2.007891929367493,308.7,316.0,116,20.0,-64.0,0.17,305.0,
07:36:39,307.05,61.0,316.0,33.0,303.96,51.0,320.0,55.0,8.949999999999989,112.0,88.0,1.975922569338179,307.05,316.0,200,24.0,84.0,0.12,310.0,5.0
07:36:40,305.0,55.0,315.0,55.0,304.0,55.0,316.55,33.0,10.0,110.0,88.0,1.5603300932880986,305.0,315.0,198,22.0,-2.0,0.11,310.0,
07:36:41,305.0,50.0,313.5,50.0,304.0,50.0,317.0,30.0,8.5,100.0,80.0,1.2696968142122134,305.0,313.5,180,20.0,-18.0,0.11,310.0,
07:36:42,305.98,230.0,312.0,80.0,304.94,80.0,316.0,80.0,6.019999999999982,310.0,160.0,1.4598869819340192,305.98,312.0,470,150.0,169.5,0.32,310.0,
07:36:43,306.0,165.0,311.36,55.0,305.0,55.0,315.82,55.0,5.360000000000014,220.0,110.0,1.1345351471063494,306.0,311.36,330,110.0,-140.0,0.33,310.0,
07:36:44,306.0,180.0,310.0,60.0,305.0,60.0,315.17,60.0,4.0,240.0,120.0,0.7354794354833686,306.0,310.0,360,120.0,30.0,0.33,310.0,
07:36:45,306.0,255.0,308.55,73.0,305.0,85.0,317.0,109.0,2.550000000000012,340.0,182.0,0.8029134449106847,306.0,308.55,522,158.0,162.0,0.3,308.0,4.0
07:36:46,306.0,165.0,315.54,41.0,305.0,55.0,317.53,57.0,9.54000000000002,220.0,98.0,1.3129622995420125,306.0,315.54,318,122.0,-170.5,0.38,308.0,
07:36:47,306.0,195.0,315.84,31.0,305.0,65.0,316.89,57.0,9.839999999999977,260.0,88.0,1.6456518465395735,306.0,315.84,348,172.0,30.0,0.49,308.0,
07:36:48,306.0,171.0,313.58,38.0,305.0,65.0,314.85,26.0,7.579999999999984,236.0,64.0,1.6449772034953447,306.0,313.58,300,172.0,-48.0,0.57,306.0,3.0
07:36:49,306.17,178.0,311.06,72.0,305.57,138.0,314.0,36.0,4.889999999999986,316.0,108.0,1.5390321634129296,306.17,311.06,424,208.0,124.0,0.49,306.0,
07:36:50,307.31,59.0,312.59,34.0,306.08,142.0,314.96,47.0,5.279999999999973,201.0,81.0,0.9243484191689268,307.31,312.59,282,120.0,-142.0,0.43,308.14,7.0
07:36:51,307.81,31.0,310.77,26.0,306.36,72.0,313.97,31.0,2.9599999999999795,103.0,57.0,0.8535924086001193,307.81,310.77,160,46.0,-122.0,0.29,309.0,1.0
07:36:52,306.09,114.0,308.92,26.0,305.62,105.0,313.12,33.0,2.830000000000041,219.0,59.0,0.9972963451346524,306.09,308.92,278,160.0,118.0,0.58,307.0,2.0
07:36:53,306.0,125.0,308.1,20.0,305.0,50.0,310.6,30.0,2.1000000000000227,175.0,50.0,1.206200646666325,306.0,308.1,225,125.0,-53.0,0.56,306.0,1.0
07:36:54,306.0,156.0,308.0,26.0,305.0,65.0,316.0,39.0,2.0,221.0,65.0,1.36758911958887,306.0,308.0,286,156.0,61.0,0.55,306.0,
07:36:55,306.0,84.0,307.0,14.0,305.0,35.0,316.0,21.0,1.0,119.0,35.0,1.0784479588821356,306.0,307.0,154,84.0,-132.0,0.55,306.0,
07:36:56,306.0,80.0,316.0,24.0,305.0,40.0,320.0,16.0,10.0,120.0,40.0,1.8176825905579304,306.0,316.0,160,80.0,6.0,0.5,306.0,2.0
07:36:57,306.0,60.0,317.0,16.0,305.0,30.0,322.0,16.0,11.0,90.0,32.0,2.426004946412568,306.0,317.0,122,58.0,-38.0,0.48,306.0,
07:36:58,306.04,71.0,316.0,30.0,305.43,70.0,321.71,28.0,9.95999999999998,141.0,58.0,2.43743307600827,306.04,316.0,199,83.0,77.0,0.42,306.33,3.0
07:36:59,306.0,88.0,315.0,33.0,304.61,31.0,320.15,33.0,9.0,119.0,66.0,2.045502383283857,306.0,315.0,185,53.0,-14.0,0.29,306.33,
07:37:00,306.0,72.0,315.0,38.0,304.0,60.0,319.0,60.0,9.0,132.0,98.0,0.4196188747195104,306.0,315.0,230,34.0,45.0,0.15,306.0,4.0
07:37:01,306.0,44.0,314.61,41.0,304.0,55.0,317.98,47.0,8.610000000000014,99.0,88.0,0.4903876018219738,306.0,314.61,187,11.0,-43.0,0.06,306.0,
07:37:02,307.71,84.0,314.0,52.0,304.7,69.0,315.08,39.0,6.2900000000000205,153.0,91.0,0.2947541348659401,307.71,314.0,244,62.0,57.0,0.25,306.0,
07:37:03,310.0,108.0,314.0,48.0,306.11,57.0,316.0,36.0,4.0,165.0,84.0,0.6834617765616426,310.0,314.0,249,81.0,5.0,0.33,306.0,
07:37:04,310.0,87.0,312.64,44.0,308.0,11.0,316.86,64.0,2.6399999999999864,98.0,108.0,0.6822609471609749,310.0,312.64,206,-10.0,-43.0,-0.05,310.0,2.0
07:37:05,310.0,91.0,312.0,52.0,308.0,13.0,317.57,47.0,2.0,104.0,99.0,0.6256836261411248,310.0,312.0,203,5.0,-3.0,0.02,310.0,
07:37:06,310.0,41.0,316.51,35.0,308.0,11.0,322.05,63.0,6.509999999999991,52.0,98.0,0.9827105372497908,310.0,316.51,150,-46.0,-53.0,-0.31,310.0,4.0
07:37:07,309.67,27.0,315.78,27.0,307.6,10.0,321.8,45.0,6.109999999999957,37.0,72.0,0.9421252570769032,309.67,315.78,109,-35.0,-41.0,-0.32,309.5,4.0
07:37:08,307.0,33.0,318.36,33.0,306.0,22.0,322.56,61.0,11.360000000000014,55.0,94.0,0.9796325841979654,307.0,318.36,149,-39.0,40.0,-0.26,309.5,
07:37:09,307.0,19.0,320.0,51.0,306.0,34.0,375.76,55.0,13.0,53.0,106.0,0.977404726826566,307.0,320.0,159,-53.0,10.0,-0.33,307.0,2.0
07:37:10,306.4,5.0,320.0,15.0,305.4,10.0,321.0,10.0,13.600000000000025,15.0,25.0,0.357938542243579,306.4,320.0,40,-10.0,-119.0,-0.25,306.5,2.0
07:37:11,305.73,11.0,319.18,33.0,304.52,31.0,320.09,45.0,13.449999999999989,42.0,78.0,0.4280186912078131,305.73,319.18,120,-36.0,80.0,-0.3,305.5,2.0
07:37:12,305.0,11.0,318.07,45.0,304.0,58.0,319.14,35.0,13.069999999999991,69.0,80.0,0.7612292690267115,305.0,318.07,149,-11.0,29.0,-0.07,305.5,
07:37:13,304.67,9.0,317.44,27.0,303.95,38.0,318.2,30.0,12.769999999999982,47.0,57.0,1.0477929184827024,304.67,317.44,104,-10.0,-45.0,-0.1,304.25,4.0
07:37:14,304.0,30.0,315.2,30.0,303.0,20.0,316.2,30.0,11.199999999999989,50.0,60.0,1.3760341565605918,304.0,315.2,110,-10.0,6.0,-0.09,304.25,
07:37:15,304.0,21.0,313.16,19.0,303.0,14.0,315.71,21.0,9.160000000000023,35.0,40.0,1.5467482018803982,304.0,313.16,75,-5.0,-35.0,-0.07,304.25,
07:37:16,304.0,21.0,313.71,21.0,303.0,14.0,315.16,19.0,9.70999999999998,35.0,40.0,1.3146406353142048,304.0,313.71,75,-5.0,0.0,-0.07,304.25,
07:37:17,304.0,30.0,312.2,30.0,303.0,20.0,314.0,50.0,8.199999999999989,50.0,80.0,1.1534296684316994,304.0,312.2,130,-30.0,55.0,-0.23,304.25,
07:37:18,303.76,51.0,308.8,45.0,302.6,30.0,312.28,61.0,5.0400000000000205,81.0,106.0,1.245102405433922,303.76,308.8,187,-25.0,57.0,-0.13,304.25,
07:37:19,304.0,153.0,307.35,51.0,303.0,34.0,308.76,51.0,3.3500000000000227,187.0,102.0,1.4297552238115474,304.0,307.35,289,85.0,102.0,0.29,304.25,
07:37:20,304.0,99.0,305.33,36.0,303.0,24.0,307.0,36.0,1.329999999999984,123.0,72.0,1.729283088454732,304.0,305.33,195,51.0,-94.0,0.26,304.0,3.0
07:37:21,303.78,46.0,305.0,45.0,302.67,30.0,313.26,68.0,1.2200000000000273,76.0,113.0,1.4829801077609015,303.78,305.0,189,-37.0,-6.0,-0.2,304.0,6.0
07:37:22,301.16,38.0,303.5,48.0,298.05,86.0,310.87,68.0,2.339999999999975,124.0,116.0,1.5137866428308948,301.16,303.5,240,8.0,51.0,0.03,302.5,4.0
07:37:23,297.15,94.0,314.61,66.0,296.44,86.0,319.19,86.0,17.460000000000036,180.0,152.0,1.4147614639977866,297.15,314.61,332,28.0,92.0,0.08,302.5,
07:37:24,303.82,17.0,314.0,26.0,297.31,58.0,315.0,113.0,10.180000000000009,75.0,139.0,2.4183630827511955,303.82,314.0,214,-64.0,-118.0,-0.3,302.5,
07:37:25,309.0,13.0,312.57,51.0,298.0,128.0,314.12,59.0,3.569999999999993,141.0,110.0,3.4037875961956088,309.0,312.57,251,31.0,37.0,0.12,302.5,
07:37:26,298.87,76.0,309.31,52.0,297.24,74.0,313.48,77.0,10.439999999999998,150.0,129.0,3.4516619185567743,298.87,309.31,279,21.0,28.0,0.08,309.0,1.0
07:37:27,298.0,120.0,305.83,24.0,294.17,24.0,307.54,52.0,7.829999999999984,144.0,76.0,3.5751265711880573,298.0,305.83,220,68.0,-59.0,0.31,309.0,
07:37:28,299.67,45.0,305.73,45.0,297.91,136.0,308.53,73.0,6.060000000000002,181.0,118.0,3.93665467116615,299.67,305.73,299,63.0,79.0,0.21,303.0,1.0
07:37:29,303.0,13.0,304.76,34.0,298.0,130.0,308.1,63.0,1.759999999999991,143.0,97.0,3.5261849072351854,303.0,304.76,240,46.0,-59.0,0.19,304.0,2.0
07:37:30,298.45,55.0,304.6,40.0,297.5,60.0,310.0,30.0,6.150000000000034,115.0,70.0,1.1429041954649413,298.45,304.6,185,45.0,-55.0,0.24,303.0,1.0
07:37:31,298.0,90.0,303.6,35.0,295.0,18.0,312.18,33.0,5.600000000000023,108.0,68.0,1.1783378123486856,298.0,303.6,176,40.0,-9.0,0.23,303.0,4.0
07:37:32,304.62,58.0,309.0,22.0,297.44,82.0,313.78,37.0,4.379999999999996,140.0,59.0,2.3599639827784777,304.62,309.0,199,81.0,23.0,0.41,306.0,1.0
07:37:33,304.16,38.0,307.66,41.0,297.17,120.0,308.92,39.0,3.5,158.0,80.0,2.630138779610737,304.16,307.66,238,78.0,39.0,0.33,304.83,6.0
07:37:34,299.67,24.0,306.0,20.0,297.05,82.0,310.2,30.0,6.329999999999984,106.0,50.0,2.662476290976521,299.67,306.0,156,56.0,-82.0,0.36,304.83,
07:37:35,300.0,136.0,304.94,34.0,297.24,17.0,312.94,51.0,4.939999999999998,153.0,85.0,2.510752875137695,300.0,304.94,238,68.0,82.0,0.29,304.83,
07:37:36,300.05,84.0,303.38,26.0,296.0,13.0,313.0,63.0,3.329999999999984,97.0,89.0,2.2604689778920504,300.05,303.38,186,8.0,-52.0,0.04,300.0,4.0
07:37:37,299.9,31.0,309.05,42.0,293.35,49.0,313.43,90.0,9.150000000000034,80.0,132.0,1.6915288942291362,299.9,309.05,212,-52.0,26.0,-0.25,301.67,3.0
07:37:38,294.14,72.0,313.9,116.0,291.19,42.0,412.07,45.0,19.75999999999999,114.0,161.0,1.1319143077158107,294.14,313.9,275,-47.0,63.0,-0.17,294.75,4.0
07:37:39,296.77,35.0,314.0,88.0,295.04,68.0,531.0,24.0,17.230000000000018,103.0,112.0,1.4970738124795768,296.77,314.0,215,-9.0,-60.0,-0.04,294.75,
07:37:40,308.0,27.0,314.0,99.0,305.0,9.0,533.08,25.0,6.0,36.0,124.0,3.4504666351108777,308.0,314.0,160,-88.0,-55.0,-0.55,294.75,
07:37:41,308.0,21.0,314.0,52.0,306.0,7.0,321.0,15.0,6.0,28.0,67.0,3.5236515151210384,308.0,314.0,95,-39.0,-65.0,-0.41,294.75,
07:37:42,307.5,20.0,314.0,49.0,305.5,10.0,340.71,28.0,6.5,30.0,77.0,3.4380910400999807,307.5,314.0,107,-47.0,12.0,-0.44,294.75,
07:37:43,307.04,25.0,314.0,52.0,296.91,66.0,315.0,26.0,6.95999999999998,91.0,78.0,2.435460942001888,307.04,314.0,169,13.0,62.0,0.08,307.5,4.0
07:37:44,296.58,38.0,314.0,36.0,278.86,35.0,315.0,18.0,17.420000000000016,73.0,54.0,2.480034273960069,296.58,314.0,127,19.0,-42.0,0.15,300.5,2.0
07:37:45,308.0,8.0,314.0,32.0,301.76,41.0,315.0,16.0,6.0,49.0,48.0,2.480034273960069,308.0,314.0,97,1.0,-30.0,0.01,300.5,
07:37:46,308.0,4.0,314.0,16.0,303.0,18.0,315.0,8.0,6.0,22.0,24.0,2.480034273960069,308.0,314.0,46,-2.0,-51.0,-0.04,300.5,
07:37:47,308.0,6.0,314.0,24.0,305.0,12.0,315.0,12.0,6.0,18.0,36.0,2.508549381618125,308.0,314.0,54,-18.0,8.0,-0.33,300.5,
07:37:48,308.0,7.0,314.0,28.0,305.0,14.0,315.0,14.0,6.0,21.0,42.0,2.5535896303080405,308.0,314.0,63,-21.0,9.0,-0.33,300.5,
07:37:49,308.0,9.0,313.5,40.0,305.0,18.0,314.38,26.0,5.5,27.0,66.0,0.1118033989535289,308.0,313.5,93,-39.0,30.0,-0.42,300.5,
07:37:50,308.0,10.0,313.0,50.0,306.08,13.0,314.0,26.0,5.0,23.0,76.0,0.2236067977890981,308.0,313.0,99,-53.0,6.0,-0.54,300.5,
07:37:51,303.03,29.0,313.0,35.0,305.0,7.0,314.0,21.0,9.970000000000027,36.0,56.0,1.265930487829848,303.03,313.0,92,-20.0,-7.0,-0.22,306.25,4.0
07:37:52,302.0,132.0,312.55,55.0,300.0,11.0,314.11,27.0,10.550000000000011,143.0,82.0,1.7302803241141615,302.0,312.55,225,61.0,133.0,0.27,306.25,
07:37:53,302.0,180.0,311.4,75.0,300.0,15.0,315.07,27.0,9.399999999999975,195.0,102.0,1.8665663663572267,302.0,311.4,297,93.0,72.0,0.31,306.25,
07:37:54,302.0,118.0,309.3,50.0,300.0,10.0,310.17,42.0,7.300000000000011,128.0,92.0,1.8237242116107757,302.0,309.3,220,36.0,-77.0,0.16,302.0,1.0
07:37:55,302.04,114.0,307.92,60.0,301.38,32.0,308.92,60.0,5.879999999999996,146.0,120.0,1.2220188214649204,302.04,307.92,266,26.0,46.0,0.1,302.0,
07:37:56,303.0,26.0,306.15,65.0,302.0,143.0,307.15,65.0,3.1499999999999773,169.0,130.0,1.134429371981372,303.0,306.15,299,39.0,33.0,0.13,302.0,
07:37:57,302.26,62.0,304.92,65.0,301.86,83.0,305.92,65.0,2.660000000000025,145.0,130.0,1.1648390446811117,302.26,304.92,275,15.0,-24.0,0.05,302.8,5.0
07:37:58,301.71,82.0,303.21,71.0,297.65,23.0,307.32,75.0,1.5,105.0,146.0,1.2491477094455772,301.71,303.21,251,-41.0,-24.0,-0.16,302.0,8.0
07:37:59,298.0,9.0,303.0,45.0,296.0,18.0,315.89,27.0,5.0,27.0,72.0,1.806936634199615,298.0,303.0,99,-45.0,-152.0,-0.45,302.0,
07:38:00,298.0,9.0,302.68,37.0,296.0,18.0,317.0,27.0,4.680000000000007,27.0,64.0,1.868791053064035,298.0,302.68,91,-37.0,-8.0,-0.41,303.0,1.0
07:38:01,299.29,14.0,309.3,33.0,296.24,25.0,336.94,33.0,10.009999999999993,39.0,66.0,1.7826188599956514,299.29,309.3,105,-27.0,14.0,-0.26,301.0,4.0
07:38:02,300.0,29.0,308.92,12.0,295.58,31.0,310.18,22.0,8.920000000000016,60.0,34.0,1.979419106710916,300.0,308.92,94,26.0,-11.0,0.28,304.0,1.0
07:38:03,297.59,69.0,306.1,52.0,295.41,73.0,309.52,29.0,8.510000000000048,142.0,81.0,1.994309404283144,297.59,306.1,223,61.0,129.0,0.27,304.0,
07:38:04,300.11,88.0,305.08,25.0,297.63,19.0,306.03,77.0,4.96999999999997,107.0,102.0,1.7268091961801575,300.11,305.08,209,5.0,-14.0,0.02,300.0,1.0
07:38:05,301.24,99.0,303.37,93.0,299.59,51.0,307.44,43.0,2.1299999999999955,150.0,136.0,1.1956379050584065,301.24,303.37,286,14.0,77.0,0.05,302.4,5.0
07:38:06,303.57,70.0,307.5,30.0,300.84,64.0,311.8,69.0,3.930000000000007,134.0,99.0,1.576642001220495,303.57,307.5,233,35.0,-53.0,0.15,302.4,
07:38:07,304.0,91.0,310.0,14.0,302.0,70.0,312.0,70.0,6.0,161.0,84.0,2.277239557010369,304.0,310.0,245,77.0,12.0,0.31,302.4,
07:38:08,304.0,114.0,308.0,17.0,302.0,85.0,312.76,85.0,4.0,199.0,102.0,2.1127517601491106,304.0,308.0,301,97.0,56.0,0.32,304.0,6.0
07:38:09,304.0,22.0,305.73,15.0,302.65,85.0,312.7,47.0,1.7300000000000182,107.0,62.0,1.7676028965843569,304.0,305.7300000000001,169,45.0,-132.0,0.27,304.0,
07:38:10,302.57,49.0,305.07,28.0,299.88,93.0,314.07,55.0,2.5,142.0,83.0,1.194395244470429,302.57,305.07,225,59.0,56.0,0.26,304.0,2.0
07:38:11,302.0,105.0,303.81,21.0,293.0,84.0,314.38,104.0,1.8100000000000025,189.0,125.0,1.6420779518687232,302.0,303.81,314,64.0,89.0,0.2,304.0,
07:38:12,303.4,137.0,314.82,84.0,300.85,108.0,316.59,82.0,11.420000000000016,245.0,166.0,2.4048596632680144,303.4,314.82,411,79.0,97.0,0.19,302.0,1.0
07:38:13,307.0,36.0,314.0,9.0,304.33,126.0,315.0,36.0,7.0,162.0,45.0,3.3642755535202227,307.0,314.0,207,117.0,-170.5,0.57,302.0,
07:38:14,307.0,44.0,312.45,11.0,306.0,154.0,315.0,44.0,5.449999999999989,198.0,55.0,3.565553253004939,307.0,312.45,253,143.0,46.0,0.57,302.0,
07:38:15,307.0,48.0,310.25,12.0,306.0,168.0,315.0,48.0,3.25,216.0,60.0,3.0299125399942493,307.0,310.25,276,156.0,23.0,0.57,302.0,
07:38:16,307.0,44.0,310.0,11.0,306.0,154.0,315.0,48.0,3.0,198.0,59.0,0.8311257426013956,307.0,310.0,257,139.0,-19.0,0.54,302.0,
07:38:17,307.0,32.0,309.6,10.0,306.0,112.0,314.8,50.0,2.6000000000000227,144.0,60.0,0.9464142856142064,307.0,309.6,204,84.0,-53.0,0.41,302.0,
07:38:18,307.0,41.0,308.87,23.0,306.0,168.0,314.06,34.0,1.8700000000000043,209.0,57.0,0.6754479994895433,307.0,308.87,266,152.0,62.0,0.57,307.0,1.0
07:38:19,307.0,31.0,312.24,34.0,306.0,182.0,316.69,52.0,5.240000000000009,213.0,86.0,0.6303808372836248,307.0,312.24,299,127.0,33.0,0.42,307.0,2.0
07:38:20,309.29,21.0,317.0,36.0,306.05,74.0,318.09,44.0,7.7099999999999795,95.0,80.0,2.1312484604134747,309.29,317.0,175,15.0,-124.0,0.09,307.0,
07:38:21,309.4,35.0,315.76,17.0,306.07,105.0,317.58,67.0,6.360000000000014,140.0,84.0,2.415694517114109,309.4,315.76,224,56.0,49.0,0.25,310.0,4.0
07:38:22,306.29,31.0,315.0,11.0,305.97,130.0,316.0,45.0,8.70999999999998,161.0,56.0,2.138604685306617,306.29,315.0,217,105.0,-7.0,0.48,306.2,5.0
07:38:23,306.0,62.0,315.0,9.0,305.0,18.0,316.0,27.0,9.0,80.0,36.0,1.4923873491877568,306.0,315.0,116,44.0,-101.0,0.38,306.0,4.0
07:38:24,306.0,66.0,313.73,11.0,305.0,22.0,316.9,41.0,7.730000000000018,88.0,52.0,1.4273682075819376,306.0,313.73,140,36.0,24.0,0.26,306.0,
07:38:25,306.0,54.0,312.11,9.0,305.0,18.0,317.82,51.0,6.110000000000014,72.0,60.0,1.3064838307515985,306.0,312.11,132,12.0,-8.0,0.09,306.0,
07:38:26,306.0,60.0,314.55,31.0,305.0,20.0,316.53,34.0,8.550000000000011,80.0,65.0,0.6374715680053654,306.0,314.55,145,15.0,13.0,0.1,306.0,
07:38:27,306.0,36.0,313.1,30.0,305.0,16.0,314.65,37.0,7.100000000000023,52.0,67.0,0.5729485142795618,306.0,313.1,119,-15.0,-26.0,-0.13,306.0,2.0
07:38:28,306.0,24.0,310.82,22.0,305.0,12.0,313.31,26.0,4.819999999999993,36.0,48.0,0.7214915107019915,306.0,310.82,84,-12.0,-35.0,-0.14,306.0,
07:38:29,306.0,36.0,309.33,45.0,305.0,18.0,311.0,27.0,3.329999999999984,54.0,72.0,1.0044500983199312,306.0,309.33,126,-18.0,42.0,-0.14,306.0,
07:38:30,305.82,44.0,307.31,45.0,303.59,34.0,311.69,55.0,1.490000000000009,78.0,100.0,1.4744219206234055,305.82,307.31,178,-22.0,52.0,-0.12,305.8,5.0
07:38:31,302.6,25.0,305.7,30.0,299.6,50.0,319.0,40.0,3.099999999999966,75.0,70.0,2.055266406093043,302.6,305.7,145,5.0,-33.0,0.03,305.0,1.0
07:38:32,300.29,35.0,303.8,15.0,297.14,58.0,315.93,46.0,3.509999999999991,93.0,61.0,2.6334824852301946,300.29,303.8,154,32.0,9.0,0.21,300.29,7.0
07:38:33,296.21,28.0,304.0,11.0,292.19,62.0,317.24,34.0,7.79000000000002,90.0,45.0,3.120998237746029,296.21,304.0,135,45.0,-19.0,0.33,300.29,
07:38:34,295.12,16.0,316.48,25.0,292.05,74.0,320.72,43.0,21.360000000000014,90.0,68.0,2.6660213802619355,295.12,316.48,158,22.0,23.0,0.14,304.0,1.0
07:38:35,310.0,4.0,317.0,12.0,294.97,31.0,321.0,20.0,7.0,35.0,32.0,5.1530136813338805,310.0,317.0,67,3.0,-91.0,0.04,304.0,
07:38:36,310.0,9.0,317.0,27.0,303.27,55.0,321.0,45.0,7.0,64.0,72.0,6.28516507341014,310.0,317.0,136,-8.0,69.0,-0.06,304.0,
07:38:37,310.0,8.0,317.0,24.0,308.0,55.0,321.0,40.0,7.0,63.0,64.0,6.11605428360601,310.0,317.0,127,-1.0,-9.0,-0.01,304.0,
07:38:38,310.0,5.0,317.0,15.0,308.0,40.0,321.0,25.0,7.0,45.0,40.0,3.443544685352061,310.0,317.0,85,5.0,-42.0,0.06,304.0,
07:38:39,310.0,11.0,317.0,33.0,308.0,88.0,321.0,55.0,7.0,99.0,88.0,0.0,310.0,317.0,187,11.0,102.0,0.06,304.0,
07:38:40,308.1,21.0,317.0,18.0,307.1,21.0,321.0,26.0,8.899999999999977,42.0,44.0,0.4248529157448918,308.1,317.0,86,-2.0,-101.0,-0.02,308.4,5.0
07:38:41,307.55,33.0,317.0,33.0,306.71,35.0,321.0,11.0,9.449999999999989,68.0,44.0,0.6051693977861768,307.55,317.0,112,24.0,26.0,0.21,307.67,6.0
07:38:42,307.0,39.0,317.0,39.0,305.2,15.0,321.0,13.0,10.0,54.0,52.0,0.6994497837706491,307.0,317.0,106,2.0,-6.0,0.02,307.67,
07:38:43,307.0,36.0,317.0,36.0,306.0,36.0,321.0,23.0,10.0,72.0,59.0,0.6222780729036885,307.0,317.0,131,13.0,25.0,0.1,307.67,
07:38:44,306.0,16.0,316.14,21.0,305.0,8.0,319.11,19.0,10.139999999999986,24.0,40.0,0.5563002786414921,306.0,316.14,64,-16.0,-67.0,-0.25,306.75,4.0
07:38:45,302.07,54.0,313.04,50.0,296.09,55.0,316.68,37.0,10.970000000000027,109.0,87.0,1.9652862386981544,302.07,313.04,196,22.0,132.0,0.11,302.08,12.0
07:38:46,299.27,15.0,313.0,44.0,295.26,88.0,317.0,33.0,13.730000000000018,103.0,77.0,2.727997434019351,299.2699999999999,313.0,180,26.0,-16.0,0.14,302.08,
07:38:47,303.0,10.0,311.7,40.0,296.0,130.0,315.6,30.0,8.699999999999989,140.0,70.0,2.5573169533743823,303.0,311.7,210,70.0,30.0,0.33,302.08,
07:38:48,304.75,210.0,308.47,60.0,296.34,123.0,315.5,48.0,3.7200000000000273,333.0,108.0,1.945656701480467,304.75,308.47,441,225.0,169.5,0.51,302.08,
07:38:49,303.51,178.0,311.0,48.0,295.98,120.0,317.11,36.0,7.490000000000009,298.0,84.0,0.5927900134244112,303.51,311.0,382,214.0,-59.0,0.56,308.0,4.0
07:38:50,304.0,96.0,317.0,36.0,299.78,90.0,318.0,9.0,13.0,186.0,45.0,1.7125186130421748,304.0,317.0,231,141.0,-151.0,0.61,308.0,
07:38:51,306.69,156.0,317.0,52.0,304.0,117.0,318.0,13.0,10.310000000000002,273.0,65.0,2.31597063885022,306.69,317.0,338,208.0,107.0,0.62,308.0,
07:38:52,307.67,108.0,317.0,36.0,304.73,33.0,318.0,9.0,9.329999999999984,141.0,45.0,2.63294891709213,307.67,317.0,186,96.0,-152.0,0.52,308.0,
07:38:53,308.0,192.0,316.04,49.0,305.0,48.0,316.37,43.0,8.04000000000002,240.0,92.0,2.0990354927959163,308.0,316.04,332,148.0,146.0,0.45,308.0,
07:38:54,308.0,168.0,312.07,70.0,305.0,42.0,315.0,14.0,4.069999999999993,210.0,84.0,1.0121610543866988,308.0,312.07,294,126.0,-38.0,0.43,308.0,
07:38:55,308.0,80.0,309.88,42.0,305.0,30.0,317.55,22.0,1.8799999999999957,110.0,64.0,1.4739843961240278,308.0,309.88,174,46.0,-120.0,0.26,308.0,10.0
07:38:56,308.0,88.0,313.73,11.0,305.0,33.0,318.47,45.0,5.730000000000018,121.0,56.0,1.402041368867927,308.0,313.73,177,65.0,3.0,0.37,308.0,
07:38:57,308.0,117.0,311.56,9.0,305.59,17.0,317.56,27.0,3.5600000000000023,134.0,36.0,1.1678698557703138,308.0,311.56,170,98.0,-7.0,0.58,308.0,
07:38:58,308.0,182.0,310.29,14.0,305.67,18.0,317.0,42.0,2.2900000000000205,200.0,56.0,0.7657153518226565,308.0,310.29,256,144.0,86.0,0.56,308.0,
07:38:59,308.75,53.0,316.78,37.0,307.95,113.0,323.49,45.0,8.029999999999973,166.0,82.0,1.5716297273903073,308.75,316.78,248,84.0,-8.0,0.34,308.62,8.0
07:39:00,308.0,96.0,320.6,60.0,306.0,12.0,381.0,52.0,12.600000000000025,108.0,112.0,2.139275578324843,308.0,320.6,220,-4.0,-28.0,-0.02,308.62,
07:39:01,308.0,56.0,323.0,63.0,306.89,27.0,513.65,34.0,15.0,83.0,97.0,2.774746835301774,308.0,323.0,180,-14.0,-40.0,-0.08,308.0,5.0
07:39:02,308.0,27.0,320.38,32.0,307.0,54.0,351.77,73.0,12.379999999999995,81.0,105.0,2.4569595031292786,308.0,320.38,186,-24.0,6.0,-0.13,308.0,
07:39:03,308.0,36.0,316.67,18.0,307.0,72.0,319.92,39.0,8.670000000000016,108.0,57.0,1.2759584632805732,308.0,316.67,165,51.0,-21.0,0.31,308.0,
07:39:04,308.0,45.0,314.67,24.0,307.0,90.0,316.3,30.0,6.670000000000016,135.0,54.0,1.6725280266761675,308.0,314.67,189,81.0,24.0,0.43,308.0,
07:39:05,308.0,55.0,310.65,23.0,306.43,28.0,312.88,56.0,2.6499999999999773,83.0,79.0,2.4133130754249503,308.0,310.65,162,4.0,-27.0,0.02,308.0,2.0
07:39:06,307.96,79.0,310.78,18.0,306.93,42.0,316.47,51.0,2.819999999999993,121.0,69.0,2.0627166552914304,307.96,310.78,190,52.0,28.0,0.27,308.0,5.0
07:39:07,308.0,38.0,322.4,60.0,307.0,36.0,325.37,57.0,14.399999999999975,74.0,117.0,2.4317113315557632,308.0,322.4,191,-43.0,1.0,-0.23,308.0,5.0
07:39:08,307.0,27.0,323.0,54.0,306.0,9.0,326.0,45.0,16.0,36.0,99.0,2.903623598198775,307.0,323.0,135,-63.0,-56.0,-0.47,308.0,
07:39:09,307.0,24.0,323.0,48.0,306.0,8.0,326.0,40.0,16.0,32.0,88.0,3.132243604832953,307.0,323.0,120,-56.0,-15.0,-0.47,308.0,
07:39:10,307.0,24.0,323.0,48.0,305.36,14.0,326.0,40.0,16.0,38.0,88.0,2.5416490709807085,307.0,323.0,126,-50.0,6.0,-0.4,308.0,
07:39:11,307.0,33.0,322.31,64.0,306.0,11.0,325.68,56.0,15.310000000000002,44.0,120.0,0.1947305831586431,307.0,322.31,164,-76.0,38.0,-0.46,308.0,
07:39:12,307.0,27.0,312.0,36.0,306.0,9.0,320.0,36.0,5.0,36.0,72.0,2.426132725144506,307.0,312.0,108,-36.0,-56.0,-0.33,307.0,2.0
07:39:13,307.0,7.0,313.14,28.0,306.0,7.0,320.31,26.0,6.139999999999986,14.0,54.0,2.804991978601179,307.0,313.14,68,-40.0,-40.0,-0.59,307.0,
07:39:14,307.0,11.0,320.0,44.0,306.0,11.0,324.0,22.0,13.0,22.0,66.0,2.588914830583835,307.0,320.0,88,-44.0,20.0,-0.5,307.0,
07:39:15,307.0,10.0,320.0,40.0,306.0,10.0,324.0,20.0,13.0,20.0,60.0,2.304773307728305,307.0,320.0,80,-40.0,-8.0,-0.5,307.0,
07:39:16,309.94,100.0,320.0,64.0,306.88,16.0,325.45,62.0,10.060000000000002,116.0,126.0,2.388591635256408,309.94,320.0,242,-10.0,162.0,-0.04,307.0,
07:39:17,310.0,84.0,320.0,48.0,307.0,12.0,325.0,60.0,10.0,96.0,108.0,2.008325172878394,310.0,320.0,204,-12.0,-38.0,-0.06,307.0,
07:39:18,310.0,72.0,320.0,56.0,307.0,14.0,324.33,60.0,10.0,86.0,116.0,0.8161985052774355,310.0,320.0,202,-30.0,-2.0,-0.15,310.0,2.0
07:39:19,310.0,31.0,320.0,44.0,307.0,11.0,324.0,44.0,10.0,42.0,88.0,0.667592690206501,310.0,320.0,130,-46.0,-72.0,-0.35,310.0,4.0
07:39:20,310.0,10.0,320.0,40.0,307.0,10.0,324.0,40.0,10.0,20.0,80.0,0.0134164085053771,310.0,320.0,100,-60.0,-30.0,-0.6,310.0,
07:39:21,310.0,14.0,319.43,56.0,307.0,14.0,321.71,56.0,9.430000000000009,28.0,112.0,0.1296919427612211,310.0,319.43,140,-84.0,40.0,-0.6,310.0,
07:39:22,305.28,89.0,317.21,76.0,304.45,33.0,320.0,76.0,11.930000000000009,122.0,152.0,1.6494150478327452,305.28,317.21,274,-30.0,134.0,-0.11,307.67,3.0
07:39:23,305.0,54.0,315.0,36.0,304.0,18.0,320.0,36.0,10.0,72.0,72.0,2.3875866476459,305.0,315.0,144,0.0,-130.0,0.0,307.67,
07:39:24,305.0,78.0,317.23,52.0,304.0,26.0,321.0,40.0,12.230000000000018,104.0,92.0,2.2812123969540616,305.0,317.23,196,12.0,52.0,0.06,307.67,
07:39:25,305.0,78.0,314.79,38.0,304.0,26.0,315.75,40.0,9.79000000000002,104.0,78.0,1.955563857309896,305.0,314.79,182,26.0,-14.0,0.14,307.67,
07:39:26,305.0,72.0,310.0,24.0,304.0,24.0,318.0,30.0,5.0,96.0,54.0,1.5056128320443514,305.0,310.0,150,42.0,-32.0,0.28,307.67,
07:39:27,305.0,14.0,309.44,18.0,304.0,18.0,322.0,18.0,4.439999999999998,32.0,36.0,1.702815315886161,305.0,309.44,68,-4.0,-82.0,-0.06,305.0,5.0
07:39:28,305.88,25.0,308.0,28.0,304.65,17.0,321.04,54.0,2.1200000000000045,42.0,82.0,1.8616336911477545,305.88,308.0,124,-40.0,56.0,-0.32,305.0,
07:39:29,305.86,28.0,314.38,48.0,304.6,20.0,321.22,74.0,8.519999999999982,48.0,122.0,1.5403506094446078,305.86,314.38,170,-74.0,46.0,-0.44,306.0,2.0
07:39:30,302.86,21.0,319.35,68.0,299.07,45.0,320.89,36.0,16.49000000000001,66.0,104.0,1.902503613667111,302.86,319.35,170,-38.0,0.0,-0.22,301.6,5.0
07:39:31,301.95,82.0,318.58,48.0,297.64,83.0,319.5,40.0,16.629999999999995,165.0,88.0,1.913392275519176,301.95,318.58,253,77.0,83.0,0.3,305.33,6.0
07:39:32,303.0,66.0,317.81,43.0,298.41,107.0,318.61,46.0,14.810000000000002,173.0,89.0,1.626852789903437,303.0,317.81,262,84.0,9.0,0.32,310.0,3.0
07:39:33,299.43,42.0,316.87,45.0,298.1,126.0,319.82,68.0,17.439999999999998,168.0,113.0,1.1078447544745036,299.43,316.87,281,55.0,19.0,0.2,310.0,
07:39:34,301.08,26.0,314.67,15.0,298.31,52.0,316.8,60.0,13.590000000000032,78.0,75.0,1.455444949153546,301.08,314.67,153,3.0,-128.0,0.02,310.0,
07:39:35,307.0,15.0,313.06,51.0,303.0,30.0,315.0,24.0,6.060000000000002,45.0,75.0,1.2311295626441945,307.0,313.06,120,-30.0,-33.0,-0.25,310.0,
07:39:36,307.0,13.0,312.65,49.0,305.0,26.0,313.5,16.0,5.649999999999977,39.0,65.0,1.1623768752072032,307.0,312.65,104,-26.0,-16.0,-0.25,310.0,
07:39:37,305.75,16.0,307.24,17.0,296.96,112.0,310.43,23.0,1.490000000000009,128.0,40.0,1.47189673551384,305.75,307.24,168,88.0,64.0,0.52,307.0,1.0
07:39:38,297.24,59.0,306.14,37.0,295.74,209.0,311.78,23.0,8.899999999999977,268.0,60.0,3.399899998531747,297.24,306.14,328,208.0,160.0,0.63,305.0,2.0
07:39:39,296.04,49.0,303.23,26.0,293.07,161.0,306.53,17.0,7.189999999999998,210.0,43.0,4.719616509846537,296.04,303.23,253,167.0,-75.0,0.66,298.0,1.0
07:39:44,297.67,27.0,305.84,31.0,297.24,33.0,311.68,31.0,8.169999999999959,60.0,62.0,2.207163337864776,297.67,305.84,122,-2.0,7.0,-0.02,301.5,2.0
07:39:45,303.36,28.0,307.86,59.0,299.93,29.0,311.31,29.0,4.5,57.0,88.0,3.6455356259423457,303.36,307.86,145,-31.0,23.0,-0.21,303.0,3.0
07:39:46,298.23,13.0,307.42,60.0,296.26,23.0,308.89,45.0,9.189999999999998,36.0,105.0,3.372943818093501,298.23,307.42,141,-69.0,-4.0,-0.49,302.25,4.0
07:39:47,298.56,16.0,306.28,72.0,295.18,34.0,310.18,44.0,7.71999999999997,50.0,116.0,2.985727716992181,298.56,306.28,166,-66.0,25.0,-0.4,307.0,1.0
07:39:48,299.63,19.0,303.64,56.0,296.3,23.0,312.56,91.0,4.009999999999991,42.0,147.0,1.618446786278601,299.63,303.64,189,-105.0,23.0,-0.56,307.0,
07:39:49,301.0,15.0,302.87,60.0,300.0,30.0,310.0,60.0,1.8700000000000043,45.0,120.0,1.589663486406962,301.0,302.87,165,-75.0,-24.0,-0.45,307.0,
07:39:50,300.04,23.0,307.72,39.0,296.09,90.0,310.42,33.0,7.680000000000007,113.0,72.0,0.8761392583461985,300.04,307.72,185,41.0,20.0,0.22,301.0,1.0
07:39:51,304.0,17.0,306.13,45.0,302.27,128.0,312.34,53.0,2.1299999999999955,145.0,98.0,1.4482299541217716,304.0,306.13,243,47.0,58.0,0.19,305.0,1.0
07:39:52,304.5,14.0,306.0,42.0,296.0,63.0,312.6,50.0,1.5,77.0,92.0,1.7015963093565067,304.5,306.0,169,-15.0,-74.0,-0.09,305.0,
07:39:53,294.63,62.0,308.84,31.0,294.63,41.0,311.93,43.0,14.20999999999998,103.0,74.0,1.6765798519652058,294.63,308.84,177,29.0,8.0,0.16,304.5,2.0
07:39:54,307.0,48.0,309.98,52.0,293.02,130.0,313.81,88.0,2.980000000000018,178.0,140.0,2.4559885993252952,307.0,309.98,318,38.0,141.0,0.12,307.0,4.0
07:39:55,306.48,25.0,311.21,57.0,293.6,20.0,314.17,53.0,4.729999999999961,45.0,110.0,2.911549415691928,306.48,311.21,155,-65.0,-163.0,-0.42,307.0,
07:39:56,294.0,15.0,310.27,75.0,293.0,156.0,314.0,30.0,16.269999999999982,171.0,105.0,3.375440711968728,294.0,310.27,276,66.0,121.0,0.24,307.0,
07:39:57,293.16,43.0,309.9,50.0,292.74,114.0,312.16,50.0,16.739999999999952,157.0,100.0,3.773020010550687,293.16,309.9,257,57.0,-19.0,0.22,307.0,
07:39:58,293.04,133.0,307.67,60.0,292.16,74.0,310.91,44.0,14.629999999999995,207.0,104.0,4.069348842261599,293.04,307.67,311,103.0,54.0,0.33,307.0,
07:39:59,298.0,14.0,307.0,70.0,293.0,168.0,308.64,33.0,9.0,182.0,103.0,3.331173967239716,298.0,307.0,285,79.0,-26.0,0.28,307.0,
07:40:00,298.0,13.0,305.91,57.0,293.0,108.0,307.15,26.0,7.910000000000025,121.0,83.0,0.8282089108524099,298.0,305.91,204,38.0,-81.0,0.19,307.0,
07:40:01,296.0,45.0,303.59,74.0,294.26,186.0,304.82,34.0,7.589999999999975,231.0,108.0,1.1241752532480265,296.0,303.59,339,123.0,135.0,0.36,307.0,
07:40:02,295.0,100.0,302.36,14.0,292.0,120.0,303.02,46.0,7.360000000000014,220.0,60.0,1.5677754941365756,295.0,302.36,280,160.0,-59.0,0.57,307.0,
07:40:03,295.35,93.0,302.86,65.0,292.61,196.0,307.16,95.0,7.509999999999991,289.0,160.0,1.7194185063605538,295.35,302.86,449,129.0,169.0,0.29,307.0,
07:40:04,292.74,81.0,302.0,31.0,290.76,102.0,306.82,55.0,9.259999999999993,183.0,86.0,1.6908370708069524,292.74,302.0,269,97.0,-170.5,0.36,298.89,9.0
07:40:05,292.0,72.0,308.62,37.0,289.0,63.0,310.31,29.0,16.620000000000005,135.0,66.0,1.1305883424195682,292.0,308.62,201,69.0,-68.0,0.34,302.0,1.0
07:40:06,292.0,48.0,309.0,30.0,289.0,42.0,311.0,18.0,17.0,90.0,48.0,1.2795819629922265,292.0,309.0,138,42.0,-63.0,0.3,302.0,
07:40:07,291.55,94.0,309.0,60.0,289.57,92.0,311.0,36.0,17.44999999999999,186.0,96.0,1.318381583614952,291.55,309.0,282,90.0,144.0,0.32,302.0,
07:40:08,289.0,49.0,309.0,35.0,287.0,14.0,311.0,21.0,20.0,63.0,56.0,1.3276934887296354,289.0,309.0,119,7.0,-163.0,0.06,302.0,
07:40:09,290.9,68.0,309.0,55.0,289.27,48.0,311.0,33.0,18.100000000000023,116.0,88.0,0.5972185529729802,290.9,309.0,204,28.0,85.0,0.14,302.0,
07:40:10,293.0,110.0,307.83,58.0,290.0,104.0,309.1,51.0,14.829999999999984,214.0,109.0,0.6113673200418481,293.0,307.83,323,105.0,119.0,0.33,302.0,
07:40:11,295.23,154.0,305.19,105.0,293.38,130.0,308.84,124.0,9.95999999999998,284.0,229.0,0.5675825931220383,295.23,305.19,513,55.0,169.5,0.11,302.0,
07:40:12,296.39,103.0,304.49,86.0,295.55,119.0,307.69,84.0,8.100000000000023,222.0,170.0,0.5933548685358161,296.39,304.49,392,52.0,-121.0,0.13,299.25,4.0
07:40:13,295.32,92.0,303.55,44.0,291.22,27.0,309.0,33.0,8.230000000000018,119.0,77.0,0.4166773332150285,295.32,303.55,196,42.0,-170.5,0.21,299.25,
07:40:14,289.0,78.0,303.0,25.0,288.0,55.0,308.95,19.0,14.0,133.0,44.0,1.8885629457380932,289.0,303.0,177,89.0,-19.0,0.5,303.0,1.0
07:40:35,299.0,9.0,301.67,18.0,286.0,63.0,303.72,29.0,2.670000000000016,72.0,47.0,1.4548986219032043,299.0,301.67,119,25.0,55.0,0.21,301.25,4.0
07:40:36,299.54,13.0,303.0,26.0,286.0,91.0,305.69,65.0,3.4599999999999795,104.0,91.0,1.2418011112961014,299.54,303.0,195,13.0,76.0,0.07,301.25,
07:40:44,295.25,24.0,303.0,24.0,282.11,36.0,305.0,48.0,7.75,60.0,72.0,3.5498267563381645,295.25,303.0,132,-12.0,-60.0,-0.09,301.25,
07:40:45,298.0,54.0,302.57,35.0,296.7,54.0,304.74,46.0,4.569999999999993,108.0,81.0,3.844600109246094,298.0,302.57,189,27.0,57.0,0.14,301.25,
07:40:46,299.98,59.0,302.0,83.0,298.78,108.0,303.0,36.0,2.019999999999982,167.0,119.0,3.5323745554535613,299.98,302.0,286,48.0,97.0,0.17,301.5,2.0
07:40:47,301.0,14.0,302.65,34.0,295.07,29.0,303.88,50.0,1.6499999999999773,43.0,84.0,2.0777800653621785,301.0,302.65,127,-41.0,-159.0,-0.32,302.0,4.0
07:40:48,295.85,13.0,303.92,48.0,284.49,43.0,365.51,49.0,8.069999999999993,56.0,97.0,1.0348188247305945,295.85,303.92,153,-41.0,26.0,-0.27,302.67,3.0
07:40:50,287.16,31.0,302.99,72.0,285.46,48.0,327.68,53.0,15.829999999999984,79.0,125.0,3.330130628070917,287.16,302.99,204,-46.0,39.0,-0.23,302.67,
07:41:11,298.73,22.0,301.8,60.0,297.45,22.0,302.62,64.0,3.069999999999993,44.0,124.0,2.5906910275091324,298.73,301.8,168,-80.0,72.0,-0.48,301.33,6.0
07:41:12,300.82,22.0,302.0,66.0,298.0,22.0,303.0,55.0,1.1800000000000068,44.0,121.0,2.251588328273525,300.82,302.0,165,-77.0,-3.0,-0.47,301.33,
07:41:13,301.0,12.0,302.0,20.0,288.0,12.0,303.0,30.0,1.0,24.0,50.0,1.670224535809009,301.0,302.0,74,-26.0,-91.0,-0.35,302.0,4.0
07:41:14,295.38,16.0,302.6,25.0,285.32,31.0,303.53,34.0,7.220000000000027,47.0,59.0,1.1207899000341968,295.38,302.6,106,-12.0,32.0,-0.11,302.0,2.0
07:41:16,288.22,36.0,302.0,26.0,285.95,42.0,305.0,39.0,13.779999999999973,78.0,65.0,3.405837635592321,288.22,302.0,143,13.0,12.0,0.09,302.0,
07:41:17,287.9,42.0,302.0,28.0,286.95,42.0,305.0,42.0,14.100000000000025,84.0,70.0,3.1290461805502257,287.9,302.0,154,14.0,11.0,0.09,302.0,
07:41:42,300.89,63.0,303.69,72.0,299.69,52.0,310.18,71.0,2.800000000000012,115.0,143.0,3.3933803205677604,300.89,303.69,258,-28.0,62.0,-0.11,301.91,11.0
07:41:43,302.27,11.0,307.06,31.0,296.36,11.0,316.3,50.0,4.7900000000000205,22.0,81.0,3.935924287891995,302.27,307.06,103,-59.0,-155.0,-0.57,304.0,1.0
07:41:44,293.0,9.0,312.0,45.0,286.11,27.0,328.0,36.0,19.0,36.0,81.0,2.64792371491689,293.0,312.0,117,-45.0,14.0,-0.38,303.0,1.0
07:41:45,288.0,36.0,310.5,24.0,286.0,24.0,335.14,14.0,22.5,60.0,38.0,2.1970480195069646,288.0,310.5,98,22.0,-19.0,0.22,303.0,
07:41:49,288.0,99.0,302.0,18.0,286.0,159.0,304.0,45.0,14.0,258.0,63.0,3.2046060600351955,288.0,302.0,321,195.0,169.5,0.61,303.0,
07:41:50,289.0,84.0,302.0,16.0,286.16,137.0,304.0,40.0,13.0,221.0,56.0,1.8860010604487412,289.0,302.0,277,165.0,-44.0,0.6,303.0,
07:41:51,300.0,73.0,302.0,22.0,288.0,283.0,304.0,55.0,2.0,356.0,77.0,3.533694950050888,300.0,302.0,433,279.0,156.0,0.64,300.0,2.0
07:41:52,295.17,48.0,301.6,20.0,288.18,139.0,303.3,46.0,6.430000000000007,187.0,66.0,2.9686832097777214,295.17,301.6,253,121.0,-170.5,0.48,300.0,
07:41:55,296.71,49.0,302.5,30.0,288.63,171.0,317.33,51.0,5.7900000000000205,220.0,81.0,2.032136806422664,296.71,302.5,301,139.0,122.0,0.46,302.67,3.0
07:41:56,300.05,38.0,304.34,47.0,292.65,37.0,359.84,25.0,4.289999999999964,75.0,72.0,2.4466262485344923,300.05,304.34,147,3.0,-154.0,0.02,304.5,4.0
07:41:57,299.57,42.0,302.27,52.0,290.0,48.0,304.55,33.0,2.6999999999999886,90.0,85.0,2.63891644430408,299.57,302.27,175,5.0,28.0,0.03,300.0,1.0
07:41:58,300.0,26.0,303.0,52.0,289.11,27.0,340.55,20.0,3.0,53.0,72.0,2.001149669569858,300.0,303.0,125,-19.0,-50.0,-0.15,300.0,
07:41:59,300.69,26.0,304.33,45.0,288.07,56.0,346.33,15.0,3.6399999999999855,82.0,60.0,1.15142086137977,300.69,304.33,142,22.0,17.0,0.15,302.6,5.0
07:42:00,304.55,121.0,315.0,12.0,297.23,61.0,409.0,12.0,10.449999999999989,182.0,24.0,3.629575732785091,304.55,315.0,206,158.0,64.0,0.77,302.6,
07:42:01,305.0,255.0,315.0,15.0,296.44,27.0,439.16,38.0,10.0,282.0,53.0,4.55324280046913,305.0,315.0,335,229.0,129.0,0.68,302.6,
07:42:02,306.76,49.0,314.34,38.0,305.12,165.0,341.42,19.0,7.579999999999984,214.0,57.0,4.46245112018337,306.76,314.34,271,157.0,-64.0,0.58,305.57,7.0
07:42:03,309.2,15.0,314.0,60.0,307.9,30.0,315.0,12.0,4.800000000000011,45.0,72.0,3.634153271400028,309.2,314.0,117,-27.0,-154.0,-0.23,309.0,2.0
07:42:04,305.17,105.0,314.0,62.0,303.25,12.0,510.0,24.0,8.829999999999984,117.0,86.0,0.8088448553515002,305.17,314.0,203,31.0,86.0,0.15,307.0,4.0
07:42:05,305.19,54.0,314.0,63.0,304.8,59.0,537.07,27.0,8.810000000000002,113.0,90.0,0.8433445322218901,305.19,314.0,203,23.0,0.0,0.11,307.0,
07:42:06,306.0,20.0,313.42,60.0,305.0,110.0,399.26,35.0,7.420000000000016,130.0,95.0,0.8755683868370979,306.0,313.42,225,35.0,22.0,0.16,307.0,
07:42:07,307.35,31.0,310.58,60.0,305.2,69.0,316.08,24.0,3.2299999999999613,100.0,84.0,0.997857705300841,307.35,310.58,184,16.0,-41.0,0.09,307.0,
07:42:08,307.46,37.0,309.7,40.0,305.25,73.0,315.5,28.0,2.240000000000009,110.0,68.0,0.4906322451977745,307.46,309.7,178,42.0,-6.0,0.24,309.0,6.0
07:42:09,306.0,22.0,308.36,44.0,305.0,121.0,310.0,22.0,2.3600000000000136,143.0,66.0,1.0190338561733132,306.0,308.36,209,77.0,31.0,0.37,309.0,
07:42:10,306.25,24.0,308.92,24.0,305.04,103.0,320.0,22.0,2.670000000000016,127.0,46.0,1.028848871325215,306.25,308.92,173,81.0,-36.0,0.47,307.0,4.0
07:42:11,306.69,26.0,313.2,20.0,305.21,56.0,367.59,29.0,6.509999999999991,82.0,49.0,1.1075964969370424,306.69,313.2,131,33.0,-42.0,0.25,308.0,2.0
07:42:12,306.0,18.0,321.0,18.0,305.0,99.0,386.0,45.0,15.0,117.0,63.0,2.550337232608236,306.0,321.0,180,54.0,49.0,0.3,308.0,
07:42:13,307.12,8.0,321.0,16.0,306.0,16.0,349.25,40.0,13.879999999999995,24.0,56.0,3.221580357530846,307.12,321.0,80,-32.0,-100.0,-0.4,308.0,
07:42:14,306.07,14.0,321.0,12.0,305.33,15.0,337.0,30.0,14.930000000000009,29.0,42.0,2.838517218554348,306.07,321.0,71,-13.0,-9.0,-0.18,306.0,5.0
07:42:15,306.54,39.0,321.0,22.0,304.95,95.0,337.0,55.0,14.45999999999998,134.0,77.0,1.6995675920746265,306.54,321.0,211,57.0,140.0,0.27,306.0,
07:42:16,305.35,51.0,321.0,18.0,304.46,59.0,337.0,45.0,15.649999999999975,110.0,63.0,0.327871926262059,305.35,321.0,173,47.0,-38.0,0.27,306.2,5.0
07:42:17,305.0,56.0,321.0,16.0,304.0,40.0,381.42,19.0,16.0,96.0,35.0,0.4301162633878431,305.0,321.0,131,61.0,-42.0,0.47,306.2,
07:42:18,304.37,38.0,321.0,12.0,303.11,18.0,360.0,12.0,16.629999999999995,56.0,24.0,0.4317175002597246,304.37,321.0,80,32.0,-51.0,0.4,306.2,
07:42:19,303.89,72.0,321.0,20.0,300.0,32.0,360.0,20.0,17.110000000000014,104.0,40.0,0.5099803918096684,303.89,321.0,144,64.0,64.0,0.44,304.0,9.0
07:42:20,302.0,19.0,321.0,24.0,298.0,96.0,422.25,24.0,19.0,115.0,48.0,0.6577233461190445,302.0,321.0,163,67.0,19.0,0.41,302.0,1.0
07:42:21,302.0,6.0,319.83,12.0,298.0,48.0,374.17,12.0,17.829999999999984,54.0,24.0,0.8680552977948434,302.0,319.83,78,30.0,-85.0,0.38,302.0,
07:42:22,302.0,11.0,317.95,21.0,298.0,88.0,319.09,22.0,15.949999999999989,99.0,43.0,1.109360175970484,302.0,317.95,142,56.0,64.0,0.39,302.0,
07:42:23,302.0,14.0,314.15,20.0,298.0,112.0,314.88,34.0,12.149999999999975,126.0,54.0,1.664457869706742,302.0,314.15,180,72.0,38.0,0.4,302.0,
07:42:24,301.05,21.0,308.65,34.0,297.23,47.0,309.81,27.0,7.599999999999966,68.0,61.0,2.69089761975959,301.05,308.65,129,7.0,-51.0,0.05,302.0,1.0
07:42:25,295.91,46.0,304.56,59.0,294.64,56.0,305.95,19.0,8.649999999999977,102.0,78.0,4.345545995617425,295.91,304.56,180,24.0,51.0,0.13,298.43,7.0
07:43:17,301.56,88.0,407.7,33.0,289.51,118.0,504.31,39.0,106.14,206.0,72.0,26.676003261358915,301.56,407.7,278,134.0,57.0,0.48,301.75,12.0
07:43:18,307.0,22.0,391.73,33.0,300.42,187.0,563.93,28.0,84.73000000000002,209.0,61.0,31.573098834293138,307.0,391.73,270,148.0,-8.0,0.55,301.75,
07:43:19,307.0,44.0,354.0,28.0,301.0,154.0,372.14,21.0,47.0,198.0,49.0,29.19572999601226,307.0,354.0,247,149.0,-23.0,0.6,301.75,
07:43:20,304.0,88.0,354.0,36.0,300.71,180.0,380.0,27.0,50.0,268.0,63.0,23.726370350309733,304.0,354.0,331,205.0,84.0,0.62,307.0,7.0
07:43:21,301.0,224.0,348.9,40.0,299.0,143.0,404.77,31.0,47.89999999999998,367.0,71.0,13.347961267551772,301.0,348.9,438,296.0,107.0,0.68,301.0,3.0
07:43:22,301.0,218.0,302.6,30.0,299.0,156.0,346.71,42.0,1.6000000000000227,374.0,72.0,16.99549705069117,301.0,302.6,446,302.0,8.0,0.68,301.0,5.0
07:43:23,301.0,196.0,452.54,37.0,299.0,156.0,639.33,30.0,151.54000000000002,352.0,67.0,27.27416964822314,301.0,452.54,419,285.0,-27.0,0.68,302.33,6.0
07:43:24,301.0,79.0,428.57,14.0,299.0,78.0,553.2,20.0,127.57,157.0,34.0,30.70778516923783,301.0,428.57,191,123.0,-170.5,0.64,301.0,5.0
07:43:25,301.0,63.0,338.43,14.0,299.0,91.0,546.57,21.0,37.43000000000001,154.0,35.0,31.762003715132035,301.0,338.43,189,119.0,-2.0,0.63,301.0,
07:43:26,301.0,94.0,477.67,36.0,299.0,143.0,583.73,37.0,176.67000000000002,237.0,73.0,37.82128369053689,301.0,477.67,310,164.0,121.0,0.53,301.0,5.0
07:43:27,299.42,76.0,444.09,22.0,298.47,57.0,541.88,34.0,144.66999999999996,133.0,56.0,26.58013205384961,299.42,444.09,189,77.0,-121.0,0.41,300.6,5.0
07:43:30,299.65,86.0,441.0,24.0,297.8,30.0,617.43,28.0,141.35000000000002,116.0,52.0,41.52965290006788,299.65,441.0,168,64.0,4.0,0.38,300.6,
07:43:32,305.83,82.0,444.85,39.0,302.16,91.0,511.95,38.0,139.02000000000004,173.0,77.0,39.89221139520995,305.83,444.85,250,96.0,12.0,0.38,300.6,
07:43:33,307.0,111.0,359.5,28.0,306.0,63.0,380.07,28.0,52.5,174.0,56.0,47.22149775261374,307.0,359.5,230,118.0,-20.0,0.51,300.6,
07:43:34,309.0,9.0,316.0,27.0,307.0,279.0,317.0,27.0,7.0,288.0,54.0,35.06545807486457,309.0,316.0,342,234.0,112.0,0.68,300.6,
07:43:35,309.0,10.0,314.8,30.0,307.0,310.0,470.18,33.0,5.800000000000011,320.0,63.0,39.51985994408481,309.0,314.8,383,257.0,41.0,0.67,300.6,
07:43:36,307.05,215.0,313.14,42.0,306.71,218.0,444.0,46.0,6.089999999999975,433.0,88.0,27.78024891897242,307.05,313.14,521,345.0,138.0,0.66,307.18,11.0
07:43:37,307.0,105.0,314.0,15.0,306.0,35.0,499.0,15.0,7.0,140.0,30.0,9.88914910394526,307.0,314.0,170,110.0,-170.5,0.65,307.18,
07:43:38,307.0,189.0,314.0,30.0,306.0,70.0,545.15,39.0,7.0,259.0,69.0,1.0416429330912411,307.0,314.0,328,190.0,158.0,0.58,307.0,3.0
07:43:39,307.0,231.0,312.38,52.0,306.0,91.0,314.0,39.0,5.379999999999996,322.0,91.0,0.8333246666567676,307.0,312.38,413,231.0,85.0,0.56,307.0,3.0
07:43:40,307.0,240.0,311.78,67.0,306.0,112.0,313.53,51.0,4.779999999999973,352.0,118.0,0.4925748674651858,307.0,311.78,470,234.0,57.0,0.5,307.0,
07:43:41,307.0,219.0,309.74,62.0,306.0,105.0,310.66,65.0,2.740000000000009,324.0,127.0,0.8866510024006853,307.0,309.74,451,197.0,-19.0,0.44,307.0,3.0
07:43:42,307.0,72.0,308.41,49.0,306.0,70.0,351.94,32.0,1.410000000000025,142.0,81.0,1.1046040014674194,307.0,308.41,223,61.0,-170.5,0.27,307.0,8.0
07:43:43,307.0,36.0,308.0,45.0,306.0,63.0,337.0,27.0,1.0,99.0,72.0,0.982420480271794,307.0,308.0,171,27.0,-52.0,0.16,307.0,
07:43:44,306.19,43.0,321.5,24.0,305.17,24.0,333.18,34.0,15.310000000000002,67.0,58.0,2.6108715020195774,306.19,321.5,125,9.0,-46.0,0.07,306.44,9.0
07:43:45,306.1,20.0,326.06,16.0,304.25,16.0,375.88,25.0,19.95999999999998,36.0,41.0,3.9834934416989767,306.1,326.06,77,-5.0,-48.0,-0.06,306.5,2.0
07:43:46,306.0,6.0,324.67,6.0,304.0,6.0,487.14,14.0,18.670000000000016,12.0,20.0,4.177930109523088,306.0,324.67,32,-8.0,-45.0,-0.25,306.5,
07:43:47,306.0,15.0,345.27,33.0,304.0,16.0,424.51,35.0,39.26999999999998,31.0,68.0,6.515022640026815,306.0,345.27,99,-37.0,67.0,-0.37,306.5,
07:43:48,306.0,5.0,334.21,19.0,304.0,10.0,336.95,19.0,28.20999999999998,15.0,38.0,4.76294551722606,306.0,334.21,53,-23.0,-46.0,-0.43,306.5,
07:43:49,304.71,7.0,335.2,25.0,303.6,10.0,484.0,5.0,30.49000000000001,17.0,30.0,4.103039117540153,304.71,335.2,47,-13.0,-6.0,-0.28,304.67,3.0
07:43:50,302.94,32.0,335.0,55.0,301.71,28.0,516.12,43.0,32.06,60.0,98.0,3.697738498064062,302.94,335.0,158,-38.0,111.0,-0.24,304.67,
07:43:51,301.57,28.0,334.78,45.0,300.88,75.0,380.21,42.0,33.20999999999998,103.0,87.0,2.9414537222375965,301.57,334.78,190,16.0,32.0,0.08,304.67,
07:43:52,305.83,46.0,332.75,60.0,303.16,38.0,349.37,57.0,26.920000000000016,84.0,117.0,0.7870196948391626,305.83,332.75,201,-33.0,11.0,-0.16,304.67,
07:43:53,305.53,45.0,330.38,65.0,304.56,32.0,492.0,35.0,24.850000000000023,77.0,100.0,0.8204571896598282,305.53,330.38,177,-23.0,-24.0,-0.13,306.0,4.0
07:43:54,307.91,33.0,330.0,35.0,304.67,18.0,549.0,35.0,22.08999999999997,51.0,70.0,0.5715942617490183,307.91,330.0,121,-19.0,-56.0,-0.16,306.0,
07:43:55,309.0,66.0,329.73,55.0,306.85,39.0,411.8,49.0,20.730000000000015,105.0,104.0,0.6450038760073002,309.0,329.73,209,1.0,88.0,0.0,306.0,
07:43:56,309.0,103.0,322.78,90.0,308.0,72.0,326.5,90.0,13.779999999999973,175.0,180.0,1.4533925829122127,309.0,322.78,355,-5.0,146.0,-0.01,309.0,5.0
07:43:57,306.23,26.0,318.4,50.0,305.75,32.0,319.4,50.0,12.16999999999996,58.0,100.0,2.8885169205084296,306.23,318.4,158,-42.0,-170.5,-0.27,308.2,5.0
07:43:58,306.0,39.0,317.02,49.0,305.0,39.0,317.77,65.0,11.019999999999982,78.0,114.0,3.637668209177816,306.0,317.02,192,-36.0,34.0,-0.19,308.2,
07:43:59,305.1,30.0,314.2,50.0,304.14,21.0,316.0,10.0,9.099999999999966,51.0,60.0,3.870533554958816,305.1,314.2,111,-9.0,-81.0,-0.08,306.0,3.0
07:44:00,304.6,15.0,313.42,36.0,303.13,110.0,314.67,12.0,8.819999999999993,125.0,48.0,2.7116563204176685,304.6,313.42,173,77.0,62.0,0.45,305.5,4.0
07:44:01,304.0,11.0,311.18,34.0,303.0,140.0,311.46,26.0,7.180000000000007,151.0,60.0,1.908659215276625,304.0,311.18,211,91.0,38.0,0.43,304.0,1.0
07:44:02,303.11,44.0,308.96,27.0,302.8,88.0,310.42,24.0,5.849999999999966,132.0,51.0,2.072703548522955,303.11,308.96,183,81.0,-28.0,0.44,303.5,2.0
07:44:03,303.0,88.0,307.36,25.0,302.0,62.0,308.0,38.0,4.360000000000014,150.0,63.0,1.8989813058739928,303.0,307.36,213,87.0,30.0,0.41,303.0,4.0
07:44:04,303.0,98.0,304.63,27.0,302.0,88.0,306.2,51.0,1.6299999999999957,186.0,78.0,2.0326657374143418,303.0,304.63,264,108.0,51.0,0.41,303.0,1.0
07:44:05,302.83,48.0,304.14,37.0,301.84,61.0,306.92,38.0,1.3100000000000025,109.0,75.0,1.681264405159843,302.83,304.14,184,34.0,-80.0,0.18,303.0,8.0
07:44:06,303.0,112.0,483.51,43.0,302.0,36.0,607.87,31.0,180.51,148.0,74.0,39.65117123112592,303.0,483.51,222,74.0,38.0,0.33,303.0,8.0
07:44:10,305.63,59.0,415.0,19.0,303.22,90.0,416.0,25.0,109.37,149.0,44.0,41.65018511363581,305.63,415.0,193,105.0,48.0,0.54,303.0,
07:44:11,308.0,36.0,410.33,18.0,304.0,40.0,413.5,16.0,102.32999999999998,76.0,34.0,48.37431188141208,308.0,410.33,110,42.0,-83.0,0.38,308.0,3.0
07:44:12,308.0,33.0,365.89,19.0,304.0,55.0,357.66,35.0,57.88999999999999,88.0,54.0,48.68097955054019,308.0,365.89,142,34.0,32.0,0.24,308.0,
07:44:13,307.57,37.0,313.44,16.0,303.85,65.0,343.95,42.0,5.8700000000000045,102.0,58.0,36.3628317104168,307.57,313.44,160,44.0,18.0,0.28,307.0,4.0
07:44:14,304.0,32.0,310.25,12.0,303.0,80.0,311.2,20.0,6.25,112.0,32.0,25.52426002845298,304.0,310.25,144,80.0,-16.0,0.56,307.0,
07:44:15,304.0,28.0,307.24,17.0,303.0,70.0,307.91,11.0,3.240000000000009,98.0,28.0,23.502969386868465,304.0,307.24,126,70.0,-18.0,0.56,307.0,
07:44:16,304.0,24.0,306.67,12.0,303.0,70.0,317.29,21.0,2.670000000000016,94.0,33.0,13.487643604428095,304.0,306.67,127,61.0,1.0,0.48,305.5,2.0
07:44:17,304.0,18.0,307.0,12.0,303.0,60.0,414.58,24.0,3.0,78.0,36.0,2.1814398914630786,304.0,307.0,114,42.0,-13.0,0.37,305.5,
07:44:18,304.0,21.0,307.0,14.0,303.0,70.0,497.0,24.0,3.0,91.0,38.0,0.7373465942593216,304.0,307.0,129,53.0,15.0,0.41,305.5,
07:44:19,304.0,18.0,306.67,12.0,303.0,60.0,340.0,24.0,2.670000000000016,78.0,36.0,0.1250199986625445,304.0,306.67,114,42.0,-15.0,0.37,305.5,
07:44:20,304.0,30.0,305.8,20.0,303.0,100.0,544.21,38.0,1.8000000000000114,130.0,58.0,0.2454994909678889,304.0,305.8,188,72.0,74.0,0.38,304.0,2.0
07:44:23,306.0,42.0,323.34,29.0,305.0,8.0,466.67,24.0,17.339999999999975,50.0,53.0,68.45607949627338,306.0,323.34,103,-3.0,-41.0,-0.03,304.0,
07:44:24,306.0,51.0,319.0,40.0,305.0,10.0,365.1,50.0,13.0,61.0,90.0,67.14823057981573,306.0,319.0,151,-29.0,48.0,-0.19,306.0,8.0
07:44:25,303.16,37.0,318.56,36.0,302.2,30.0,350.57,42.0,15.399999999999975,67.0,78.0,65.98838708439615,303.16,318.56,145,-11.0,-6.0,-0.08,304.25,4.0
07:44:26,308.0,30.0,317.5,40.0,303.0,50.0,403.65,20.0,9.5,80.0,60.0,59.60877645112409,308.0,317.5,140,20.0,-5.0,0.14,304.25,
07:44:27,308.0,33.0,315.03,29.0,303.0,55.0,318.62,26.0,7.029999999999973,88.0,55.0,1.450293073853712,308.0,315.03,143,33.0,3.0,0.23,304.25,
07:44:28,308.0,41.0,313.05,61.0,303.0,75.0,314.56,18.0,5.050000000000011,116.0,79.0,0.9808669634906776,308.0,313.05,195,37.0,52.0,0.19,308.0,1.0
07:44:29,306.33,30.0,310.34,56.0,302.78,64.0,312.41,44.0,4.009999999999991,94.0,100.0,1.6166694158258976,306.33,310.34,194,-6.0,-1.0,-0.03,308.0,2.0
07:44:30,303.0,55.0,307.43,37.0,302.0,77.0,308.88,32.0,4.430000000000007,132.0,69.0,2.9665973774791183,303.0,307.43,201,63.0,7.0,0.31,308.0,
07:44:31,302.41,68.0,304.38,47.0,300.89,126.0,307.14,29.0,1.9699999999999704,194.0,76.0,3.447636871839133,302.41,304.38,270,118.0,69.0,0.44,302.78,9.0
07:44:32,302.0,36.0,304.64,11.0,300.0,90.0,306.0,16.0,2.6399999999999864,126.0,27.0,3.175248021818717,302.0,304.64,153,99.0,-117.0,0.65,302.78,
07:44:33,302.0,16.0,342.38,13.0,300.0,70.0,364.89,18.0,40.38,86.0,31.0,7.922157534413533,302.0,342.38,117,55.0,-36.0,0.47,302.0,3.0
07:44:34,302.0,8.0,380.53,17.0,300.0,40.0,503.04,26.0,78.52999999999997,48.0,43.0,16.642446334600844,302.0,380.53,91,5.0,-26.0,0.05,302.0,
07:44:35,302.0,13.0,422.15,13.0,300.0,65.0,486.48,54.0,120.14999999999998,78.0,67.0,25.3637536654194,302.0,422.15,145,11.0,54.0,0.08,302.0,
07:44:36,303.17,30.0,455.82,11.0,302.08,24.0,563.91,44.0,152.64999999999998,54.0,55.0,30.402637550056163,303.17,455.82,109,-1.0,-36.0,-0.01,304.0,2.0
07:44:38,300.53,30.0,416.0,6.0,299.28,29.0,564.0,24.0,115.47000000000004,59.0,30.0,28.127695426396063,300.53,416.0,89,29.0,-1.0,0.33,302.75,4.0
07:44:39,301.39,59.0,428.51,41.0,299.91,55.0,537.38,26.0,127.12,114.0,67.0,23.403100649275174,301.39,428.51,181,47.0,92.0,0.26,301.75,8.0
07:44:40,306.0,7.0,311.0,35.0,300.0,28.0,572.55,22.0,5.0,35.0,57.0,38.67215173739494,306.0,311.0,92,-22.0,-89.0,-0.24,301.75,
07:44:41,301.0,24.0,414.1,40.0,299.39,41.0,600.44,36.0,113.10000000000002,65.0,76.0,37.89822396894208,301.0,414.1,141,-11.0,49.0,-0.08,306.0,1.0
07:44:42,300.0,44.0,375.0,44.0,299.0,55.0,484.97,35.0,75.0,99.0,79.0,23.018858138493425,300.0,375.0,178,20.0,37.0,0.11,306.0,
07:44:43,300.0,8.0,378.0,8.0,299.0,10.0,466.0,2.0,78.0,18.0,10.0,21.90179787140961,300.0,378.0,28,8.0,-150.0,0.29,306.0,
07:44:44,300.12,41.0,463.69,26.0,299.07,54.0,563.38,29.0,163.57,95.0,55.0,27.13066659704633,300.12,463.69,150,40.0,122.0,0.27,306.0,
07:44:45,303.59,17.0,434.8,20.0,301.35,62.0,707.6,35.0,131.21000000000004,79.0,55.0,19.19408893383829,303.59,434.8,134,24.0,-16.0,0.18,302.75,4.0
07:44:46,302.0,36.0,327.27,30.0,300.0,36.0,376.0,14.0,25.269999999999985,72.0,44.0,26.93843221124957,302.0,327.2699999999999,116,28.0,-18.0,0.24,303.0,4.0
07:44:47,302.0,36.0,303.0,9.0,300.0,36.0,308.0,18.0,1.0,72.0,27.0,34.09155511266806,302.0,303.0,99,45.0,-17.0,0.45,303.0,
07:44:48,302.0,32.0,304.25,8.0,300.0,32.0,308.71,14.0,2.25,64.0,22.0,38.256898070806514,302.0,304.25,86,42.0,-13.0,0.49,305.5,2.0
07:44:49,302.0,26.0,307.12,8.0,300.0,32.0,313.0,8.0,5.1200000000000045,58.0,16.0,28.595764546521018,302.0,307.12,74,42.0,-12.0,0.57,302.0,3.0
07:44:50,302.71,17.0,305.31,13.0,300.09,46.0,432.8,40.0,2.6000000000000227,63.0,53.0,5.019375459164168,302.71,305.31,116,10.0,42.0,0.09,302.0,
07:44:53,302.0,11.0,423.89,36.0,301.0,11.0,485.9,31.0,121.89,22.0,67.0,67.69064802467251,302.0,423.89,89,-45.0,-18.0,-0.51,302.0,
07:44:54,302.18,11.0,385.7,40.0,301.1,10.0,402.88,34.0,83.51999999999998,21.0,74.0,60.10201286146833,302.18,385.7,95,-53.0,6.0,-0.56,303.0,2.0
07:44:55,303.19,47.0,395.85,41.0,301.79,14.0,411.75,32.0,92.66000000000004,61.0,73.0,48.53436226015658,303.19,395.85,134,-12.0,39.0,-0.09,303.0,
07:44:56,304.0,24.0,377.75,51.0,302.0,12.0,384.47,45.0,73.75,36.0,96.0,46.437667038731625,304.0,377.75,132,-60.0,-2.0,-0.45,304.0,3.0
07:44:57,304.47,19.0,370.17,46.0,301.43,21.0,372.29,49.0,65.69999999999999,40.0,95.0,10.013032507691554,304.47,370.17,135,-55.0,3.0,-0.41,303.5,2.0
07:44:58,300.0,60.0,362.3,37.0,298.0,30.0,368.38,13.0,62.30000000000001,90.0,50.0,6.907383730478894,300.0,362.3,140,40.0,5.0,0.29,303.5,
07:44:59,300.0,72.0,315.91,33.0,298.0,36.0,321.67,27.0,15.910000000000023,108.0,60.0,15.682629562674755,300.0,315.91,168,48.0,28.0,0.29,303.5,
07:45:00,300.0,54.0,309.69,32.0,298.0,27.0,311.81,32.0,9.689999999999998,81.0,64.0,16.859289130923475,300.0,309.69,145,17.0,-23.0,0.12,303.5,
07:45:01,300.0,72.0,304.04,49.0,298.0,36.0,306.07,59.0,4.0400000000000205,108.0,108.0,16.330199937541128,300.0,304.04,216,0.0,71.0,0.0,303.5,
07:45:09,287.0,58.0,365.0,36.0,277.06,68.0,525.64,33.0,78.0,126.0,69.0,27.533918536962105,287.0,365.0,195,57.0,-129.0,0.29,303.5,
07:45:10,305.0,28.0,380.5,56.0,289.43,168.0,553.12,34.0,75.5,196.0,90.0,19.753972511879105,305.0,380.5,286,106.0,91.0,0.37,303.5,
07:45:11,305.0,18.0,309.0,36.0,303.0,108.0,616.0,9.0,4.0,126.0,45.0,15.41991569367579,305.0,309.0,171,81.0,-115.0,0.47,303.5,
07:45:12,305.0,26.0,400.96,54.0,303.0,168.0,551.71,21.0,95.95999999999998,194.0,75.0,20.18889992050273,305.0,400.96,269,119.0,98.0,0.44,305.0,1.0
07:45:13,303.12,51.0,358.0,32.0,291.93,45.0,464.0,16.0,54.88,96.0,48.0,17.454911056779352,303.12,358.0,144,48.0,-125.0,0.33,303.5,4.0
07:45:14,303.0,73.0,362.68,31.0,187.27,121.0,454.68,31.0,59.68000000000001,194.0,62.0,17.14633138604521,303.0,362.68,256,132.0,112.0,0.52,303.0,3.0
07:45:15,303.39,59.0,358.57,40.0,237.6,122.0,587.21,29.0,55.18000000000001,181.0,69.0,16.29891162010756,303.39,358.57,250,112.0,-6.0,0.45,304.0,3.0
07:45:16,303.0,36.0,469.7,20.0,299.75,12.0,661.6,10.0,166.7,48.0,30.0,24.037833097017877,303.0,469.7,78,18.0,-170.5,0.23,304.0,
07:45:17,303.0,66.0,330.0,33.0,300.0,33.0,597.12,41.0,27.0,99.0,74.0,27.02210909607322,303.0,330.0,173,25.0,95.0,0.14,304.0,
07:45:18,303.0,66.0,384.0,33.0,300.0,33.0,527.46,24.0,81.0,99.0,57.0,26.57424843716346,303.0,384.0,156,42.0,-17.0,0.27,304.0,
07:45:19,303.0,30.0,455.22,27.0,300.0,24.0,521.1,20.0,152.22000000000003,54.0,47.0,30.359019582326603,303.0,455.22,101,7.0,-55.0,0.07,303.0,3.0
07:45:20,303.09,44.0,410.88,41.0,300.16,113.0,472.26,42.0,107.79000000000002,157.0,83.0,28.15787758337075,303.09,410.88,240,74.0,139.0,0.31,303.0,
07:45:21,305.0,75.0,443.26,35.0,303.0,45.0,447.19,48.0,138.26,120.0,83.0,25.3036544791477,305.0,443.26,203,37.0,-37.0,0.18,303.0,
07:45:22,305.0,112.0,395.12,43.0,303.0,55.0,427.46,59.0,90.12,167.0,102.0,15.34735579831573,305.0,395.12,269,65.0,66.0,0.24,303.0,
07:45:23,305.23,145.0,383.91,87.0,303.52,80.0,389.47,95.0,78.68,225.0,182.0,15.051190982779255,305.23,383.9100000000001,407,43.0,138.0,0.11,303.0,
07:45:24,306.0,123.0,383.18,56.0,305.0,84.0,385.36,36.0,77.18,207.0,92.0,12.319416788147556,306.0,383.18,299,115.0,-108.0,0.38,306.0,3.0
07:45:25,305.28,87.0,379.71,56.0,303.74,57.0,380.88,24.0,74.43,144.0,80.0,13.137912695709694,305.28,379.71,224,64.0,-75.0,0.29,306.0,
07:45:26,305.0,97.0,374.94,36.0,303.0,56.0,409.17,36.0,69.94,153.0,72.0,3.7187457563115793,305.0,374.94,225,81.0,1.0,0.36,306.0,
07:45:27,305.76,76.0,367.42,38.0,304.69,78.0,368.83,48.0,61.660000000000025,154.0,86.0,3.402878193542004,305.76,367.42,240,68.0,15.0,0.28,306.0,4.0
07:45:28,306.0,24.0,360.84,38.0,305.0,72.0,361.95,38.0,54.839999999999975,96.0,76.0,4.486828501300471,306.0,360.84,172,20.0,-68.0,0.12,306.0,
07:45:29,306.0,16.0,356.88,24.0,305.0,54.0,357.92,38.0,50.88,70.0,62.0,4.5479588828485245,306.0,356.87999999999994,132,8.0,-40.0,0.06,306.0,
07:45:30,306.0,24.0,352.88,50.0,305.0,96.0,353.5,44.0,46.88,120.0,94.0,4.179852868233421,306.0,352.88,214,26.0,82.0,0.12,306.0,
07:45:31,306.0,20.0,347.36,36.0,305.0,80.0,348.95,44.0,41.360000000000014,100.0,80.0,3.7773376867944073,306.0,347.36,180,20.0,-34.0,0.11,306.0,
07:45:32,305.44,36.0,344.86,42.0,304.57,92.0,345.84,62.0,39.420000000000016,128.0,104.0,3.3776145428506017,305.44,344.86,232,24.0,52.0,0.1,305.33,6.0
07:45:33,306.78,37.0,341.46,46.0,304.83,48.0,343.22,46.0,34.68000000000001,85.0,92.0,3.033839151978001,306.78,341.46,177,-7.0,-55.0,-0.04,305.33,
07:45:34,307.0,33.0,338.0,40.0,305.0,44.0,339.3,40.0,31.0,77.0,80.0,2.641613143530575,307.0,338.0,157,-3.0,-20.0,-0.02,305.33,
07:45:35,307.0,27.0,332.9,31.0,305.0,36.0,334.17,30.0,25.899999999999977,63.0,61.0,2.581656445012051,307.0,332.9,124,2.0,-33.0,0.02,305.33,
07:45:36,306.88,32.0,327.64,44.0,304.82,44.0,328.98,52.0,20.75999999999999,76.0,96.0,3.206591648475211,306.88,327.64,172,-20.0,48.0,-0.12,305.0,10.0
07:45:37,302.21,38.0,322.28,50.0,301.5,80.0,323.72,64.0,20.069999999999997,118.0,114.0,4.683047084972473,302.21,322.28,232,4.0,60.0,0.02,302.0,2.0
07:45:38,303.12,25.0,314.44,57.0,301.18,40.0,321.11,38.0,11.319999999999991,65.0,95.0,5.601818454757995,303.12,314.43999999999994,160,-30.0,-72.0,-0.19,302.0,
07:45:39,304.0,30.0,318.18,55.0,302.0,15.0,319.08,60.0,14.180000000000009,45.0,115.0,4.602154930037202,304.0,318.18,160,-70.0,0.0,-0.44,302.0,
07:45:40,304.0,22.0,314.38,39.0,302.0,11.0,315.68,38.0,10.379999999999995,33.0,77.0,3.406380777315446,304.0,314.38,110,-44.0,-50.0,-0.4,302.0,
07:45:41,304.45,22.0,309.72,43.0,303.25,16.0,310.67,39.0,5.270000000000039,38.0,82.0,2.021830853474842,304.45,309.72,120,-44.0,10.0,-0.37,302.0,
