Time,Bid1_Price,Bid1_Volume,Ask1_Price,Ask1_Volume,Bid2_Price,Bid2_Volume,Ask2_Price,Ask2_Volume,Bid_Ask_Spread,Market_Depth_Bid,Market_Depth_Ask,Historical_Volatility,Weighted_Avg_Bid_Price,Weighted_Avg_Ask_Price,Total_volume,Cumulative_Volume_Difference,Total_Volume_Change_Corrected,Order_imbalance,Weighted_Avg_Price,Trade_Volume
07:30:06,96.0,15.0,106.5,12.0,95.0,10.0,110.4,5.0,10.5,25.0,17.0,11.01840142670436,96.0,106.5,42,8.0,-18.0,0.19,101.71,7.0
07:30:07,96.0,15.0,109.67,6.0,70.78,9.0,113.4,5.0,13.670000000000002,24.0,11.0,7.602915230357429,96.0,109.67,35,13.0,-7.0,0.37,107.0,2.0
07:30:08,100.21,19.0,139.57,14.0,94.7,27.0,174.5,16.0,39.36,46.0,30.0,9.873893862099251,100.21,139.57,76,16.0,41.0,0.21,110.5,2.0
07:30:09,102.09,64.0,123.89,35.0,100.53,36.0,168.29,14.0,21.8,100.0,49.0,9.180306095114776,102.09,123.89,149,51.0,73.0,0.34,110.5,
07:30:10,103.06,52.0,106.0,40.0,101.4,35.0,168.0,16.0,2.9399999999999977,87.0,56.0,7.908231154942399,103.06,106.0,143,31.0,-6.0,0.22,110.5,
07:30:11,103.36,61.0,105.67,24.0,101.64,47.0,151.27,22.0,2.3100000000000023,108.0,46.0,7.292283592949579,103.36,105.67,154,62.0,11.0,0.4,105.33,6.0
07:30:12,97.53,34.0,105.6,10.0,92.76,17.0,379.33,12.0,8.069999999999993,51.0,22.0,7.575366657792979,97.53,105.6,73,29.0,-81.0,0.4,104.0,1.0
07:30:13,95.5,48.0,106.0,7.0,94.6,20.0,516.0,12.0,10.5,68.0,19.0,4.850517498164633,95.5,106.0,87,49.0,14.0,0.56,106.0,1.0
07:30:14,97.0,10.0,106.0,5.0,96.0,60.0,448.8,10.0,9.0,70.0,15.0,1.808493848483077,97.0,106.0,85,55.0,-2.0,0.65,106.0,
07:30:15,99.12,52.0,106.0,12.0,96.94,62.0,112.18,34.0,6.879999999999996,114.0,46.0,1.4547267784711655,99.12,106.0,160,68.0,75.0,0.42,106.0,
07:30:16,101.38,16.0,106.0,7.0,100.36,25.0,109.0,21.0,4.6200000000000045,41.0,28.0,1.137440108313871,101.38,106.0,69,13.0,-91.0,0.19,106.0,
07:30:17,104.37,19.0,107.59,17.0,100.69,35.0,120.22,27.0,3.219999999999999,54.0,44.0,2.049909754111428,104.37,107.59,98,10.0,29.0,0.1,106.0,1.0
07:30:18,106.93,15.0,135.25,32.0,100.2,106.0,374.17,12.0,28.319999999999997,121.0,44.0,8.069723043574768,106.93,135.25,165,77.0,67.0,0.47,109.0,5.0
07:30:19,114.5,20.0,244.58,12.0,111.57,14.0,366.82,11.0,130.08,34.0,23.0,32.71029608548359,114.5,244.58,57,11.0,-108.0,0.19,109.0,
07:30:21,115.53,59.0,125.06,32.0,113.23,35.0,173.11,28.0,9.53,94.0,60.0,28.290997684776062,115.53,125.06,154,34.0,108.0,0.22,119.0,1.0
07:30:22,116.0,72.0,122.74,38.0,114.0,42.0,141.0,35.0,6.739999999999995,114.0,73.0,25.680556263445794,116.0,122.74,187,41.0,33.0,0.22,116.0,4.0
07:30:23,114.4,20.0,121.0,7.0,112.82,11.0,123.0,21.0,6.599999999999994,31.0,28.0,26.18138938253669,114.4,121.0,59,3.0,-128.0,0.05,116.0,2.0
07:30:24,113.81,31.0,122.3,33.0,112.9,30.0,145.5,24.0,8.489999999999995,61.0,57.0,7.295544530739504,113.81,122.3,118,4.0,59.0,0.03,114.0,2.0
07:30:25,114.51,65.0,121.0,77.0,112.89,27.0,213.0,11.0,6.489999999999995,92.0,88.0,1.1487906684868885,114.51,121.0,180,4.0,62.0,0.02,114.0,
07:30:26,115.0,84.0,120.33,60.0,113.5,36.0,134.14,28.0,5.329999999999998,120.0,88.0,0.721540019681832,115.0,120.33,208,32.0,28.0,0.15,114.0,
07:30:27,115.0,21.0,119.0,12.0,114.0,9.0,121.0,9.0,4.0,30.0,21.0,0.3853959003445371,115.0,119.0,51,9.0,-157.0,0.18,114.0,
07:30:28,115.88,56.0,118.0,32.0,114.0,32.0,125.25,16.0,2.1200000000000045,88.0,48.0,0.4888455788920968,115.88,118.0,136,40.0,85.0,0.29,114.0,
07:30:29,115.42,55.0,116.96,46.0,113.75,48.0,121.51,49.0,1.539999999999992,103.0,95.0,0.634547082573301,115.42,116.96,198,8.0,62.0,0.04,116.0,7.0
07:30:30,114.5,64.0,119.35,55.0,113.31,52.0,132.26,31.0,4.849999999999994,116.0,86.0,0.524242310389248,114.5,119.35,202,30.0,4.0,0.15,115.43,7.0
07:30:31,116.0,27.0,120.0,27.0,114.0,36.0,121.0,36.0,4.0,63.0,63.0,0.6452906321978247,116.0,120.0,126,0.0,-76.0,0.0,115.43,
07:30:32,116.0,33.0,118.55,33.0,114.0,44.0,121.0,44.0,2.549999999999997,77.0,77.0,0.655461669361587,116.0,118.55,154,0.0,28.0,0.0,115.43,
07:30:33,116.0,21.0,118.0,21.0,114.0,28.0,121.0,28.0,2.0,49.0,49.0,0.6531691970709278,116.0,118.0,98,0.0,-56.0,0.0,115.43,
07:30:34,116.0,48.0,117.0,28.0,114.0,64.0,121.0,64.0,1.0,112.0,92.0,0.5554457669316522,116.0,117.0,204,20.0,106.0,0.1,117.0,2.0
07:30:35,115.8,40.0,117.0,13.0,113.94,51.0,121.0,52.0,1.2000000000000028,91.0,65.0,0.6475183395103712,115.8,117.0,156,26.0,-48.0,0.17,116.0,3.0
07:30:36,114.0,56.0,116.71,14.0,113.0,42.0,120.64,44.0,2.7099999999999937,98.0,58.0,0.7335393649983407,114.0,116.71,156,40.0,0.0,0.26,116.0,
07:30:37,114.74,47.0,119.08,26.0,113.12,34.0,184.27,11.0,4.340000000000003,81.0,37.0,0.6530543622104958,114.74,119.08,118,44.0,-38.0,0.37,116.5,2.0
07:30:40,117.64,44.0,120.0,32.0,113.69,29.0,407.03,29.0,2.3599999999999994,73.0,61.0,1.8254095430895685,117.64,120.0,134,12.0,20.0,0.09,119.0,7.0
07:30:41,114.0,28.0,119.25,16.0,113.0,21.0,129.28,25.0,5.25,49.0,41.0,1.4053825102094142,114.0,119.25,90,8.0,-44.0,0.09,119.0,
07:30:42,114.0,45.0,119.88,41.0,113.0,42.0,129.64,56.0,5.879999999999996,87.0,97.0,1.3981702328409495,114.0,119.88,184,-10.0,94.0,-0.05,119.0,
07:30:43,114.0,66.0,117.73,15.0,113.0,45.0,119.4,60.0,3.730000000000004,111.0,75.0,1.5390581535479246,114.0,117.73,186,36.0,2.0,0.19,119.0,
07:30:44,112.27,56.0,296.56,39.0,111.95,20.0,393.49,41.0,184.29,76.0,80.0,39.08256619005469,112.27,296.56,156,-4.0,-30.0,-0.03,114.93,15.0
07:30:45,109.0,56.0,175.0,12.0,107.0,8.0,428.8,20.0,66.0,64.0,32.0,38.11540633392234,109.0,175.0,96,32.0,-60.0,0.33,114.93,
07:30:46,109.0,67.0,332.76,21.0,107.0,10.0,447.16,25.0,223.76,77.0,46.0,49.51042536678524,109.0,332.76,123,31.0,27.0,0.25,109.0,3.0
07:30:47,117.82,34.0,258.44,18.0,111.71,59.0,344.0,22.0,140.62,93.0,40.0,43.94748741395821,117.82,258.44,133,53.0,10.0,0.4,109.0,
07:30:49,117.63,41.0,200.57,28.0,111.68,74.0,300.12,25.0,82.94,115.0,53.0,32.23582975510347,117.63,200.57,168,62.0,144.0,0.37,116.2,5.0
07:30:50,112.95,19.0,238.82,22.0,111.82,34.0,267.11,18.0,125.87,53.0,40.0,27.5092515347113,112.95,238.82,93,13.0,-75.0,0.14,116.2,
07:30:51,113.77,26.0,257.25,32.0,112.45,22.0,259.0,32.0,143.48000000000002,48.0,64.0,16.318184028868345,113.77,257.25,112,-16.0,19.0,-0.14,116.2,
07:30:52,114.0,56.0,245.36,44.0,113.0,28.0,257.5,56.0,131.36,84.0,100.0,14.563422674632962,114.0,245.36,184,-16.0,72.0,-0.09,116.2,
07:30:53,115.8,40.0,254.23,52.0,113.96,50.0,255.69,52.0,138.43,90.0,104.0,10.78865237182176,115.8,254.23,194,-14.0,10.0,-0.07,116.2,
07:30:54,116.0,168.0,235.16,76.0,114.0,76.0,240.95,76.0,119.16,244.0,152.0,4.785810276224503,116.0,235.16,396,92.0,173.5,0.23,116.0,4.0
07:30:55,116.0,66.0,202.82,34.0,114.0,44.0,203.8,40.0,86.82,110.0,74.0,10.669341591682931,116.0,202.82,184,36.0,-174.5,0.2,116.0,
07:30:56,116.0,48.0,145.67,24.0,114.0,32.0,186.67,24.0,29.669999999999987,80.0,48.0,21.914505013803367,116.0,145.67,128,32.0,-56.0,0.25,116.0,
07:30:57,116.0,42.0,117.86,28.0,114.0,28.0,119.0,14.0,1.8599999999999997,70.0,42.0,29.013979906245385,116.0,117.86,112,28.0,-16.0,0.25,116.0,4.0
07:30:58,114.32,62.0,117.09,46.0,113.43,46.0,133.28,36.0,2.7700000000000102,108.0,82.0,26.688048823396755,114.32,117.09,190,26.0,78.0,0.14,116.0,4.0
07:30:59,114.0,8.0,118.0,4.0,113.0,4.0,119.0,4.0,4.0,12.0,8.0,18.789468592805036,114.0,118.0,20,4.0,-170.0,0.2,116.0,
07:31:00,114.0,32.0,118.0,18.0,113.0,18.0,119.0,18.0,4.0,50.0,36.0,6.578021739094915,114.0,118.0,86,14.0,66.0,0.16,114.0,2.0
07:31:01,114.0,16.0,116.5,20.0,113.0,20.0,149.6,20.0,2.5,36.0,40.0,0.615329180199229,114.0,116.5,76,-4.0,-10.0,-0.05,114.0,1.0
07:31:02,112.0,40.0,116.0,20.0,111.0,46.0,340.0,29.0,4.0,86.0,49.0,0.8354639429709386,112.0,116.0,135,37.0,59.0,0.27,113.6,5.0
07:31:03,111.71,51.0,115.0,30.0,110.43,63.0,201.31,59.0,3.2900000000000063,114.0,89.0,1.1992706116654703,111.71,115.0,203,25.0,68.0,0.12,111.8,5.0
07:31:04,107.31,39.0,112.58,24.0,80.35,46.0,119.5,60.0,5.269999999999996,85.0,84.0,2.34344831391782,107.31,112.58,169,1.0,-34.0,0.01,109.5,4.0
07:31:05,109.33,30.0,112.0,12.0,94.6,20.0,118.0,30.0,2.6700000000000017,50.0,42.0,2.2518170440788694,109.33,112.0,92,8.0,-77.0,0.09,109.5,
07:31:06,110.0,176.0,113.54,26.0,109.0,31.0,122.26,42.0,3.5400000000000063,207.0,68.0,1.719976744029984,110.0,113.54,275,139.0,173.5,0.51,110.0,2.0
07:31:07,112.07,42.0,117.0,70.0,109.67,106.0,391.85,34.0,4.930000000000007,148.0,104.0,1.8896243012842548,112.07,117.0,252,44.0,-23.0,0.17,110.0,
07:31:08,112.86,37.0,117.0,57.0,111.92,39.0,164.74,27.0,4.140000000000001,76.0,84.0,2.25659477975202,112.86,117.0,160,-8.0,-92.0,-0.05,114.0,5.0
07:31:09,112.16,25.0,117.0,36.0,111.22,27.0,273.69,26.0,4.840000000000003,52.0,62.0,1.942336222183017,112.16,117.0,114,-10.0,-46.0,-0.09,114.0,
07:31:10,113.0,20.0,117.0,40.0,112.0,30.0,275.76,25.0,4.0,50.0,65.0,1.353820519863811,113.0,117.0,115,-15.0,1.0,-0.13,114.0,
07:31:11,112.61,23.0,113.83,18.0,111.7,30.0,116.64,28.0,1.2199999999999989,53.0,46.0,0.7194998262712484,112.61,113.83,99,7.0,-16.0,0.07,113.0,2.0
07:31:12,111.81,16.0,113.19,21.0,109.62,48.0,114.5,8.0,1.3799999999999957,64.0,29.0,1.123512349733773,111.81,113.18999999999998,93,35.0,-6.0,0.38,112.12,8.0
07:31:13,111.36,22.0,113.06,16.0,109.03,156.0,115.29,28.0,1.7000000000000028,178.0,44.0,1.2408545442573955,111.36,113.06,222,134.0,129.0,0.6,112.0,1.0
07:31:14,112.5,40.0,115.09,11.0,111.0,10.0,128.35,37.0,2.5900000000000034,50.0,48.0,1.1139928186501944,112.5,115.09,98,2.0,-124.0,0.02,115.33,3.0
07:31:15,113.59,34.0,131.59,17.0,111.0,9.0,488.2,15.0,18.0,43.0,32.0,4.36343098948573,113.59,131.59,75,11.0,-23.0,0.15,115.0,2.0
07:31:16,115.33,6.0,359.67,9.0,111.0,3.0,514.33,6.0,244.34000000000003,9.0,15.0,54.82686430938767,115.33,359.67,24,-6.0,-51.0,-0.25,115.0,
07:31:17,116.0,10.0,353.4,20.0,111.0,5.0,381.0,5.0,237.4,15.0,25.0,65.79826023535888,116.0,353.4,40,-10.0,16.0,-0.25,115.0,
07:31:18,109.3,47.0,324.9,40.0,108.02,148.0,372.4,10.0,215.6,195.0,50.0,61.68691692733569,109.29999999999998,324.9,245,145.0,173.5,0.59,113.0,4.0
07:31:19,109.0,75.0,295.24,21.0,108.0,108.0,617.33,12.0,186.24,183.0,33.0,47.06457393836702,109.0,295.24,216,150.0,-29.0,0.69,113.0,
07:31:20,117.46,26.0,133.15,40.0,110.87,77.0,169.78,45.0,15.690000000000012,103.0,85.0,45.90713974971667,117.46,133.15,188,18.0,-28.0,0.1,119.0,2.0
07:31:21,114.0,66.0,129.93,28.0,111.0,135.0,139.72,47.0,15.930000000000009,201.0,75.0,52.9555211474688,114.0,129.93,276,126.0,88.0,0.46,114.0,4.0
07:31:22,114.43,56.0,128.26,19.0,111.18,100.0,129.59,17.0,13.829999999999984,156.0,36.0,47.82570302672,114.43,128.26,192,120.0,-84.0,0.62,114.0,
07:31:23,114.0,67.0,124.8,10.0,111.0,90.0,128.06,17.0,10.799999999999995,157.0,27.0,35.89174933045217,114.0,124.8,184,130.0,-8.0,0.71,114.0,2.0
07:31:24,114.0,30.0,125.93,27.0,111.0,150.0,127.56,18.0,11.930000000000009,180.0,45.0,2.317634569990126,114.0,125.93,225,135.0,41.0,0.6,114.0,
07:31:25,117.64,22.0,124.0,22.0,113.0,30.0,126.0,11.0,6.359999999999999,52.0,33.0,1.0322402821113366,117.64,124.0,85,19.0,-140.0,0.22,114.0,
07:31:26,118.0,24.0,122.5,20.0,114.18,22.0,124.19,16.0,4.5,46.0,36.0,0.7558637443437083,118.0,122.5,82,10.0,-3.0,0.12,114.0,
07:31:27,118.0,19.0,119.46,13.0,114.92,13.0,121.35,17.0,1.4599999999999935,32.0,30.0,0.8012927055784803,118.0,119.46,62,2.0,-20.0,0.03,118.0,1.0
07:31:28,115.25,12.0,119.17,24.0,114.04,23.0,181.33,12.0,3.9200000000000017,35.0,36.0,1.4402534499223685,115.25,119.17,71,-1.0,9.0,-0.01,118.0,
07:31:29,115.0,11.0,140.45,31.0,114.0,22.0,233.75,16.0,25.44999999999999,33.0,47.0,4.043243747291687,115.0,140.45,80,-14.0,9.0,-0.17,117.29,7.0
07:31:30,114.67,12.0,287.07,14.0,113.4,40.0,397.3,20.0,172.39999999999998,52.0,34.0,35.95587740550929,114.67,287.07,86,18.0,6.0,0.21,117.29,
07:31:31,114.0,14.0,223.71,21.0,113.0,84.0,450.0,7.0,109.71,98.0,28.0,36.86900595351079,114.0,223.71,126,70.0,40.0,0.56,117.29,
07:31:32,114.0,18.0,161.29,35.0,113.0,108.0,249.13,15.0,47.28999999999999,126.0,50.0,34.15514558598768,114.0,161.29,176,76.0,50.0,0.43,117.29,
07:31:33,113.12,82.0,115.0,60.0,112.86,84.0,159.33,12.0,1.8799999999999957,166.0,72.0,34.94181406281039,113.12,115.0,238,94.0,62.0,0.39,114.0,2.0
07:31:34,113.09,57.0,115.0,28.0,112.89,71.0,128.0,9.0,1.9099999999999968,128.0,37.0,37.54599552548866,113.09,115.0,165,91.0,-73.0,0.55,114.83,6.0
07:31:35,113.0,73.0,115.0,6.0,112.0,12.0,128.0,6.0,2.0,85.0,12.0,24.14996066249415,113.0,115.0,97,73.0,-68.0,0.75,114.83,
07:31:36,113.0,63.0,115.0,7.0,112.0,14.0,245.29,7.0,2.0,77.0,14.0,10.56098101503905,113.0,115.0,91,63.0,-6.0,0.69,113.0,6.0
07:31:37,113.0,28.0,115.0,10.0,112.0,20.0,406.0,10.0,2.0,48.0,20.0,0.028284271524828,113.0,115.0,68,28.0,-23.0,0.41,113.0,4.0
07:31:38,102.36,14.0,124.85,13.0,75.0,18.0,356.0,13.0,22.489999999999995,32.0,26.0,0.1841738309741566,102.36,124.85,58,6.0,-10.0,0.1,111.11,9.0
07:31:41,93.0,9.0,169.0,9.0,82.67,15.0,418.56,9.0,76.0,24.0,18.0,101.22244133590146,93.0,169.0,42,6.0,-5.0,0.14,113.25,4.0
07:31:43,89.0,12.0,378.21,24.0,47.23,44.0,480.63,30.0,289.21,56.0,54.0,96.45971091600892,89.0,378.21,110,2.0,66.0,0.02,104.0,1.0
07:31:44,89.0,5.0,281.79,14.0,67.0,20.0,378.09,11.0,192.79,25.0,25.0,81.98236438405526,89.0,281.79,50,0.0,-60.0,0.0,106.0,1.0
07:31:45,89.0,10.0,334.26,19.0,31.59,22.0,427.59,22.0,245.26,32.0,41.0,56.81090414700344,89.0,334.26,73,-9.0,23.0,-0.12,106.0,
07:31:46,106.32,22.0,223.57,14.0,73.5,16.0,315.98,41.0,117.25,38.0,55.0,52.613067483278456,106.32,223.57,93,-17.0,20.0,-0.18,116.0,1.0
07:31:47,116.0,10.0,127.0,30.0,114.0,30.0,128.0,10.0,11.0,40.0,40.0,43.28196471973069,116.0,127.0,80,0.0,-13.0,0.0,116.0,
07:31:48,114.05,43.0,125.35,34.0,109.21,73.0,126.22,37.0,11.299999999999995,116.0,71.0,40.1218627433973,114.05,125.35,187,45.0,107.0,0.24,116.0,
07:31:49,116.86,49.0,123.56,32.0,111.24,87.0,125.27,33.0,6.700000000000003,136.0,65.0,40.652024918815705,116.86,123.56,201,71.0,14.0,0.35,119.0,4.0
07:31:50,114.0,51.0,121.52,25.0,112.5,20.0,122.8,25.0,7.519999999999996,71.0,50.0,20.23528403556553,114.0,121.52,121,21.0,-80.0,0.17,114.0,1.0
07:31:51,114.0,40.0,119.1,21.0,111.0,8.0,120.47,19.0,5.099999999999994,48.0,40.0,1.977404864971596,114.0,119.1,88,8.0,-33.0,0.09,114.0,
07:31:52,113.43,21.0,115.48,25.0,109.49,37.0,118.79,28.0,2.049999999999997,58.0,53.0,2.3549373664735445,113.43,115.48,111,5.0,23.0,0.05,114.17,6.0
07:31:53,109.93,28.0,112.45,11.0,108.76,55.0,123.43,14.0,2.519999999999996,83.0,25.0,3.415321361162576,109.93,112.45,108,58.0,-3.0,0.54,111.0,1.0
07:31:54,109.0,42.0,115.0,7.0,84.0,7.0,158.14,7.0,6.0,49.0,14.0,2.827463527618605,109.0,115.0,63,35.0,-45.0,0.56,110.25,4.0
07:31:55,109.57,28.0,262.6,10.0,104.25,32.0,468.5,10.0,153.03000000000003,60.0,20.0,32.51043494018518,109.57,262.6,80,40.0,17.0,0.5,110.4,5.0
07:32:00,101.2,20.0,354.67,27.0,89.71,34.0,565.39,33.0,253.47000000000003,54.0,60.0,88.85936416607996,101.2,354.67,114,-6.0,-10.0,-0.05,110.4,
07:32:01,102.86,28.0,107.0,46.0,101.0,20.0,455.38,26.0,4.140000000000001,48.0,72.0,99.2659387705572,102.86,107.0,120,-24.0,6.0,-0.2,105.0,4.0
07:32:02,103.6,20.0,186.19,21.0,90.23,13.0,415.27,22.0,82.59,33.0,43.0,85.7983484689537,103.6,186.19,76,-10.0,-44.0,-0.13,107.5,4.0
07:32:03,104.52,23.0,277.23,39.0,80.15,96.0,384.81,32.0,172.71000000000004,119.0,71.0,74.01658172328693,104.52,277.23,190,48.0,114.0,0.25,107.0,4.0
07:32:04,116.0,14.0,210.08,38.0,108.44,72.0,233.18,40.0,94.08,86.0,78.0,46.46851439415735,116.0,210.08,164,8.0,-26.0,0.05,107.0,
07:32:05,109.0,104.0,184.46,39.0,72.21,165.0,211.15,39.0,75.46000000000001,269.0,78.0,31.26170868650667,109.0,184.46,347,191.0,173.5,0.55,116.0,3.0
07:32:06,109.0,64.0,184.0,24.0,72.09,11.0,341.94,34.0,75.0,75.0,58.0,19.599288252383246,109.0,184.0,133,17.0,-174.5,0.13,116.0,
07:32:12,115.86,65.0,165.64,42.0,113.4,53.0,166.29,21.0,49.77999999999999,118.0,63.0,3.4216545705266697,115.86,165.64,181,55.0,67.0,0.3,119.0,5.0
07:32:13,115.34,44.0,161.88,40.0,114.0,24.0,163.0,8.0,46.53999999999999,68.0,48.0,4.10306958264245,115.34,161.88,116,20.0,-65.0,0.17,115.0,2.0
07:32:14,115.86,86.0,158.26,38.0,113.86,56.0,158.65,60.0,42.39999999999999,142.0,98.0,4.054112726603132,115.86,158.26,240,44.0,124.0,0.18,116.0,5.0
07:32:15,114.75,12.0,153.7,20.0,113.24,37.0,156.0,10.0,38.94999999999999,49.0,30.0,3.914275156399369,114.75,153.7,79,19.0,-161.0,0.24,115.0,3.0
07:32:16,114.0,18.0,148.27,30.0,113.0,56.0,148.87,38.0,34.27000000000001,74.0,68.0,3.7668594345960313,114.0,148.27,142,6.0,63.0,0.04,115.0,
07:32:17,114.0,24.0,144.17,24.0,113.0,32.0,144.48,25.0,30.169999999999987,56.0,49.0,3.971945367197928,114.0,144.17,105,7.0,-37.0,0.07,115.0,
07:32:18,114.0,30.0,141.56,18.0,113.0,36.0,142.48,33.0,27.56,66.0,51.0,3.792002109704725,114.0,141.56,117,15.0,12.0,0.13,115.0,
07:32:23,115.67,21.0,119.7,50.0,113.17,36.0,344.62,21.0,4.030000000000001,57.0,71.0,3.758845567458899,115.67,119.7,128,-14.0,44.0,-0.11,119.0,3.0
07:32:24,114.0,12.0,119.0,30.0,113.0,24.0,344.4,15.0,5.0,36.0,45.0,3.1557376316806707,114.0,119.0,81,-9.0,-47.0,-0.11,119.0,
07:32:25,114.29,14.0,117.89,45.0,113.29,28.0,176.0,18.0,3.5999999999999943,42.0,63.0,2.504971057718157,114.29,117.89,105,-21.0,24.0,-0.2,119.0,
07:32:26,114.14,7.0,116.0,29.0,113.04,25.0,383.86,14.0,1.8599999999999997,32.0,43.0,1.8482342925088584,114.14,116.0,75,-11.0,-30.0,-0.15,114.0,4.0
07:32:27,113.36,22.0,115.44,36.0,112.16,25.0,351.0,18.0,2.0799999999999983,47.0,54.0,1.2739583980671387,113.36,115.44,101,-7.0,26.0,-0.07,114.0,
07:32:28,113.57,14.0,116.71,14.0,112.31,13.0,403.94,17.0,3.140000000000001,27.0,31.0,0.8447780773705178,113.57,116.71,58,-4.0,-43.0,-0.07,114.0,4.0
07:32:29,113.47,19.0,411.0,24.0,112.08,26.0,556.07,30.0,297.53,45.0,54.0,65.77222339255381,113.46999999999998,411.0,99,-9.0,41.0,-0.09,114.0,
07:32:30,116.0,13.0,226.75,32.0,113.0,14.0,420.45,31.0,110.75,27.0,63.0,64.41703951595417,116.0,226.75,90,-36.0,-9.0,-0.4,116.0,2.0
07:32:31,116.0,9.0,156.11,18.0,113.0,18.0,158.0,36.0,40.110000000000014,27.0,54.0,61.73998607061717,116.0,156.11,81,-27.0,-9.0,-0.33,116.0,
07:32:32,117.29,7.0,154.43,14.0,113.82,11.0,158.0,28.0,37.14,18.0,42.0,58.449277839850176,117.29,154.43,60,-24.0,-21.0,-0.4,116.0,
07:32:33,112.0,30.0,153.54,26.0,111.0,40.0,185.29,34.0,41.53999999999999,70.0,60.0,55.195848756949104,112.0,153.54,130,10.0,70.0,0.08,115.25,4.0
07:32:34,112.0,31.0,153.0,52.0,109.91,110.0,154.0,26.0,41.0,141.0,78.0,16.667344719540754,112.0,153.0,219,63.0,89.0,0.29,112.0,2.0
07:32:35,111.07,60.0,151.88,32.0,109.35,102.0,152.91,22.0,40.81,162.0,54.0,2.0921209334080784,111.07,151.88,216,108.0,-3.0,0.5,111.33,3.0
07:32:36,116.0,13.0,150.44,36.0,112.14,37.0,152.0,18.0,34.44,50.0,54.0,1.6383925048669996,116.0,150.44,104,-4.0,-112.0,-0.04,115.0,3.0
07:32:37,113.0,9.0,148.58,24.0,111.0,72.0,149.5,20.0,35.58000000000001,81.0,44.0,0.995464715599944,113.0,148.58,125,37.0,21.0,0.3,111.67,3.0
07:32:38,111.0,42.0,131.33,18.0,109.0,49.0,145.0,14.0,20.330000000000013,91.0,32.0,4.930207906367107,111.0,131.33,123,59.0,-2.0,0.48,111.67,
07:32:39,111.0,88.0,141.73,44.0,109.0,105.0,143.6,30.0,30.72999999999999,193.0,74.0,4.863123481879198,111.0,141.73,267,119.0,144.0,0.45,111.0,2.0
07:32:40,111.33,27.0,138.04,46.0,109.92,78.0,138.67,42.0,26.709999999999997,105.0,88.0,4.808443615142531,111.33,138.04,193,17.0,-74.0,0.09,111.25,4.0
07:32:41,113.78,32.0,132.94,36.0,110.7,23.0,135.0,36.0,19.16,55.0,72.0,3.62121940787978,113.78,132.94,127,-17.0,-66.0,-0.13,111.25,
07:32:42,111.83,18.0,129.47,38.0,109.04,93.0,130.46,50.0,17.64,111.0,88.0,2.389776140144808,111.83,129.47,199,23.0,72.0,0.12,114.0,1.0
07:32:43,114.0,56.0,124.95,39.0,111.0,14.0,125.92,39.0,10.950000000000005,70.0,78.0,2.837891823168291,114.0,124.95,148,-8.0,-51.0,-0.05,114.0,1.0
07:32:44,114.36,44.0,119.19,37.0,112.5,24.0,121.44,41.0,4.829999999999998,68.0,78.0,3.140740358578789,114.36,119.19,146,-10.0,-2.0,-0.07,116.0,2.0
07:32:45,115.67,27.0,121.33,36.0,112.2,15.0,156.16,38.0,5.659999999999997,42.0,74.0,2.464948275320549,115.67,121.33,116,-32.0,-30.0,-0.28,114.67,3.0
07:32:46,116.22,54.0,121.17,53.0,112.89,57.0,123.38,55.0,4.950000000000003,111.0,108.0,1.41860847311929,116.22,121.17,219,3.0,103.0,0.01,119.0,3.0
07:32:47,114.0,60.0,116.8,40.0,111.0,50.0,118.0,40.0,2.799999999999997,110.0,80.0,1.6496060135698831,114.0,116.8,190,30.0,-29.0,0.16,119.0,
07:32:48,113.42,52.0,115.45,44.0,110.76,51.0,123.94,34.0,2.030000000000001,103.0,78.0,1.8723995300165053,113.42,115.45,181,25.0,-9.0,0.14,114.0,6.0
07:32:49,111.0,40.0,113.5,32.0,109.0,24.0,150.5,16.0,2.5,64.0,48.0,2.7520574121929418,111.0,113.5,112,16.0,-69.0,0.14,114.0,
07:32:50,111.0,26.0,112.0,19.0,109.0,18.0,381.4,15.0,1.0,44.0,34.0,2.8507577939920186,111.0,112.0,78,10.0,-34.0,0.13,111.5,2.0
07:32:51,111.0,6.0,225.33,9.0,109.0,9.0,510.0,7.0,114.33,15.0,16.0,24.54605609868936,111.0,225.33,31,-1.0,-47.0,-0.03,111.0,3.0
07:32:52,109.33,12.0,217.11,27.0,69.48,31.0,370.0,18.0,107.78000000000002,43.0,45.0,29.082933655324467,109.33,217.11,88,-2.0,57.0,-0.02,110.0,2.0
07:32:53,109.0,18.0,208.89,27.0,79.57,46.0,407.85,27.0,99.89,64.0,54.0,28.434592137043285,109.0,208.89,118,10.0,30.0,0.08,110.0,
07:32:54,110.18,22.0,174.2,15.0,104.88,25.0,242.62,26.0,64.01999999999998,47.0,41.0,23.026804598120066,110.18,174.2,88,6.0,-30.0,0.07,110.0,
07:32:55,116.0,8.0,196.39,23.0,110.75,20.0,205.3,10.0,80.38999999999999,28.0,33.0,9.80343460221991,116.0,196.39,61,-5.0,-27.0,-0.08,110.0,
07:32:56,111.27,11.0,198.95,22.0,99.1,21.0,205.3,10.0,87.67999999999999,32.0,32.0,7.882783137953431,111.27,198.95,64,0.0,3.0,0.0,114.5,2.0
07:32:57,90.52,29.0,195.89,9.0,44.33,30.0,199.0,27.0,105.37,59.0,36.0,7.831824180866381,90.52,195.89,95,23.0,31.0,0.24,109.67,3.0
07:32:58,87.37,49.0,114.14,14.0,45.6,45.0,187.0,34.0,26.77,94.0,48.0,22.60683237430677,87.37,114.14,142,46.0,47.0,0.32,111.0,3.0
07:32:59,112.0,27.0,113.0,9.0,96.79,38.0,414.71,28.0,1.0,65.0,37.0,25.442411049269783,112.0,113.0,102,28.0,-40.0,0.27,111.0,
07:33:01,112.0,12.0,416.33,24.0,110.0,18.0,584.05,19.0,304.33,30.0,43.0,84.91514646987308,112.0,416.33,73,-13.0,-48.0,-0.18,111.0,
07:33:02,112.0,26.0,251.19,31.0,110.0,39.0,314.56,45.0,139.19,65.0,76.0,82.49173352524481,112.0,251.19,141,-11.0,68.0,-0.08,111.0,
07:33:03,111.9,29.0,136.33,36.0,105.06,34.0,248.58,24.0,24.430000000000007,63.0,60.0,76.82941396366367,111.9,136.33,123,3.0,-18.0,0.02,110.8,5.0
07:33:04,117.09,23.0,171.62,13.0,110.94,31.0,188.4,15.0,54.53,54.0,28.0,69.56269725937888,117.09,171.62,82,26.0,-41.0,0.32,110.8,
07:33:05,111.0,12.0,168.1,10.0,109.0,4.0,169.25,4.0,57.1,16.0,14.0,56.32652199452756,111.0,168.1,30,2.0,-52.0,0.07,110.8,
07:33:06,111.0,33.0,168.0,33.0,109.0,11.0,169.0,11.0,57.0,44.0,44.0,21.406474955022283,111.0,168.0,88,0.0,58.0,0.0,110.8,
07:33:07,110.94,34.0,167.2,35.0,109.76,33.0,168.29,17.0,56.25999999999999,67.0,52.0,7.692735534255443,110.94,167.2,119,15.0,31.0,0.13,110.5,6.0
07:33:08,113.0,32.0,163.61,28.0,109.86,28.0,165.5,36.0,50.610000000000014,60.0,64.0,2.3985057848578,113.0,163.61,124,-4.0,5.0,-0.03,110.5,
07:33:09,111.94,34.0,159.24,34.0,109.44,18.0,159.7,40.0,47.30000000000001,52.0,74.0,1.6498090798623648,111.94,159.24,126,-22.0,2.0,-0.17,114.0,2.0
07:33:10,115.26,46.0,155.8,35.0,112.96,23.0,156.89,18.0,40.540000000000006,69.0,53.0,1.9095732507542789,115.26,155.8,122,16.0,-4.0,0.13,115.0,1.0
07:33:11,115.41,17.0,148.62,13.0,111.5,16.0,154.47,17.0,33.21000000000001,33.0,30.0,2.782714502063802,115.41,148.62,63,3.0,-59.0,0.05,116.0,2.0
07:33:12,114.0,14.0,131.14,14.0,110.0,28.0,132.76,34.0,17.139999999999986,42.0,48.0,6.139299634322789,114.0,131.14,90,-6.0,27.0,-0.07,116.0,
07:33:13,111.33,12.0,126.32,31.0,109.5,16.0,127.2,20.0,14.989999999999997,28.0,51.0,7.743686460594559,111.33,126.32,79,-23.0,-11.0,-0.29,112.0,2.0
07:33:14,110.0,13.0,122.56,27.0,109.0,13.0,123.19,21.0,12.560000000000002,26.0,48.0,8.366951655172565,110.0,122.56,74,-22.0,-5.0,-0.3,112.0,
07:33:15,112.0,8.0,117.86,7.0,110.0,4.0,118.58,12.0,5.859999999999999,12.0,19.0,6.84631871884404,112.0,117.86,31,-7.0,-43.0,-0.23,112.0,
07:33:16,112.0,29.0,114.33,30.0,110.0,15.0,115.58,26.0,2.3299999999999983,44.0,56.0,3.664843789303159,112.0,114.33,100,-12.0,69.0,-0.12,112.8,5.0
07:33:17,112.0,9.0,113.43,21.0,111.0,9.0,117.0,9.0,1.4300000000000068,18.0,30.0,2.486760945485869,112.0,113.43,48,-12.0,-52.0,-0.25,113.0,2.0
07:33:18,111.09,11.0,287.0,23.0,109.18,11.0,355.17,36.0,175.91,22.0,59.0,37.94041011902739,111.09,287.0,81,-37.0,33.0,-0.46,114.5,2.0
07:33:30,114.2,75.0,128.77,26.0,113.23,13.0,130.16,38.0,14.570000000000007,88.0,64.0,43.95428045139628,114.2,128.77,152,24.0,-31.0,0.16,117.4,5.0
07:33:31,114.0,54.0,125.33,18.0,113.0,9.0,126.56,18.0,11.329999999999998,63.0,36.0,33.31341366476866,114.0,125.33,99,27.0,-53.0,0.27,117.4,
07:33:32,114.48,31.0,123.4,20.0,113.5,10.0,124.6,20.0,8.920000000000002,41.0,40.0,15.609827993927215,114.48,123.4,81,1.0,-18.0,0.01,114.0,5.0
07:33:33,116.0,30.0,119.5,20.0,114.0,10.0,121.0,20.0,3.5,40.0,40.0,2.686441884722838,116.0,119.5,80,0.0,-1.0,0.0,114.0,
07:33:34,116.0,36.0,118.32,31.0,114.0,11.0,122.11,37.0,2.319999999999993,47.0,68.0,1.699338106438235,116.0,118.32,115,-21.0,35.0,-0.18,118.0,2.0
07:33:35,112.38,40.0,115.56,70.0,111.44,45.0,117.15,40.0,3.180000000000007,85.0,110.0,2.2034904129569037,112.38,115.56,195,-25.0,80.0,-0.13,114.38,8.0
07:33:36,112.0,49.0,113.61,41.0,111.0,52.0,114.2,50.0,1.6099999999999994,101.0,91.0,2.614178647298786,112.0,113.61,192,10.0,-3.0,0.05,112.0,1.0
07:33:37,112.0,14.0,113.89,62.0,111.0,49.0,357.4,30.0,1.8900000000000008,63.0,92.0,2.3634572134889296,112.0,113.89,155,-29.0,-37.0,-0.19,112.67,6.0
07:33:38,111.56,16.0,152.08,13.0,110.83,60.0,230.87,30.0,40.52000000000001,76.0,43.0,8.065966774044695,111.56,152.08,119,33.0,-36.0,0.28,112.0,1.0
07:33:39,111.0,49.0,200.0,28.0,109.0,35.0,271.5,24.0,89.0,84.0,52.0,18.653972231136013,111.0,200.0,136,32.0,17.0,0.24,112.0,
07:33:40,111.0,47.0,289.93,30.0,93.98,49.0,429.14,28.0,178.93,96.0,58.0,36.73981056020831,111.0,289.93,154,38.0,18.0,0.25,111.0,3.0
07:33:41,110.74,23.0,357.86,14.0,74.69,26.0,526.0,14.0,247.12,49.0,28.0,49.85453018533016,110.74,357.86,77,21.0,-77.0,0.27,111.0,4.0
07:33:42,111.0,45.0,278.42,24.0,109.0,9.0,391.0,20.0,167.42000000000002,54.0,44.0,40.15286228900745,111.0,278.42,98,10.0,21.0,0.1,111.0,
07:33:43,111.0,29.0,327.0,28.0,109.0,7.0,375.0,14.0,216.0,36.0,42.0,29.76061541702384,111.0,327.0,78,-6.0,-20.0,-0.08,111.0,1.0
07:33:44,111.0,36.0,387.89,36.0,109.0,13.0,470.48,42.0,276.89,49.0,78.0,22.87106971700268,111.0,387.89,127,-29.0,49.0,-0.23,111.0,3.0
07:33:45,111.0,11.0,267.57,49.0,109.0,11.0,467.08,26.0,156.57,22.0,75.0,25.591630858544303,111.0,267.57,97,-53.0,-30.0,-0.55,111.0,
07:33:46,111.0,6.0,239.0,14.0,109.0,6.0,347.52,21.0,128.0,12.0,35.0,29.250688367968323,111.0,239.0,47,-23.0,-50.0,-0.49,111.0,
07:33:47,112.08,36.0,278.27,30.0,111.0,12.0,403.6,47.0,166.19,48.0,77.0,29.209008028346283,112.08,278.2699999999999,125,-29.0,78.0,-0.23,111.0,
07:33:52,116.31,29.0,240.38,42.0,114.07,81.0,290.37,54.0,124.07,110.0,96.0,25.91248733718937,116.31,240.38,206,14.0,80.0,0.07,118.25,4.0
07:33:53,116.0,4.0,232.0,6.0,114.0,12.0,234.0,4.0,116.0,16.0,10.0,24.897349256497154,116.0,232.0,26,6.0,-174.5,0.23,118.25,
07:33:54,116.0,20.0,219.62,34.0,114.0,60.0,232.17,36.0,103.62,80.0,70.0,14.708833060443636,116.0,219.62,150,10.0,124.0,0.07,118.25,
07:33:55,114.8,30.0,217.56,25.0,113.57,63.0,323.98,43.0,102.76,93.0,68.0,9.443461759333784,114.8,217.56,161,25.0,11.0,0.16,116.0,2.0
07:33:56,114.0,48.0,161.25,12.0,113.0,72.0,216.5,16.0,47.25,120.0,28.0,15.952735502101191,114.0,161.25,148,92.0,-13.0,0.62,116.0,
07:33:57,114.0,52.0,131.86,21.0,113.0,73.0,132.9,20.0,17.860000000000014,125.0,41.0,22.205244200413567,114.0,131.86,166,84.0,18.0,0.51,114.0,1.0
07:33:58,115.1,111.0,127.56,41.0,113.36,125.0,128.31,55.0,12.460000000000008,236.0,96.0,22.66073321849938,115.09999999999998,127.56,332,140.0,166.0,0.42,116.0,4.0
07:33:59,116.0,84.0,121.61,18.0,114.0,156.0,124.1,30.0,5.609999999999999,240.0,48.0,19.751628540452103,116.0,121.61,288,192.0,-44.0,0.67,116.0,
07:34:00,116.0,70.0,118.54,26.0,114.0,130.0,119.85,26.0,2.5400000000000063,200.0,52.0,8.142095553357413,116.0,118.54,252,148.0,-36.0,0.59,116.0,
07:34:01,116.0,29.0,117.0,24.0,114.0,104.0,118.0,40.0,1.0,133.0,64.0,2.7145754732559606,116.0,117.0,197,69.0,-55.0,0.35,116.0,4.0
07:34:02,114.05,114.0,116.7,30.0,112.96,48.0,158.0,16.0,2.6500000000000057,162.0,46.0,2.307134586451966,114.05,116.7,208,116.0,11.0,0.56,115.0,6.0
07:34:03,114.0,110.0,115.72,29.0,112.45,33.0,188.42,19.0,1.7199999999999989,143.0,48.0,1.5694362045024166,114.0,115.72,191,95.0,-17.0,0.5,115.0,
07:34:04,114.0,80.0,115.75,16.0,113.0,24.0,209.41,17.0,1.75,104.0,33.0,1.0671082419337747,114.0,115.75,137,71.0,-54.0,0.52,115.33,3.0
07:34:05,114.0,80.0,115.5,16.0,113.0,24.0,151.55,31.0,1.5,104.0,47.0,0.7272413629621352,114.0,115.5,151,57.0,14.0,0.38,115.33,
07:34:06,114.0,76.0,115.0,20.0,113.0,30.0,169.14,35.0,1.0,106.0,55.0,0.3207491231524254,114.0,115.0,161,51.0,10.0,0.32,114.0,3.0
07:34:07,114.0,77.0,115.0,22.0,113.0,33.0,118.0,22.0,1.0,110.0,44.0,0.1874033084101279,114.0,115.0,154,66.0,-7.0,0.43,114.0,
07:34:08,114.0,30.0,208.67,9.0,113.0,18.0,337.12,8.0,94.67,48.0,17.0,20.873221361352037,114.0,208.67,65,31.0,-89.0,0.48,115.33,3.0
07:34:09,114.0,55.0,333.56,18.0,113.0,33.0,443.38,13.0,219.56,88.0,31.0,48.076865226426754,114.0,333.56,119,57.0,54.0,0.48,115.33,
07:34:10,114.0,111.0,366.11,37.0,113.0,45.0,402.48,23.0,252.11,156.0,60.0,59.22731354704518,114.0,366.11,216,96.0,97.0,0.44,114.0,5.0
07:34:11,114.0,36.0,250.75,24.0,113.0,27.0,284.31,16.0,136.75,63.0,40.0,50.17474932672808,114.0,250.75,103,23.0,-113.0,0.22,114.0,
07:34:12,113.69,35.0,233.0,33.0,112.55,33.0,298.47,17.0,119.31,68.0,50.0,33.9594056190623,113.69,233.0,118,18.0,15.0,0.15,113.8,5.0
07:34:13,113.0,18.0,231.66,29.0,112.0,27.0,322.06,18.0,118.66,45.0,47.0,31.39726468977831,113.0,231.66000000000005,92,-2.0,-26.0,-0.02,113.8,
07:34:14,113.58,38.0,228.59,32.0,112.14,28.0,230.06,48.0,115.01,66.0,80.0,29.525701854486037,113.58,228.59,146,-14.0,54.0,-0.1,113.8,
07:34:15,114.0,132.0,224.38,42.0,113.0,24.0,225.57,54.0,110.38,156.0,96.0,5.111147620642516,114.0,224.38,252,60.0,106.0,0.24,113.8,
07:34:16,114.0,154.0,195.78,58.0,113.0,28.0,219.67,48.0,81.78,182.0,106.0,7.582210759402554,114.0,195.78,288,76.0,36.0,0.26,113.8,
07:34:17,114.0,154.0,153.48,48.0,113.0,28.0,175.42,38.0,39.47999999999999,182.0,86.0,16.392569048199846,114.0,153.48,268,96.0,-20.0,0.36,113.8,
07:34:18,114.0,130.0,149.57,46.0,113.0,28.0,151.33,36.0,35.56999999999999,158.0,82.0,18.7780262541088,114.0,149.57,240,76.0,-28.0,0.32,114.0,2.0
07:34:19,114.47,64.0,140.15,47.0,113.91,86.0,145.94,31.0,25.680000000000007,150.0,78.0,17.919058848053364,114.47,140.15,228,72.0,-12.0,0.32,114.0,2.0
07:34:20,115.13,121.0,122.75,85.0,113.99,404.0,129.28,50.0,7.620000000000003,525.0,135.0,13.329635028762029,115.13,122.75,660,390.0,173.5,0.59,116.0,5.0
07:34:21,114.59,371.0,119.31,80.0,113.87,169.0,120.44,64.0,4.719999999999999,540.0,144.0,7.524136495306273,114.59,119.31,684,396.0,24.0,0.58,114.67,6.0
07:34:22,116.0,109.0,117.62,40.0,114.0,210.0,231.79,39.0,1.6200000000000043,319.0,79.0,6.8008433300583935,116.0,117.62,398,240.0,-174.5,0.6,116.0,5.0
07:34:23,116.0,54.0,117.83,30.0,114.0,126.0,333.0,24.0,1.8299999999999983,180.0,54.0,4.517735051992285,116.0,117.83,234,126.0,-164.0,0.54,116.0,
07:34:24,116.0,148.0,117.0,60.0,114.0,252.0,397.58,48.0,1.0,400.0,108.0,0.975669001249767,116.0,117.0,508,292.0,173.5,0.57,116.0,
07:34:26,116.0,57.0,133.0,36.0,114.0,168.0,237.67,36.0,17.0,225.0,72.0,68.70166009639067,116.0,133.0,297,153.0,-59.0,0.52,116.0,
07:34:27,116.0,26.0,182.75,56.0,114.0,258.0,229.4,48.0,66.75,284.0,104.0,66.34635996043791,116.0,182.75,388,180.0,91.0,0.46,116.0,2.0
07:34:28,114.52,93.0,137.98,46.0,113.85,298.0,153.64,50.0,23.459999999999997,391.0,96.0,65.09594611033776,114.51999999999998,137.98,487,295.0,99.0,0.61,116.0,2.0
07:34:29,114.09,188.0,135.05,63.0,113.41,227.0,137.27,37.0,20.960000000000008,415.0,100.0,63.90667750712752,114.09,135.05,515,315.0,28.0,0.61,114.8,5.0
07:34:30,114.0,220.0,133.45,55.0,113.0,165.0,136.0,33.0,19.44999999999999,385.0,88.0,11.047643640161272,114.0,133.45,473,297.0,-42.0,0.63,114.8,
07:34:31,114.0,150.0,128.44,32.0,113.0,180.0,130.28,40.0,14.439999999999998,330.0,72.0,11.519858940108412,114.0,128.44,402,258.0,-71.0,0.64,114.8,
07:34:32,114.0,51.0,124.67,42.0,113.0,150.0,126.96,24.0,10.670000000000002,201.0,66.0,2.747526160020208,114.0,124.67,267,135.0,-135.0,0.51,114.8,
07:34:33,114.0,66.0,120.49,35.0,113.0,165.0,120.94,33.0,6.489999999999995,231.0,68.0,3.038711898156071,114.0,120.49,299,163.0,32.0,0.55,114.8,
07:34:34,114.0,72.0,116.33,43.0,113.0,225.0,118.02,45.0,2.3299999999999983,297.0,88.0,3.342488593846681,114.0,116.32999999999998,385,209.0,86.0,0.54,114.0,3.0
07:34:35,113.53,60.0,115.0,85.0,112.99,227.0,130.82,17.0,1.4699999999999989,287.0,102.0,2.8787028328736874,113.53,115.0,389,185.0,4.0,0.48,113.75,4.0
07:34:36,113.0,112.0,114.49,39.0,112.0,8.0,117.0,20.0,1.4899999999999949,120.0,59.0,2.314037596927681,113.0,114.49,179,61.0,-174.5,0.34,113.4,5.0
07:34:37,113.0,90.0,116.67,33.0,112.0,13.0,252.31,39.0,3.6700000000000017,103.0,72.0,1.3398768600116675,113.0,116.67,175,31.0,-4.0,0.18,113.0,5.0
07:34:38,113.5,20.0,125.0,8.0,112.94,32.0,241.25,24.0,11.5,52.0,32.0,2.1923161268381866,113.5,125.0,84,20.0,-91.0,0.24,114.0,2.0
07:34:39,114.0,6.0,183.12,8.0,113.0,30.0,364.5,20.0,69.12,36.0,28.0,14.935703866908838,114.0,183.12,64,8.0,-20.0,0.12,114.0,
07:34:41,113.92,66.0,177.0,55.0,112.98,51.0,291.82,33.0,63.08,117.0,88.0,23.775956973379596,113.92,177.0,205,29.0,73.0,0.14,114.0,4.0
07:34:42,114.61,98.0,210.97,71.0,113.2,88.0,360.85,61.0,96.36,186.0,132.0,20.39834723696993,114.61,210.97,318,54.0,113.0,0.17,119.0,4.0
07:34:43,114.11,37.0,408.0,7.0,113.14,35.0,505.57,35.0,293.89,72.0,42.0,47.63990312752538,114.11,408.0,114,30.0,-174.5,0.26,114.0,1.0
07:34:44,115.18,44.0,162.7,44.0,114.0,55.0,181.82,44.0,47.51999999999998,99.0,88.0,49.30091206052889,115.18,162.7,187,11.0,73.0,0.06,114.0,
07:34:45,116.0,16.0,128.0,16.0,114.0,20.0,189.0,20.0,12.0,36.0,36.0,55.07932978895079,116.0,128.0,72,0.0,-115.0,0.0,114.0,
07:34:46,116.0,20.0,128.0,40.0,114.0,50.0,191.4,50.0,12.0,70.0,90.0,58.18336643749655,116.0,128.0,160,-20.0,88.0,-0.12,116.0,2.0
07:34:47,116.0,12.0,128.0,36.0,114.0,45.0,293.9,41.0,12.0,57.0,77.0,60.73567748860631,116.0,128.0,134,-20.0,-26.0,-0.15,116.0,1.0
07:34:48,116.0,10.0,126.6,40.0,114.0,50.0,375.0,30.0,10.599999999999994,60.0,70.0,7.660060051983473,116.0,126.6,130,-10.0,-4.0,-0.08,116.0,
07:34:52,114.38,26.0,121.0,28.0,113.1,31.0,124.0,28.0,6.6200000000000045,57.0,56.0,1.6752552044366706,114.38,121.0,113,1.0,25.0,0.01,117.0,4.0
07:34:53,114.0,44.0,120.18,44.0,113.0,55.0,124.0,44.0,6.180000000000007,99.0,88.0,2.1730232396345865,114.0,120.18,187,11.0,74.0,0.06,117.0,
07:34:54,113.66,35.0,119.3,40.0,112.91,33.0,124.0,40.0,5.640000000000001,68.0,80.0,2.150541792198374,113.66,119.3,148,-12.0,-39.0,-0.08,113.8,5.0
07:34:55,114.0,36.0,117.86,51.0,112.89,36.0,120.18,49.0,3.86,72.0,100.0,1.7322615275966846,114.0,117.86,172,-28.0,24.0,-0.16,113.8,
07:34:56,113.64,33.0,115.4,40.0,112.9,31.0,116.74,47.0,1.7600000000000051,64.0,87.0,1.2129591913957276,113.64,115.4,151,-23.0,-21.0,-0.15,114.0,3.0
07:34:57,112.73,22.0,114.61,33.0,111.05,66.0,181.11,45.0,1.8799999999999957,88.0,78.0,1.412044616855716,112.73,114.61,166,10.0,15.0,0.06,113.0,4.0
07:34:58,111.04,75.0,114.34,35.0,110.54,35.0,213.97,35.0,3.299999999999997,110.0,70.0,1.5657170881072402,111.04,114.34,180,40.0,14.0,0.22,113.25,8.0
07:34:59,111.0,90.0,115.0,30.0,109.0,10.0,256.0,30.0,4.0,100.0,60.0,1.3050938663524818,111.0,115.0,160,40.0,-20.0,0.25,113.25,
07:35:00,111.0,96.0,113.68,31.0,109.0,13.0,263.22,37.0,2.680000000000007,109.0,68.0,0.8650606915070835,111.0,113.68,177,41.0,17.0,0.23,113.0,2.0
07:35:01,94.0,38.0,242.92,13.0,69.12,16.0,550.14,14.0,148.92,54.0,27.0,24.84082868988056,94.0,242.92,81,27.0,-96.0,0.33,110.75,4.0
07:35:02,114.0,70.0,307.73,30.0,93.8,40.0,414.53,47.0,193.73,110.0,77.0,44.7553524173366,114.0,307.7300000000001,187,33.0,106.0,0.18,110.75,
07:35:03,114.0,18.0,265.77,26.0,111.0,36.0,299.19,32.0,151.76999999999998,54.0,58.0,44.795864764507,114.0,265.77,112,-4.0,-75.0,-0.04,114.0,5.0
07:35:04,113.08,26.0,255.1,20.0,107.91,44.0,303.73,37.0,142.01999999999998,70.0,57.0,37.22305965392962,113.08,255.1,127,13.0,15.0,0.1,114.0,2.0
07:35:05,111.0,28.0,216.0,19.0,91.0,14.0,239.33,21.0,105.0,42.0,40.0,18.81670135810222,111.0,216.0,82,2.0,-45.0,0.02,114.0,
07:35:06,112.88,64.0,207.84,38.0,102.43,28.0,256.16,31.0,94.96,92.0,69.0,20.67692554515795,112.88,207.84,161,23.0,79.0,0.14,114.0,
07:35:07,114.0,80.0,206.69,26.0,111.0,32.0,207.8,30.0,92.69,112.0,56.0,14.218492536130636,114.0,206.69,168,56.0,7.0,0.33,114.0,
07:35:08,114.0,55.0,205.21,19.0,111.0,44.0,206.13,23.0,91.21,99.0,42.0,10.454528683781056,114.0,205.21,141,57.0,-27.0,0.4,114.0,5.0
07:35:09,114.0,69.0,202.0,31.0,111.0,81.0,203.56,32.0,88.0,150.0,63.0,1.9994824330309,114.0,202.0,213,87.0,72.0,0.41,114.0,
07:35:10,114.0,105.0,191.0,32.0,111.0,81.0,200.0,33.0,77.0,186.0,65.0,3.3090678445747144,114.0,191.0,251,121.0,38.0,0.48,114.0,
07:35:11,114.0,117.0,194.43,40.0,111.0,99.0,199.13,38.0,80.43,216.0,78.0,3.42953786974249,114.0,194.43,294,138.0,43.0,0.47,114.0,5.0
07:35:12,114.0,84.0,196.0,48.0,111.0,68.0,198.0,36.0,82.0,152.0,84.0,2.8893649821366414,114.0,196.0,236,68.0,-58.0,0.29,114.0,
07:35:13,114.0,55.0,178.54,41.0,111.0,55.0,183.39,38.0,64.53999999999999,110.0,79.0,4.3535881752867445,114.0,178.54,189,31.0,-47.0,0.16,114.0,4.0
07:35:25,116.29,102.0,127.58,57.0,115.37,70.0,129.11,79.0,11.289999999999992,172.0,136.0,5.183097529469033,116.29,127.57999999999998,308,36.0,24.0,0.12,116.3,10.0
07:35:28,116.46,59.0,118.96,56.0,114.86,35.0,120.29,58.0,2.5,94.0,114.0,2.487488693438734,116.46,118.96,208,-20.0,-8.0,-0.1,119.0,3.0
07:35:29,115.43,28.0,117.71,34.0,113.67,12.0,242.0,30.0,2.279999999999987,40.0,64.0,2.4373202497794244,115.43,117.71,104,-24.0,-104.0,-0.23,116.0,5.0
07:35:30,114.0,22.0,116.09,44.0,113.0,23.0,211.89,27.0,2.0900000000000034,45.0,71.0,2.7756746927520632,114.0,116.09,116,-26.0,12.0,-0.22,116.0,
07:35:31,113.76,21.0,115.78,36.0,112.91,44.0,144.49,43.0,2.019999999999996,65.0,79.0,2.31285970175099,113.76,115.78,144,-14.0,28.0,-0.1,114.0,2.0
07:35:32,113.0,19.0,115.38,42.0,112.0,60.0,131.4,55.0,2.3799999999999955,79.0,97.0,1.4453096553967852,113.0,115.38,176,-18.0,32.0,-0.1,114.0,
07:35:33,113.0,9.0,114.06,32.0,112.0,36.0,137.86,21.0,1.0600000000000025,45.0,53.0,1.1378576360787946,113.0,114.06,98,-8.0,-78.0,-0.08,113.5,2.0
07:35:34,111.42,73.0,158.4,30.0,110.81,62.0,338.29,28.0,46.98,135.0,58.0,9.197554022672785,111.42,158.4,193,77.0,95.0,0.4,112.0,4.0
07:35:35,111.36,77.0,326.8,15.0,110.19,47.0,434.5,22.0,215.44,124.0,37.0,45.49847887567224,111.36,326.8,161,87.0,-32.0,0.54,112.0,
07:35:37,113.0,40.0,308.93,28.0,111.0,56.0,583.44,36.0,195.93,96.0,64.0,72.25383539992886,113.0,308.93,160,32.0,32.0,0.2,113.0,4.0
07:35:38,111.55,44.0,156.46,56.0,110.33,24.0,380.78,46.0,44.91000000000001,68.0,102.0,66.90092600256004,111.55,156.46,170,-34.0,10.0,-0.2,111.0,4.0
07:35:39,112.74,76.0,144.96,51.0,110.94,34.0,156.58,57.0,32.22000000000001,110.0,108.0,68.3814961813502,112.74,144.96,218,2.0,48.0,0.01,113.0,4.0
07:35:40,114.0,30.0,118.02,41.0,110.4,30.0,128.72,43.0,4.019999999999996,60.0,84.0,75.38104158208485,114.0,118.02,144,-24.0,-74.0,-0.17,113.0,
07:35:41,114.26,31.0,183.15,41.0,111.37,35.0,261.92,39.0,68.89,66.0,80.0,37.24948362058181,114.26,183.15,146,-14.0,2.0,-0.1,116.0,2.0
07:35:43,114.0,20.0,281.65,26.0,113.0,10.0,331.27,26.0,167.64999999999998,30.0,52.0,66.81225426521698,114.0,281.65,82,-22.0,-7.0,-0.27,116.0,1.0
07:35:44,114.92,26.0,168.84,37.0,113.95,19.0,294.81,48.0,53.92,45.0,85.0,64.82133082558553,114.92,168.84,130,-40.0,48.0,-0.31,116.0,2.0
07:35:45,114.65,20.0,277.0,36.0,113.62,13.0,454.07,29.0,162.35,33.0,65.0,55.191993350485305,114.65,277.0,98,-32.0,-32.0,-0.33,116.0,
07:35:46,116.0,15.0,286.35,17.0,114.0,10.0,517.67,9.0,170.35000000000002,25.0,26.0,49.3794772147298,116.0,286.35,51,-1.0,-47.0,-0.02,116.0,
07:35:47,115.26,19.0,349.07,15.0,113.53,15.0,503.7,37.0,233.81,34.0,52.0,32.565158989324985,115.26,349.07,86,-18.0,35.0,-0.21,115.5,4.0
07:35:48,112.95,20.0,349.0,35.0,111.36,11.0,456.49,35.0,236.05,31.0,70.0,36.70625859441434,112.95,349.0,101,-39.0,15.0,-0.39,112.25,4.0
07:35:49,110.39,23.0,208.8,20.0,108.53,17.0,434.38,32.0,98.41,40.0,52.0,29.86041158457162,110.39,208.8,92,-12.0,-9.0,-0.13,111.0,1.0
07:35:50,109.43,14.0,267.21,34.0,89.71,34.0,422.2,30.0,157.77999999999997,48.0,64.0,30.551050391107967,109.43,267.21,112,-16.0,20.0,-0.14,110.0,3.0
07:35:51,109.0,10.0,234.52,46.0,100.0,40.0,247.21,38.0,125.52,50.0,84.0,33.54246293878874,109.0,234.52,134,-34.0,22.0,-0.25,110.0,
07:35:52,114.68,19.0,225.4,50.0,110.0,20.0,391.0,30.0,110.72,39.0,80.0,28.12830993856565,114.68,225.4,119,-41.0,-15.0,-0.34,110.0,
07:35:53,113.5,24.0,222.33,45.0,111.29,14.0,554.0,27.0,108.83,38.0,72.0,10.482534044781625,113.5,222.33,110,-34.0,-9.0,-0.31,110.0,
07:35:54,114.0,18.0,220.11,45.0,113.0,27.0,475.0,27.0,106.11,45.0,72.0,8.747708271313488,114.0,220.11,117,-27.0,7.0,-0.23,110.0,
07:35:55,114.0,16.0,219.25,40.0,113.0,24.0,415.75,40.0,105.25,40.0,80.0,2.1668871682679804,114.0,219.25,120,-40.0,3.0,-0.33,110.0,
07:35:56,114.0,14.0,218.71,35.0,113.0,21.0,444.29,35.0,104.71,35.0,70.0,1.4870776711402574,114.0,218.71,105,-35.0,-15.0,-0.33,110.0,
07:35:57,114.0,8.0,217.75,20.0,113.0,12.0,493.0,20.0,103.75,20.0,40.0,0.7728648005981263,114.0,217.75,60,-20.0,-45.0,-0.33,110.0,
07:35:58,113.93,28.0,217.0,70.0,112.9,41.0,468.46,26.0,103.07,69.0,96.0,0.6250439984540137,113.93,217.0,165,-27.0,105.0,-0.16,113.67,3.0
07:35:59,115.91,44.0,215.21,70.0,112.14,28.0,229.38,50.0,99.3,72.0,120.0,0.5026728558448982,115.91,215.21,192,-48.0,27.0,-0.25,113.67,
07:36:00,116.75,32.0,169.68,31.0,112.8,20.0,200.5,32.0,52.93000000000001,52.0,63.0,10.11534873348426,116.75,169.68,115,-11.0,-77.0,-0.1,114.67,6.0
07:36:01,115.0,32.0,146.35,62.0,94.61,66.0,146.84,50.0,31.349999999999994,98.0,112.0,16.32652198112014,115.0,146.35,210,-14.0,95.0,-0.07,111.0,1.0
07:36:03,114.15,13.0,141.75,44.0,111.03,37.0,143.38,26.0,27.599999999999994,50.0,70.0,15.52486811538168,114.15,141.75,120,-20.0,12.0,-0.17,119.0,4.0
07:36:04,112.0,12.0,138.07,45.0,111.0,48.0,139.51,39.0,26.069999999999997,60.0,84.0,6.929478335343297,112.0,138.07,144,-24.0,24.0,-0.17,119.0,
07:36:05,112.0,9.0,135.33,30.0,110.43,28.0,135.73,33.0,23.330000000000013,37.0,63.0,3.4789581773845604,112.0,135.33,100,-26.0,-44.0,-0.26,119.0,
07:36:06,109.69,13.0,118.0,40.0,104.73,41.0,119.81,37.0,8.310000000000002,54.0,77.0,6.678463895237436,109.69,118.0,131,-23.0,31.0,-0.18,112.0,1.0
07:36:07,109.35,26.0,115.44,45.0,99.29,45.0,117.33,45.0,6.090000000000003,71.0,90.0,6.997728202780447,109.35,115.44,161,-19.0,30.0,-0.12,112.0,
07:36:08,110.68,25.0,114.06,32.0,109.36,25.0,115.42,53.0,3.3799999999999955,50.0,85.0,6.332707162026991,110.68,114.06,135,-35.0,-26.0,-0.26,112.38,8.0
07:36:09,93.24,17.0,110.91,33.0,75.0,18.0,112.16,38.0,17.67,35.0,71.0,7.660144907244678,93.24,110.91,106,-36.0,-29.0,-0.34,110.0,4.0
07:36:17,91.89,45.0,107.45,29.0,90.0,99.0,117.44,45.0,15.560000000000002,144.0,74.0,100.63948703168158,91.89,107.45,218,70.0,108.0,0.32,104.0,1.0
07:36:18,94.74,65.0,105.65,46.0,92.52,103.0,111.09,55.0,10.91000000000001,168.0,101.0,97.79315124281456,94.74,105.65,269,67.0,51.0,0.25,105.0,3.0
07:36:19,96.35,31.0,105.0,20.0,94.2,49.0,108.0,25.0,8.650000000000006,80.0,45.0,87.50669134414805,96.35,105.0,125,35.0,-144.0,0.28,105.0,
07:36:22,102.79,89.0,108.08,51.0,101.72,100.0,118.46,13.0,5.289999999999992,189.0,64.0,2.084262459476697,102.79000000000002,108.08,253,125.0,-36.0,0.49,108.71,7.0
07:36:23,106.33,49.0,112.0,8.0,105.47,66.0,309.5,8.0,5.670000000000002,115.0,16.0,3.5817970350069177,106.33,112.0,131,99.0,-122.0,0.76,107.0,5.0
07:36:24,107.5,80.0,116.38,8.0,0.0,0.0,330.5,8.0,8.879999999999995,80.0,16.0,4.613624388697565,107.5,116.38,96,64.0,-35.0,0.67,106.67,3.0
07:36:25,109.12,65.0,117.44,25.0,109.0,50.0,250.11,18.0,8.319999999999993,115.0,43.0,4.665825757568074,109.12,117.44,158,72.0,62.0,0.46,106.67,
07:36:26,113.77,52.0,117.0,18.0,112.85,27.0,119.0,6.0,3.230000000000004,79.0,24.0,3.862307600384324,113.77,117.0,103,55.0,-55.0,0.53,106.67,
07:36:27,114.0,100.0,116.6,30.0,113.0,70.0,262.91,11.0,2.5999999999999943,170.0,41.0,2.593322193632561,114.0,116.6,211,129.0,108.0,0.61,117.0,1.0
07:36:28,114.0,39.0,209.26,23.0,113.0,56.0,463.3,23.0,95.26,95.0,46.0,21.360905411522022,114.0,209.26,141,49.0,-70.0,0.35,114.0,7.0
07:36:29,114.0,9.0,413.0,4.0,113.0,28.0,425.44,18.0,299.0,37.0,22.0,64.60575454245544,114.0,413.0,59,15.0,-82.0,0.25,114.0,1.0
07:36:30,113.12,34.0,385.31,13.0,111.97,29.0,429.44,27.0,272.19,63.0,40.0,71.51315494368858,113.12,385.31,103,23.0,44.0,0.22,113.67,3.0
07:36:32,114.0,8.0,382.32,38.0,113.0,48.0,408.75,16.0,268.32,56.0,54.0,44.02984362906626,114.0,382.32,110,2.0,-19.0,0.02,113.67,
07:36:33,113.38,13.0,331.35,31.0,112.67,36.0,414.13,23.0,217.97000000000003,49.0,54.0,18.43938908966429,113.38,331.35,103,-5.0,-7.0,-0.05,113.33,3.0
07:36:34,113.0,28.0,334.67,33.0,111.0,21.0,409.0,30.0,221.67,49.0,63.0,20.02755277112079,113.0,334.67,112,-14.0,9.0,-0.12,113.33,
07:36:35,113.0,28.0,315.71,35.0,111.0,21.0,567.71,35.0,202.71,49.0,70.0,23.06360271076541,113.0,315.71,119,-21.0,7.0,-0.18,113.33,
07:36:36,113.12,32.0,309.73,55.0,111.86,37.0,322.62,52.0,196.61,69.0,107.0,14.468253177216036,113.12,309.73,176,-38.0,57.0,-0.22,113.33,
07:36:37,113.36,14.0,230.38,40.0,112.38,29.0,246.53,34.0,117.02,43.0,74.0,21.282018701242063,113.36,230.38,117,-31.0,-59.0,-0.26,113.5,2.0
07:36:38,113.0,44.0,197.53,43.0,111.0,33.0,237.18,55.0,84.53,77.0,98.0,29.95318714260658,113.0,197.53000000000003,175,-21.0,58.0,-0.12,113.5,
07:36:39,113.0,27.0,192.29,21.0,111.0,61.0,193.91,33.0,79.28999999999999,88.0,54.0,29.951998764690263,113.0,192.29,142,34.0,-33.0,0.24,113.5,
07:36:40,113.0,42.0,150.43,30.0,111.0,112.0,153.98,58.0,37.43000000000001,154.0,88.0,29.82065441937855,113.0,150.43,242,66.0,100.0,0.27,113.5,
07:36:41,111.52,23.0,147.91,11.0,108.82,11.0,150.0,55.0,36.39,34.0,66.0,17.628517521334448,111.52,147.91,100,-32.0,-142.0,-0.32,111.75,8.0
07:36:42,112.98,51.0,144.28,67.0,111.89,36.0,147.74,23.0,31.3,87.0,90.0,13.18749521326898,112.98,144.28,177,-3.0,77.0,-0.02,114.0,5.0
07:36:43,111.5,16.0,142.0,50.0,108.6,10.0,146.0,10.0,30.5,26.0,60.0,10.63376085869857,111.5,142.0,86,-34.0,-91.0,-0.4,114.0,
07:36:44,111.0,12.0,141.29,24.0,108.0,12.0,142.25,48.0,30.289999999999992,24.0,72.0,2.2591215106734728,111.0,141.29,96,-48.0,10.0,-0.5,109.5,2.0
07:36:45,91.97,92.0,137.42,45.0,49.29,69.0,138.9,48.0,45.44999999999999,161.0,93.0,6.0406887024565386,91.97,137.42,254,68.0,158.0,0.27,109.5,
07:36:48,93.27,44.0,111.18,44.0,68.23,57.0,112.15,41.0,17.91000000000001,101.0,85.0,15.553158843141064,93.27,111.18,186,16.0,0.0,0.09,108.0,5.0
07:36:50,93.1,127.0,105.46,39.0,59.05,77.0,108.0,12.0,12.36,204.0,51.0,6.519714717683001,93.1,105.46,255,153.0,71.0,0.6,106.0,1.0
07:36:56,109.0,18.0,184.08,26.0,59.17,36.0,285.18,11.0,75.08000000000001,54.0,37.0,28.012828668307915,109.0,184.08,91,17.0,-12.0,0.19,108.0,9.0
07:36:57,113.0,35.0,226.75,20.0,111.0,14.0,601.8,10.0,113.75,49.0,30.0,38.56890612916034,113.0,226.75,79,19.0,-12.0,0.24,108.0,
07:36:58,113.0,40.0,146.0,40.0,111.0,16.0,292.07,15.0,33.0,56.0,55.0,34.810602120618164,113.0,146.0,111,1.0,32.0,0.01,108.0,
07:36:59,112.96,45.0,155.07,41.0,105.68,25.0,464.31,13.0,42.11,70.0,54.0,28.542743035664763,112.96,155.07,124,16.0,13.0,0.13,112.67,6.0
07:37:00,112.75,40.0,195.4,30.0,99.12,65.0,547.77,26.0,82.65,105.0,56.0,16.19012816502682,112.75,195.4,161,49.0,37.0,0.3,112.0,5.0
07:37:02,115.1,20.0,239.0,24.0,112.6,15.0,312.5,24.0,123.9,35.0,48.0,48.74841658966989,115.1,239.0,83,-13.0,29.0,-0.16,114.4,5.0
07:37:03,116.0,30.0,167.78,18.0,113.0,12.0,259.33,12.0,51.78,42.0,30.0,46.517150385637386,116.0,167.78,72,12.0,-11.0,0.17,114.4,
07:37:04,115.45,33.0,179.0,20.0,112.61,23.0,180.0,20.0,63.55,56.0,40.0,44.18901447192509,115.45,179.0,96,16.0,24.0,0.17,116.0,5.0
07:37:07,104.25,16.0,106.0,38.0,64.0,31.0,178.0,16.0,1.75,47.0,54.0,26.731845615295256,104.25,106.0,101,-7.0,-174.5,-0.07,106.0,2.0
07:37:11,83.43,42.0,259.12,42.0,58.43,28.0,455.43,40.0,175.69,70.0,82.0,36.91445177704765,83.43,259.12,152,-12.0,-174.5,-0.08,106.0,
07:37:15,91.44,27.0,105.75,16.0,90.48,31.0,108.45,22.0,14.310000000000002,58.0,38.0,33.80244813619242,91.44,105.75,96,20.0,-25.0,0.21,102.0,2.0
07:37:16,94.26,39.0,107.0,33.0,92.85,40.0,109.0,44.0,12.739999999999997,79.0,77.0,2.762719674518313,94.26,107.0,156,2.0,60.0,0.01,102.0,
07:37:17,97.71,31.0,107.0,22.0,96.17,36.0,109.0,36.0,9.290000000000006,67.0,58.0,3.3652043028576104,97.71,107.0,125,9.0,-31.0,0.07,107.0,1.0
07:37:18,99.56,27.0,108.85,26.0,98.31,29.0,268.12,34.0,9.289999999999992,56.0,60.0,3.303911318418289,99.56,108.85,116,-4.0,-9.0,-0.03,107.0,2.0
07:37:19,100.1,39.0,109.0,32.0,99.19,26.0,195.75,40.0,8.900000000000006,65.0,72.0,2.4939987971074498,100.1,109.0,137,-7.0,21.0,-0.05,107.0,
07:37:20,105.27,48.0,161.33,60.0,103.08,48.0,181.0,60.0,56.06000000000002,96.0,120.0,13.671244639753075,105.27,161.33,216,-24.0,79.0,-0.11,109.0,4.0
07:37:21,114.19,27.0,165.0,40.0,112.65,26.0,181.0,40.0,50.81,53.0,80.0,18.09184263694501,114.19,165.0,133,-27.0,-83.0,-0.2,114.43,7.0
07:37:22,112.56,27.0,181.44,45.0,107.56,27.0,251.56,41.0,68.88,54.0,86.0,20.087002514063315,112.56,181.44,140,-32.0,7.0,-0.23,114.8,5.0
07:37:23,113.0,18.0,186.67,30.0,112.0,18.0,462.0,30.0,73.66999999999999,36.0,60.0,18.13134661297916,113.0,186.67,96,-24.0,-44.0,-0.25,114.8,
07:37:24,113.0,10.0,300.0,20.0,112.0,12.0,411.0,20.0,187.0,22.0,40.0,29.37277361775701,113.0,300.0,62,-18.0,-34.0,-0.29,113.0,2.0
07:37:25,109.88,8.0,377.17,12.0,112.0,9.0,381.25,40.0,267.29,17.0,52.0,45.64116201412948,109.88,377.17,69,-35.0,7.0,-0.51,112.0,5.0
07:37:26,113.0,40.0,269.0,8.0,108.0,8.0,468.79,28.0,156.0,48.0,36.0,40.53006538361395,113.0,269.0,84,12.0,15.0,0.14,112.0,
07:37:27,114.05,63.0,181.11,19.0,113.25,40.0,375.11,19.0,67.06000000000002,103.0,38.0,40.38549467321183,114.05,181.11,141,65.0,57.0,0.46,112.0,
07:37:28,114.18,68.0,187.65,49.0,113.53,75.0,201.78,32.0,73.47,143.0,81.0,40.134514074547134,114.18,187.65,224,62.0,83.0,0.28,114.6,5.0
07:37:29,114.0,86.0,197.22,37.0,113.0,45.0,197.96,24.0,83.22,131.0,61.0,40.68797770840935,114.0,197.22,192,70.0,-32.0,0.36,114.6,
07:37:30,114.0,60.0,192.67,30.0,113.0,30.0,194.0,24.0,78.66999999999999,90.0,54.0,17.756354637143424,114.0,192.67,144,36.0,-48.0,0.25,114.6,
07:37:31,114.46,52.0,190.75,40.0,113.67,60.0,194.0,32.0,76.29,112.0,72.0,2.9957169425698327,114.46,190.75,184,40.0,40.0,0.22,114.6,
07:37:32,115.57,42.0,188.23,26.0,113.96,115.0,189.57,46.0,72.66,157.0,72.0,1.7726590196652323,115.57,188.23,229,85.0,45.0,0.37,115.5,4.0
07:37:33,114.0,72.0,178.45,31.0,113.0,40.0,181.61,23.0,64.44999999999999,112.0,54.0,3.480499964085613,114.0,178.45,166,58.0,-63.0,0.35,115.5,
07:37:34,115.21,66.0,175.21,48.0,113.52,62.0,176.19,42.0,60.000000000000014,128.0,90.0,3.8263664225997305,115.21,175.21,218,38.0,52.0,0.17,114.0,1.0
07:37:40,115.25,16.0,155.04,26.0,113.76,42.0,156.89,9.0,39.78999999999999,58.0,35.0,2.934411354938545,115.25,155.04,93,23.0,-15.0,0.25,115.67,3.0
07:37:41,114.0,66.0,153.25,40.0,113.0,55.0,153.84,44.0,39.25,121.0,84.0,3.62666927083117,114.0,153.25,205,37.0,112.0,0.18,115.67,
07:37:42,114.0,42.0,148.36,11.0,113.0,35.0,149.05,19.0,34.360000000000014,77.0,30.0,3.8178004138495103,114.0,148.36,107,47.0,-98.0,0.44,115.67,
07:37:43,114.0,60.0,144.64,22.0,113.0,50.0,145.75,16.0,30.639999999999983,110.0,38.0,3.6036925507023887,114.0,144.64,148,72.0,41.0,0.49,115.67,
07:37:44,116.69,52.0,139.04,76.0,113.81,104.0,139.2,46.0,22.349999999999994,156.0,122.0,2.9894949406189526,116.69,139.04,278,34.0,130.0,0.12,116.0,5.0
07:37:45,114.0,51.0,133.82,56.0,113.0,241.0,135.23,62.0,19.819999999999997,292.0,118.0,3.6476773431849314,114.0,133.82,410,174.0,132.0,0.42,116.0,
07:37:46,114.0,30.0,127.3,27.0,113.0,147.0,128.87,30.0,13.299999999999995,177.0,57.0,4.261024524686838,114.0,127.3,234,120.0,-174.5,0.51,116.0,
07:37:47,114.0,36.0,123.45,22.0,113.0,144.0,125.46,37.0,9.450000000000005,180.0,59.0,4.534223196974408,114.0,123.45,239,121.0,5.0,0.51,116.0,
07:37:48,114.0,33.0,119.42,38.0,113.0,132.0,119.95,42.0,5.420000000000002,165.0,80.0,4.407298492271544,114.0,119.42,245,85.0,6.0,0.35,116.0,
07:37:49,113.02,55.0,115.67,54.0,112.06,141.0,117.58,48.0,2.6500000000000057,196.0,102.0,3.666608787418841,113.02,115.67,298,94.0,53.0,0.32,113.38,8.0
07:37:50,111.1,105.0,112.86,42.0,110.41,56.0,114.07,54.0,1.7600000000000051,161.0,96.0,3.439981104595688,111.1,112.86,257,65.0,-41.0,0.25,111.5,4.0
07:37:51,111.0,50.0,112.57,21.0,107.24,37.0,143.47,19.0,1.5699999999999932,87.0,40.0,3.011502947030614,111.0,112.57,127,47.0,-130.0,0.37,111.25,8.0
07:37:52,108.0,20.0,347.62,8.0,101.0,16.0,614.0,8.0,239.62,36.0,16.0,51.06867170780917,108.0,347.62,52,20.0,-75.0,0.38,108.6,5.0
07:37:53,111.44,27.0,170.0,9.0,110.73,33.0,302.33,9.0,58.56,60.0,18.0,49.85392833067413,111.44,170.0,78,42.0,26.0,0.54,108.6,
07:37:54,112.45,11.0,222.14,7.0,111.0,35.0,290.0,7.0,109.68999999999998,46.0,14.0,48.28793068666331,112.45,222.14,60,32.0,-18.0,0.53,113.0,1.0
07:37:55,112.11,9.0,141.83,6.0,110.88,26.0,188.5,6.0,29.720000000000013,35.0,12.0,45.5775599390753,112.11,141.83,47,23.0,-13.0,0.49,112.0,2.0
07:37:56,111.0,32.0,132.0,8.0,108.0,8.0,134.0,8.0,21.0,40.0,16.0,43.43713100562701,111.0,132.0,56,24.0,9.0,0.43,112.0,
07:37:57,112.06,47.0,243.2,10.0,94.82,22.0,688.0,10.0,131.14,69.0,20.0,24.703346534427205,112.06,243.2,89,49.0,33.0,0.55,111.33,6.0
07:37:59,116.0,35.0,361.57,7.0,107.0,7.0,654.0,5.0,245.57,42.0,12.0,79.62378331880512,116.0,361.57,54,30.0,33.0,0.56,111.33,
07:38:00,116.71,34.0,329.88,17.0,114.22,27.0,443.38,13.0,213.17,61.0,30.0,70.17838748503732,116.71,329.88,91,31.0,37.0,0.34,116.0,2.0
07:38:03,116.26,23.0,126.88,16.0,114.1,59.0,158.0,8.0,10.61999999999999,82.0,24.0,55.59893272356957,116.26,126.88,106,58.0,-26.0,0.55,116.0,
07:38:04,116.38,64.0,125.12,16.0,114.25,64.0,191.88,8.0,8.740000000000009,128.0,24.0,43.98103318477183,116.38,125.12,152,104.0,46.0,0.68,116.0,
07:38:07,117.17,46.0,189.0,18.0,115.33,60.0,348.62,13.0,71.83,106.0,31.0,14.385373474470084,117.17,189.0,137,75.0,29.0,0.55,117.5,8.0
07:38:08,116.0,36.0,299.11,18.0,113.89,54.0,555.56,9.0,183.11,90.0,27.0,37.89337738972336,116.0,299.11,117,63.0,-20.0,0.54,117.5,
07:38:09,114.8,83.0,265.76,41.0,113.84,73.0,372.76,38.0,150.95999999999998,156.0,79.0,39.67798230757213,114.8,265.76,235,77.0,118.0,0.33,115.67,6.0
07:38:10,114.0,72.0,191.0,34.0,113.0,18.0,331.33,18.0,77.0,90.0,52.0,34.54358522215103,114.0,191.0,142,38.0,-93.0,0.27,115.67,
07:38:11,114.0,56.0,133.0,21.0,113.0,14.0,134.0,35.0,19.0,70.0,56.0,33.429160623623375,114.0,133.0,126,14.0,-16.0,0.11,115.67,
07:38:12,114.44,72.0,132.19,27.0,113.7,46.0,133.63,41.0,17.75,118.0,68.0,38.444322077518905,114.44,132.19,186,50.0,60.0,0.27,115.67,
07:38:13,114.92,52.0,129.75,20.0,113.86,56.0,130.25,20.0,14.829999999999998,108.0,40.0,29.658662815440536,114.92,129.75,148,68.0,-38.0,0.46,115.6,5.0
07:38:14,114.0,56.0,128.0,24.0,113.0,16.0,129.0,8.0,14.0,72.0,32.0,13.436212263877971,114.0,128.0,104,40.0,-44.0,0.38,115.6,
07:38:15,114.0,63.0,127.91,23.0,113.0,18.0,128.54,13.0,13.909999999999997,81.0,36.0,1.2162318857766845,114.0,127.91,117,45.0,13.0,0.38,115.6,
07:38:16,114.0,53.0,126.14,14.0,113.0,16.0,127.5,12.0,12.14,69.0,26.0,1.2807927232692162,114.0,126.14,95,43.0,-22.0,0.45,114.0,1.0
07:38:17,114.0,72.0,123.55,29.0,113.0,32.0,124.26,27.0,9.549999999999995,104.0,56.0,1.3139634698037297,114.0,123.55,160,48.0,65.0,0.3,114.0,
07:38:18,114.0,48.0,118.94,16.0,113.0,24.0,119.82,11.0,4.939999999999998,72.0,27.0,1.8971109614299624,114.0,118.94,99,45.0,-61.0,0.45,114.0,
07:38:19,114.0,50.0,115.85,20.0,113.0,27.0,117.32,25.0,1.8499999999999943,77.0,45.0,2.5096912160615967,114.0,115.85,122,32.0,23.0,0.26,114.0,1.0
07:38:20,113.0,10.0,114.53,19.0,112.0,32.0,116.43,21.0,1.5300000000000011,42.0,40.0,2.6219363073834567,113.0,114.53000000000002,82,2.0,-40.0,0.02,114.0,5.0
07:38:21,114.64,33.0,268.86,14.0,112.67,36.0,302.33,12.0,154.22000000000003,69.0,26.0,33.936349685845514,114.64,268.86,95,43.0,13.0,0.45,114.4,5.0
07:38:37,116.0,41.0,119.36,22.0,114.0,264.0,122.0,33.0,3.3599999999999994,305.0,55.0,1.2301829132230266,116.0,119.36,360,250.0,173.5,0.69,117.29,7.0
07:38:38,114.0,240.0,118.25,24.0,113.0,70.0,121.08,26.0,4.25,310.0,50.0,1.8905078682685492,114.0,118.25,360,260.0,0.0,0.72,116.0,2.0
07:38:39,114.0,290.0,116.29,41.0,113.0,112.0,127.62,39.0,2.2900000000000063,402.0,80.0,2.400718642403712,114.0,116.29,482,322.0,122.0,0.67,114.0,11.0
07:38:40,114.0,149.0,117.0,26.0,113.0,91.0,135.0,39.0,3.0,240.0,65.0,2.188538324997793,114.0,117.0,305,175.0,-174.5,0.57,114.0,2.0
07:38:41,114.0,132.0,115.92,24.0,113.0,84.0,138.69,42.0,1.9200000000000017,216.0,66.0,1.0978706663279951,114.0,115.92,282,150.0,-23.0,0.53,114.0,
07:38:42,114.0,104.0,154.05,42.0,113.0,63.0,268.66,29.0,40.05000000000001,167.0,71.0,8.324307779027965,114.0,154.05,238,96.0,-44.0,0.4,114.0,
07:38:43,114.16,151.0,226.18,57.0,113.34,61.0,249.19,52.0,112.02,212.0,109.0,23.91001568380899,114.16,226.18,321,103.0,83.0,0.32,114.0,5.0
07:38:44,115.07,60.0,198.17,29.0,113.82,68.0,234.9,42.0,83.1,128.0,71.0,24.66892133839656,115.07,198.17,199,57.0,-122.0,0.29,114.0,
07:38:45,114.0,71.0,163.38,37.0,113.0,84.0,168.21,33.0,49.38,155.0,70.0,21.266834978435327,114.0,163.38,225,85.0,26.0,0.38,114.0,2.0
07:38:46,114.0,25.0,159.58,24.0,113.0,88.0,160.5,24.0,45.58000000000001,113.0,48.0,15.57916140233496,114.0,159.58,161,65.0,-64.0,0.4,114.0,3.0
07:38:47,114.31,26.0,155.0,30.0,113.05,76.0,156.0,36.0,40.69,102.0,66.0,15.44731950857506,114.31,155.0,168,36.0,7.0,0.21,114.0,
07:38:48,115.44,25.0,149.6,50.0,113.31,58.0,151.09,44.0,34.16,83.0,94.0,9.65286123385176,115.44,149.6,177,-11.0,9.0,-0.06,115.33,3.0
07:38:49,114.0,11.0,140.7,30.0,113.0,76.0,142.45,49.0,26.69999999999999,87.0,79.0,4.376516879893608,114.0,140.7,166,8.0,-11.0,0.05,115.33,
07:38:50,112.96,23.0,135.88,43.0,112.17,53.0,137.0,42.0,22.92,76.0,85.0,5.139779178135138,112.96,135.88,161,-9.0,-5.0,-0.06,113.0,7.0
07:38:51,112.0,18.0,125.04,52.0,111.0,54.0,126.73,62.0,13.040000000000006,72.0,114.0,6.451199113342322,112.0,125.04,186,-42.0,25.0,-0.23,113.0,
07:38:52,112.91,33.0,116.75,16.0,111.36,14.0,117.82,22.0,3.8400000000000034,47.0,38.0,7.017739664591848,112.91,116.75,85,9.0,-101.0,0.11,113.0,
07:38:53,113.0,38.0,114.36,22.0,112.0,11.0,124.12,34.0,1.3599999999999994,49.0,56.0,5.96096888097755,113.0,114.36,105,-7.0,20.0,-0.07,113.0,5.0
07:38:54,112.68,19.0,129.89,38.0,111.25,16.0,243.82,22.0,17.20999999999998,35.0,60.0,4.4587184257342205,112.68,129.89,95,-25.0,-10.0,-0.26,113.0,1.0
07:38:55,113.34,59.0,129.54,37.0,112.7,30.0,176.43,49.0,16.19999999999999,89.0,86.0,3.592627172415944,113.34,129.54,175,3.0,80.0,0.02,113.0,
07:38:56,115.0,22.0,127.12,32.0,113.0,33.0,128.04,23.0,12.120000000000005,55.0,55.0,3.8624668283341657,115.0,127.12,110,0.0,-65.0,0.0,113.0,
07:39:01,114.62,37.0,119.64,14.0,112.97,71.0,122.0,56.0,5.019999999999996,108.0,70.0,2.03711806235758,114.62000000000002,119.64,178,38.0,116.0,0.21,115.67,6.0
07:39:02,113.6,30.0,118.2,10.0,112.0,60.0,122.0,40.0,4.6000000000000085,90.0,50.0,2.554041894719527,113.6,118.2,140,40.0,-38.0,0.29,115.67,
07:39:03,114.0,43.0,121.71,34.0,112.0,66.0,202.8,30.0,7.709999999999994,109.0,64.0,2.2350548091673184,114.0,121.70999999999998,173,45.0,33.0,0.26,115.67,
07:39:04,115.24,29.0,119.92,26.0,112.57,42.0,121.55,22.0,4.680000000000007,71.0,48.0,1.6561491478672543,115.24,119.92,119,23.0,-54.0,0.19,118.0,3.0
07:39:05,114.0,40.0,119.7,20.0,112.0,60.0,120.41,34.0,5.700000000000003,100.0,54.0,0.7564852939620946,114.0,119.7,154,46.0,35.0,0.3,118.0,1.0
07:39:06,114.0,32.0,119.33,24.0,112.0,48.0,123.96,23.0,5.329999999999998,80.0,47.0,0.7739186003584946,114.0,119.33,127,33.0,-27.0,0.26,119.0,2.0
07:39:07,117.12,24.0,120.0,32.0,112.91,33.0,205.0,8.0,2.8799999999999955,57.0,40.0,0.7687457316832643,117.12,120.0,97,17.0,-30.0,0.18,114.0,1.0
07:39:08,115.79,42.0,131.09,23.0,113.36,56.0,236.09,11.0,15.299999999999995,98.0,34.0,2.795219132730393,115.79,131.09,132,64.0,35.0,0.48,119.0,3.0
07:39:09,114.0,63.0,204.75,8.0,112.0,48.0,328.65,23.0,90.75,111.0,31.0,18.31734833429741,114.0,204.75,142,80.0,10.0,0.56,114.0,3.0
07:39:10,114.0,48.0,160.88,32.0,112.0,48.0,262.62,8.0,46.88,96.0,40.0,17.77713475225946,114.0,160.88,136,56.0,-6.0,0.41,114.0,
07:39:11,114.0,72.0,180.95,20.0,111.88,50.0,211.15,26.0,66.94999999999999,122.0,46.0,16.839338466816184,114.0,180.95,168,76.0,32.0,0.45,114.0,
07:39:12,115.0,42.0,198.22,27.0,114.0,78.0,199.72,25.0,83.22,120.0,52.0,14.7442995764465,115.0,198.22,172,68.0,4.0,0.4,115.0,2.0
07:39:13,115.91,22.0,187.85,39.0,114.0,66.0,194.79,29.0,71.94,88.0,68.0,8.628727020830134,115.91,187.85,156,20.0,-16.0,0.13,115.0,
07:39:18,116.0,36.0,120.0,6.0,114.0,36.0,337.5,6.0,4.0,72.0,12.0,14.49333881477931,116.0,120.0,84,60.0,-154.0,0.71,115.0,
07:39:19,116.0,48.0,120.0,8.0,114.0,48.0,435.0,24.0,4.0,96.0,32.0,3.210643237730367,116.0,120.0,128,64.0,44.0,0.5,115.0,
07:39:20,116.0,24.0,120.0,4.0,114.0,24.0,393.0,20.0,4.0,48.0,24.0,1.3977195712955697,116.0,120.0,72,24.0,-56.0,0.33,115.0,
07:39:21,116.0,51.0,387.65,51.0,114.0,66.0,438.62,37.0,271.65,117.0,88.0,59.53411190233713,116.0,387.65,205,29.0,133.0,0.14,116.0,3.0
07:39:22,116.0,33.0,383.3,47.0,114.0,66.0,512.38,45.0,267.3,99.0,92.0,72.70600167799091,116.0,383.30000000000007,191,7.0,-14.0,0.04,116.0,
07:39:23,116.0,5.0,298.57,21.0,114.0,30.0,375.0,19.0,182.57,35.0,40.0,67.15892993489422,116.0,298.57,75,-5.0,-116.0,-0.07,116.0,2.0
07:39:24,114.38,24.0,310.96,54.0,113.89,36.0,531.19,32.0,196.58,60.0,86.0,54.26131891135751,114.38,310.96,146,-26.0,71.0,-0.18,114.25,4.0
07:39:25,113.48,75.0,382.43,21.0,112.93,84.0,472.76,25.0,268.95,159.0,46.0,21.939653142200363,113.48,382.43,205,113.0,59.0,0.55,114.0,3.0
07:39:26,114.0,35.0,299.1,21.0,113.0,91.0,301.52,21.0,185.1,126.0,42.0,22.02408953850433,114.0,299.1,168,84.0,-37.0,0.5,114.0,
07:39:27,114.16,38.0,296.1,40.0,113.14,106.0,298.0,20.0,181.94000000000003,144.0,60.0,18.13271408256496,114.16,296.1,204,84.0,36.0,0.41,114.0,
07:39:28,116.0,10.0,183.17,46.0,114.0,50.0,224.03,35.0,67.16999999999999,60.0,81.0,35.26430376457249,116.0,183.17,141,-21.0,-63.0,-0.15,114.0,
07:39:29,116.57,23.0,120.95,43.0,113.1,133.0,151.79,61.0,4.38000000000001,156.0,104.0,51.166765385355646,116.56999999999998,120.95,260,52.0,119.0,0.2,115.71,7.0
07:39:30,114.0,12.0,119.33,48.0,113.0,141.0,245.6,30.0,5.329999999999998,153.0,78.0,44.407307957137085,114.0,119.33,231,75.0,-29.0,0.32,119.0,3.0
07:39:31,114.0,17.0,116.67,36.0,113.0,108.0,132.0,27.0,2.6700000000000017,125.0,63.0,38.50946091546852,114.0,116.67,188,62.0,-43.0,0.33,119.0,
07:39:32,114.0,28.0,115.0,48.0,113.0,144.0,216.06,32.0,1.0,172.0,80.0,14.967873930521488,114.0,115.0,252,92.0,64.0,0.37,114.0,2.0
07:39:33,113.06,102.0,136.31,48.0,112.66,91.0,207.29,42.0,23.25,193.0,90.0,4.0767940835883705,113.06,136.31,283,103.0,31.0,0.36,114.0,1.0
07:39:34,113.0,60.0,156.0,18.0,112.0,6.0,158.0,18.0,43.0,66.0,36.0,8.498804033508677,113.0,156.0,102,30.0,-174.5,0.29,113.0,2.0
07:39:35,113.19,93.0,155.0,30.0,112.53,19.0,210.22,36.0,41.81,112.0,66.0,9.69804258600599,113.19,155.0,178,46.0,76.0,0.26,113.0,
07:39:39,113.78,92.0,153.75,36.0,112.77,52.0,197.0,36.0,39.97,144.0,72.0,1.5807276805299229,113.78,153.75,216,72.0,10.0,0.33,119.0,3.0
07:39:40,112.98,61.0,151.0,24.0,111.37,19.0,189.12,24.0,38.02,80.0,48.0,2.2415106513227183,112.98,151.0,128,32.0,-88.0,0.25,113.0,2.0
07:39:41,113.57,37.0,145.62,39.0,112.47,19.0,167.23,39.0,32.05000000000001,56.0,78.0,3.0725770942308626,113.57,145.62,134,-22.0,6.0,-0.16,113.0,
07:39:42,114.91,33.0,135.51,35.0,111.74,58.0,306.5,34.0,20.599999999999994,91.0,69.0,4.288545207875348,114.91,135.51,160,22.0,26.0,0.14,116.0,2.0
07:39:43,114.45,22.0,134.07,29.0,111.54,52.0,205.88,25.0,19.61999999999999,74.0,54.0,4.14928668568332,114.45,134.07,128,20.0,-32.0,0.16,115.67,3.0
07:39:44,113.98,89.0,134.4,20.0,112.88,16.0,156.3,20.0,20.42,105.0,40.0,3.5427559893376066,113.98000000000002,134.4,145,65.0,17.0,0.45,115.67,
07:39:45,114.24,137.0,130.0,21.0,113.27,22.0,130.17,23.0,15.760000000000003,159.0,44.0,2.765091318561839,114.24,130.0,203,115.0,58.0,0.57,115.67,
07:39:46,115.0,109.0,125.6,58.0,114.0,28.0,127.59,22.0,10.599999999999994,137.0,80.0,1.9823546604946116,115.0,125.6,217,57.0,14.0,0.26,115.0,5.0
07:39:47,115.61,46.0,123.05,41.0,114.0,30.0,124.43,23.0,7.439999999999998,76.0,64.0,2.23209542806392,115.61,123.05,140,12.0,-77.0,0.09,116.0,4.0
07:39:48,116.0,10.0,123.0,15.0,114.0,10.0,124.0,5.0,7.0,20.0,20.0,2.0567377081152443,116.0,123.0,40,0.0,-100.0,0.0,116.0,
07:39:49,116.0,12.0,123.0,33.0,114.0,22.0,124.0,11.0,7.0,34.0,44.0,1.1641305768608885,116.0,123.0,78,-10.0,38.0,-0.13,116.0,1.0
07:39:50,116.0,12.0,120.85,34.0,114.0,24.0,122.21,14.0,4.849999999999994,36.0,48.0,0.6661606412734935,116.0,120.85,84,-12.0,6.0,-0.14,116.0,
07:39:51,116.0,16.0,119.09,23.0,114.0,114.0,120.29,17.0,3.0900000000000034,130.0,40.0,0.861307146134002,116.0,119.09,170,90.0,86.0,0.53,116.0,
07:39:52,114.0,210.0,115.37,27.0,113.0,30.0,117.64,33.0,1.3700000000000043,240.0,60.0,1.98931395209022,114.0,115.37,300,180.0,130.0,0.6,115.4,5.0
07:39:53,114.0,146.0,116.55,33.0,113.0,22.0,149.77,43.0,2.549999999999997,168.0,76.0,2.054173799847564,114.0,116.55,244,92.0,-56.0,0.38,114.0,1.0
07:39:54,114.0,88.0,124.36,55.0,113.0,22.0,195.04,49.0,10.36,110.0,104.0,1.963127606647144,114.0,124.36,214,6.0,-30.0,0.03,114.0,5.0
07:39:55,114.0,80.0,123.4,50.0,113.0,20.0,124.4,50.0,9.400000000000006,100.0,100.0,2.0145793605564863,114.0,123.4,200,0.0,-14.0,0.0,114.0,
07:39:56,114.0,72.0,122.0,45.0,112.94,34.0,123.0,45.0,8.0,106.0,90.0,2.051236212624049,114.0,122.0,196,16.0,-4.0,0.08,114.0,
07:39:57,114.0,96.0,121.25,60.0,113.0,72.0,122.25,60.0,7.25,168.0,120.0,1.5146880866966286,114.0,121.25,288,48.0,92.0,0.17,114.0,
07:39:58,114.0,64.0,119.5,50.0,113.0,60.0,120.8,50.0,5.5,124.0,100.0,0.9456214887474282,114.0,119.5,224,24.0,-64.0,0.11,114.0,2.0
07:39:59,114.92,52.0,118.3,50.0,113.4,60.0,119.3,50.0,3.3799999999999955,112.0,100.0,0.8735731222859962,114.92,118.3,212,12.0,-12.0,0.06,114.0,
07:40:00,114.0,54.0,118.22,45.0,113.0,54.0,307.33,9.0,4.219999999999999,108.0,54.0,0.7728971470901524,114.0,118.22,162,54.0,-50.0,0.33,117.0,4.0
07:40:01,114.0,54.0,116.98,41.0,113.0,66.0,141.38,39.0,2.980000000000004,120.0,80.0,0.7905567658174267,114.0,116.98,200,40.0,38.0,0.2,116.0,6.0
07:40:02,114.0,23.0,117.67,12.0,113.0,36.0,139.33,6.0,3.6700000000000017,59.0,18.0,0.5269914610118744,114.0,117.67,77,41.0,-123.0,0.53,114.0,2.0
07:40:03,114.0,39.0,117.0,16.0,113.0,48.0,122.0,8.0,3.0,87.0,24.0,0.4692760381473089,114.0,117.0,111,63.0,34.0,0.57,114.0,4.0
07:40:04,114.0,5.0,117.0,10.0,113.0,30.0,360.25,8.0,3.0,35.0,18.0,0.2775427894560834,114.0,117.0,53,17.0,-58.0,0.32,114.0,
07:40:05,114.0,8.0,116.25,16.0,113.0,48.0,285.38,32.0,2.25,56.0,48.0,0.2513364278788697,114.0,116.25,104,8.0,51.0,0.08,114.0,
07:40:06,113.62,16.0,160.44,27.0,112.82,51.0,225.0,18.0,46.81999999999999,67.0,45.0,9.63737671775791,113.62,160.44,112,22.0,8.0,0.2,114.0,
07:40:07,113.67,36.0,147.0,40.0,112.67,54.0,226.0,40.0,33.33,90.0,80.0,10.304151105257748,113.67,147.0,170,10.0,58.0,0.06,114.0,4.0
07:40:08,113.0,60.0,146.0,50.0,112.0,62.0,240.26,31.0,33.0,122.0,81.0,9.746975428305264,113.0,146.0,203,41.0,33.0,0.2,114.0,
07:40:09,113.0,66.0,145.27,55.0,112.0,22.0,260.8,40.0,32.27000000000001,88.0,95.0,8.002545220115202,113.0,145.27,183,-7.0,-20.0,-0.04,114.0,
07:40:10,113.0,60.0,144.2,50.0,112.0,20.0,311.0,40.0,31.19999999999999,80.0,90.0,3.473017420052869,113.0,144.2,170,-10.0,-13.0,-0.06,114.0,
07:40:11,112.87,62.0,143.23,65.0,111.33,54.0,378.23,26.0,30.359999999999985,116.0,91.0,0.8694998562330934,112.87,143.23,207,25.0,37.0,0.12,114.0,
07:40:12,111.34,73.0,139.13,75.0,110.86,87.0,362.88,34.0,27.789999999999992,160.0,109.0,1.6936292392340908,111.34,139.13,269,51.0,62.0,0.19,111.6,5.0
07:40:13,112.17,40.0,138.0,50.0,111.84,106.0,317.0,40.0,25.83,146.0,90.0,1.919434812643555,112.17,138.0,236,56.0,-33.0,0.24,111.6,
07:40:14,112.0,101.0,136.62,40.0,111.0,56.0,305.86,28.0,24.620000000000005,157.0,68.0,1.929474021589124,112.0,136.62,225,89.0,-11.0,0.4,112.5,4.0
07:40:15,112.0,68.0,135.05,42.0,111.0,70.0,234.27,44.0,23.05000000000001,138.0,86.0,1.71332133588145,112.0,135.05,224,52.0,-1.0,0.23,112.0,4.0
07:40:16,112.4,20.0,133.0,12.0,111.22,27.0,135.0,20.0,20.599999999999994,47.0,32.0,1.0717135811334253,112.4,133.0,79,15.0,-145.0,0.19,112.0,
07:40:17,116.0,20.0,131.02,42.0,112.0,60.0,132.03,38.0,15.02000000000001,80.0,80.0,0.9073753357820548,116.0,131.02,160,0.0,81.0,0.0,112.0,
07:40:18,116.0,16.0,125.77,30.0,112.0,48.0,127.12,34.0,9.769999999999996,64.0,64.0,1.3066866495013312,116.0,125.77,128,0.0,-32.0,0.0,112.0,
07:40:19,113.0,16.0,123.51,41.0,111.38,56.0,125.49,47.0,10.510000000000003,72.0,88.0,2.2398169568034314,113.0,123.51,160,-16.0,32.0,-0.1,113.25,8.0
07:40:20,111.75,56.0,119.22,46.0,110.67,84.0,120.38,50.0,7.469999999999999,140.0,96.0,3.305477272646583,111.75,119.22,236,44.0,76.0,0.19,112.0,1.0
07:40:21,111.26,62.0,115.5,34.0,107.15,106.0,116.59,46.0,4.239999999999995,168.0,80.0,4.06081518909465,111.26,115.5,248,88.0,12.0,0.35,112.6,5.0
07:40:22,110.0,144.0,113.0,27.0,107.5,84.0,120.78,27.0,3.0,228.0,54.0,3.750226659814064,110.0,113.0,282,174.0,34.0,0.62,111.44,9.0
07:40:23,110.15,91.0,205.45,29.0,107.93,71.0,266.62,32.0,95.29999999999998,162.0,61.0,19.457961866546693,110.15,205.45,223,101.0,-59.0,0.45,116.0,2.0
07:40:24,111.92,91.0,188.27,37.0,110.0,143.0,219.18,34.0,76.35000000000001,234.0,71.0,22.391679704747244,111.92,188.27,305,163.0,82.0,0.53,116.0,
07:40:25,113.19,88.0,154.61,54.0,110.29,146.0,182.0,37.0,41.420000000000016,234.0,91.0,20.945703139307405,113.19,154.61,325,143.0,20.0,0.44,116.0,
07:40:26,117.83,36.0,142.0,65.0,115.81,85.0,147.0,39.0,24.17,121.0,104.0,18.121828826031727,117.83,142.0,225,17.0,-100.0,0.08,119.0,2.0
07:40:27,116.0,98.0,139.97,30.0,114.0,56.0,140.97,36.0,23.97,154.0,66.0,13.248856554435054,116.0,139.97,220,88.0,-5.0,0.4,119.0,
07:40:28,116.0,49.0,137.0,7.0,114.0,28.0,139.0,21.0,21.0,77.0,28.0,9.5896402435124,116.0,137.0,105,49.0,-115.0,0.47,119.0,
07:40:29,116.7,30.0,134.83,24.0,115.17,48.0,138.25,24.0,18.13000000000001,78.0,48.0,3.2560221129454434,116.7,134.83,126,30.0,21.0,0.24,116.75,4.0
07:40:30,115.78,27.0,133.29,21.0,113.71,28.0,136.0,7.0,17.50999999999999,55.0,28.0,2.081621963755329,115.78,133.29,83,27.0,-43.0,0.33,115.6,5.0
07:40:31,115.0,36.0,132.86,21.0,114.0,27.0,134.2,15.0,17.860000000000014,63.0,36.0,1.6075042768179226,115.0,132.86,99,27.0,16.0,0.27,115.6,
07:40:32,113.68,25.0,130.89,9.0,111.58,53.0,133.0,27.0,17.20999999999998,78.0,36.0,1.6443144468097437,113.68,130.89,114,42.0,15.0,0.37,113.2,5.0
07:40:40,114.18,66.0,330.92,13.0,113.87,45.0,522.78,41.0,216.74,111.0,54.0,81.71115621504825,114.18,330.92,165,57.0,-96.0,0.35,114.8,5.0
07:40:41,114.0,180.0,186.12,34.0,113.0,8.0,305.17,24.0,72.12,188.0,58.0,77.81884585368779,114.0,186.12,246,130.0,81.0,0.53,114.8,
07:40:42,114.0,255.0,147.0,18.0,113.0,9.0,156.33,45.0,33.0,264.0,63.0,75.82477200757033,114.0,147.0,327,201.0,81.0,0.61,114.0,5.0
07:40:43,114.0,225.0,145.89,18.0,113.0,9.0,203.44,45.0,31.889999999999983,234.0,63.0,73.70422219927447,114.0,145.89,297,171.0,-30.0,0.58,114.0,
07:40:44,114.62,65.0,143.22,18.0,114.0,201.0,167.0,45.0,28.599999999999994,266.0,63.0,40.19287847367998,114.62,143.22,329,203.0,32.0,0.62,114.0,
07:40:45,114.0,121.0,142.75,8.0,113.0,5.0,302.0,7.0,28.75,126.0,15.0,9.261209424259771,114.0,142.75,141,111.0,-174.5,0.79,114.83,6.0
07:40:46,114.0,208.0,140.0,14.0,113.0,9.0,142.23,13.0,26.0,217.0,27.0,1.3702992373914822,114.0,140.0,244,190.0,103.0,0.78,114.0,2.0
07:40:47,114.0,154.0,138.0,8.0,113.0,7.0,139.15,13.0,24.0,161.0,21.0,1.5606793392607188,114.0,138.0,182,140.0,-62.0,0.77,114.0,
07:40:48,117.1,58.0,135.12,16.0,113.99,199.0,137.71,14.0,18.02000000000001,257.0,30.0,1.3214840142790043,117.1,135.12,287,227.0,105.0,0.79,114.0,
07:40:54,115.52,89.0,128.24,21.0,114.77,13.0,129.67,12.0,12.720000000000011,102.0,33.0,1.250311961069569,115.51999999999998,128.24,135,69.0,12.0,0.51,118.25,4.0
07:40:55,114.0,310.0,125.19,21.0,112.94,68.0,126.54,13.0,11.189999999999998,378.0,34.0,2.218576119945672,114.0,125.18999999999998,412,344.0,173.5,0.83,118.25,
07:40:56,114.04,341.0,122.38,64.0,113.66,256.0,123.62,32.0,8.33999999999999,597.0,96.0,2.836596552207008,114.04,122.38,693,501.0,173.5,0.72,114.0,3.0
07:40:57,114.1,164.0,120.44,18.0,113.78,216.0,121.18,44.0,6.340000000000003,380.0,62.0,2.9229728017879526,114.09999999999998,120.44,442,318.0,-174.5,0.72,114.8,5.0
07:40:58,114.0,277.0,119.14,21.0,113.0,117.0,120.57,21.0,5.140000000000001,394.0,42.0,2.106188500583819,114.0,119.14,436,352.0,-6.0,0.81,114.8,
07:40:59,114.0,211.0,115.86,29.0,113.0,99.0,118.8,15.0,1.8599999999999997,310.0,44.0,1.7512509814389774,114.0,115.86,354,266.0,-82.0,0.75,114.0,3.0
07:41:00,114.0,237.0,119.49,57.0,113.0,154.0,231.13,30.0,5.489999999999995,391.0,87.0,1.1986158684043728,114.0,119.49,478,304.0,124.0,0.64,115.0,5.0
07:41:01,116.69,26.0,236.73,30.0,113.21,84.0,730.19,21.0,120.04,110.0,51.0,26.99460464611393,116.69,236.73,161,59.0,-174.5,0.37,119.0,4.0
07:41:02,114.0,18.0,364.11,9.0,113.0,66.0,541.83,6.0,250.11,84.0,15.0,54.90634735620287,114.0,364.11,99,69.0,-62.0,0.7,116.0,5.0
07:41:03,113.71,34.0,195.76,21.0,112.98,90.0,365.11,18.0,82.05,124.0,39.0,51.13315343297349,113.71,195.76,163,85.0,64.0,0.52,113.75,4.0
07:41:04,115.29,70.0,136.8,40.0,112.93,86.0,175.24,17.0,21.510000000000005,156.0,57.0,48.85181644524603,115.29,136.8,213,99.0,50.0,0.46,113.75,
07:41:05,113.0,117.0,138.0,48.0,112.0,24.0,227.42,12.0,25.0,141.0,60.0,46.91444308525905,113.0,138.0,201,81.0,-12.0,0.4,113.0,3.0
07:41:06,113.0,35.0,138.0,20.0,112.0,10.0,184.8,5.0,25.0,45.0,25.0,49.09648745073325,113.0,138.0,70,20.0,-131.0,0.29,113.0,
07:41:07,113.0,62.0,135.06,34.0,112.0,22.0,164.68,22.0,22.06,84.0,56.0,13.197228875790508,113.0,135.06,140,28.0,70.0,0.2,113.0,5.0
07:41:08,113.05,19.0,135.33,30.0,112.1,20.0,154.0,24.0,22.280000000000012,39.0,54.0,0.8895335856484987,113.05,135.33,93,-15.0,-47.0,-0.16,113.0,
07:41:09,114.0,27.0,133.25,20.0,113.0,22.0,133.83,35.0,19.25,49.0,55.0,0.8758253250485983,114.0,133.25,104,-6.0,11.0,-0.06,113.0,
07:41:10,114.91,142.0,128.03,38.0,113.58,85.0,130.22,45.0,13.120000000000005,227.0,83.0,1.46194049126364,114.91,128.03,310,144.0,173.5,0.46,117.0,3.0
07:41:11,114.0,126.0,123.79,33.0,112.96,98.0,125.07,27.0,9.790000000000006,224.0,60.0,2.265303511672476,114.0,123.79,284,164.0,-26.0,0.58,117.0,
07:41:12,114.0,78.0,119.02,51.0,113.0,97.0,120.2,20.0,5.019999999999996,175.0,71.0,3.2346993677921687,114.0,119.02,246,104.0,-38.0,0.42,114.0,3.0
07:41:13,114.0,72.0,116.79,43.0,113.0,12.0,118.77,26.0,2.7900000000000063,84.0,69.0,3.408044894069678,114.0,116.79,153,15.0,-93.0,0.1,116.0,4.0
07:41:14,114.0,55.0,116.8,45.0,113.0,45.0,122.0,15.0,2.799999999999997,100.0,60.0,2.6214175554447268,114.0,116.8,160,40.0,7.0,0.25,114.0,5.0
07:41:15,113.23,26.0,115.36,33.0,112.44,54.0,202.0,11.0,2.1299999999999955,80.0,44.0,1.7444340056285652,113.23,115.36,124,36.0,-36.0,0.29,114.0,1.0
07:41:16,114.43,21.0,173.79,28.0,112.02,61.0,403.38,16.0,59.35999999999999,82.0,44.0,12.862139402136613,114.43,173.79,126,38.0,2.0,0.3,113.5,6.0
07:41:24,116.16,37.0,161.11,18.0,113.1,58.0,354.67,45.0,44.95000000000002,95.0,63.0,2.6145458496653147,116.16,161.11,158,32.0,62.0,0.2,116.75,4.0
07:41:25,116.0,36.0,157.0,18.0,112.0,54.0,402.33,36.0,41.0,90.0,54.0,2.2858740122765666,116.0,157.0,144,36.0,-14.0,0.25,116.0,1.0
07:41:26,116.93,15.0,155.56,18.0,115.23,35.0,383.58,24.0,38.63,50.0,42.0,2.397786479234731,116.93,155.56,92,8.0,-52.0,0.09,116.0,
07:41:27,116.0,28.0,154.29,14.0,113.0,7.0,271.14,35.0,38.28999999999999,35.0,49.0,2.221841578511025,116.0,154.29,84,-14.0,-8.0,-0.17,116.0,
07:41:28,116.86,7.0,153.67,6.0,115.73,11.0,308.0,15.0,36.80999999999999,18.0,21.0,1.4080767024561778,116.86,153.67,39,-3.0,-45.0,-0.08,116.0,
07:41:29,116.52,29.0,139.62,26.0,115.39,31.0,248.94,32.0,23.10000000000001,60.0,58.0,3.500959868378822,116.52,139.62,118,2.0,79.0,0.02,117.5,2.0
07:41:30,113.71,42.0,123.8,20.0,111.29,62.0,147.2,20.0,10.090000000000003,104.0,40.0,7.427636232341866,113.71,123.8,144,64.0,26.0,0.44,115.0,5.0
07:41:31,112.0,60.0,122.2,20.0,111.0,140.0,161.17,23.0,10.200000000000005,200.0,43.0,8.68115660496896,112.0,122.2,243,157.0,99.0,0.65,115.0,
07:41:32,112.05,39.0,119.88,33.0,111.04,160.0,302.78,51.0,7.829999999999998,199.0,84.0,8.339902277604626,112.05,119.88,283,115.0,40.0,0.41,112.4,5.0
07:41:33,111.07,150.0,118.25,72.0,110.56,90.0,370.52,69.0,7.180000000000007,240.0,141.0,5.336437950542798,111.07,118.25,381,99.0,98.0,0.26,112.0,2.0
07:41:34,111.0,112.0,114.48,27.0,109.0,16.0,115.49,39.0,3.480000000000004,128.0,66.0,2.298538666194769,111.0,114.48,194,62.0,-174.5,0.32,112.0,
07:41:35,111.03,116.0,142.82,28.0,109.93,30.0,168.61,44.0,31.789999999999992,146.0,72.0,5.526006695616015,111.03,142.82,218,74.0,24.0,0.34,114.83,12.0
07:41:36,112.0,7.0,263.43,14.0,111.0,98.0,436.14,35.0,151.43,105.0,49.0,31.84768861314739,112.0,263.43,154,56.0,-64.0,0.36,114.83,
07:41:37,112.89,36.0,207.59,27.0,111.13,60.0,325.96,54.0,94.7,96.0,81.0,32.56113526890611,112.89,207.59,177,15.0,23.0,0.08,114.83,
07:41:38,113.23,22.0,295.95,19.0,112.7,10.0,587.8,20.0,182.72,32.0,39.0,38.95884200024442,113.23,295.95,71,-7.0,-106.0,-0.1,114.83,
07:41:39,116.0,6.0,155.0,18.0,113.1,21.0,669.0,12.0,39.0,27.0,30.0,33.185932712521584,116.0,155.0,57,-3.0,-14.0,-0.05,114.83,
07:41:40,117.0,12.0,336.69,26.0,113.38,32.0,616.26,39.0,219.69,44.0,65.0,36.00486036634523,117.0,336.69,109,-21.0,52.0,-0.19,119.0,1.0
07:41:41,114.5,24.0,161.9,40.0,112.57,42.0,182.19,42.0,47.400000000000006,66.0,82.0,40.85899325729912,114.5,161.9,148,-16.0,39.0,-0.11,114.5,4.0
07:41:42,112.26,65.0,129.0,33.0,111.23,84.0,149.33,45.0,16.739999999999995,149.0,78.0,47.3018470041077,112.26,129.0,227,71.0,79.0,0.31,112.25,8.0
07:41:43,113.67,36.0,128.67,27.0,112.0,63.0,223.71,31.0,14.999999999999986,99.0,58.0,44.54625068398021,113.67,128.67,157,41.0,-70.0,0.26,112.25,
07:41:44,116.1,40.0,128.0,21.0,112.86,37.0,229.29,21.0,11.900000000000006,77.0,42.0,45.91048028500689,116.1,128.0,119,35.0,-38.0,0.29,112.25,
07:41:45,114.0,41.0,127.67,36.0,112.0,84.0,288.15,39.0,13.670000000000002,125.0,75.0,7.635416164165592,114.0,127.67,200,50.0,81.0,0.25,114.0,1.0
07:41:46,114.0,24.0,126.25,24.0,112.0,56.0,205.75,24.0,12.25,80.0,48.0,0.7182617907144696,114.0,126.25,128,32.0,-72.0,0.25,114.0,
07:41:47,114.0,33.0,123.55,33.0,112.0,77.0,244.76,41.0,9.549999999999995,110.0,74.0,1.2307396150284042,114.0,123.55,184,36.0,56.0,0.2,114.0,
07:41:48,114.0,27.0,121.56,27.0,112.0,63.0,312.67,36.0,7.560000000000002,90.0,63.0,1.681264405142774,114.0,121.56,153,27.0,-31.0,0.18,114.0,
07:41:49,114.0,9.0,121.0,9.0,112.0,21.0,265.0,10.0,7.0,30.0,19.0,1.448671805482476,114.0,121.0,49,11.0,-104.0,0.22,114.0,
07:41:50,117.75,24.0,120.0,24.0,113.12,32.0,321.0,24.0,2.25,56.0,48.0,1.0367738422625066,117.75,120.0,104,8.0,55.0,0.08,114.0,
07:41:51,112.71,59.0,119.79,42.0,111.32,113.0,321.0,42.0,7.0800000000000125,172.0,84.0,1.071648263190662,112.71,119.79,256,88.0,152.0,0.34,115.38,8.0
07:41:52,112.12,48.0,117.75,28.0,111.13,114.0,304.35,43.0,5.629999999999996,162.0,71.0,1.5144636014112005,112.12,117.75,233,91.0,-23.0,0.39,116.0,1.0
07:41:53,114.0,11.0,131.03,34.0,112.0,55.0,285.89,45.0,17.03,66.0,79.0,2.90642908050405,114.0,131.03,145,-13.0,-88.0,-0.09,116.0,3.0
07:41:54,114.16,31.0,222.37,59.0,111.59,63.0,320.79,67.0,108.21,94.0,126.0,22.602372663063544,114.16,222.37,220,-32.0,75.0,-0.15,116.5,2.0
07:41:55,112.0,25.0,255.0,15.0,111.0,55.0,274.0,25.0,143.0,80.0,40.0,32.339700524278285,112.0,255.0,120,40.0,-100.0,0.33,116.5,
07:41:56,112.37,43.0,263.42,57.0,111.15,96.0,463.91,54.0,151.05,139.0,111.0,34.38843453837363,112.37,263.42,250,28.0,130.0,0.11,112.0,4.0
07:41:57,116.0,20.0,300.94,32.0,112.4,10.0,468.18,34.0,184.94,30.0,66.0,32.232008159592105,116.0,300.94,96,-36.0,-154.0,-0.38,112.0,
07:41:58,116.0,24.0,261.67,12.0,113.81,32.0,300.97,36.0,145.67000000000002,56.0,48.0,14.3823374317256,116.0,261.67,104,8.0,8.0,0.08,112.0,
07:41:59,116.0,27.0,167.69,26.0,114.0,90.0,215.24,25.0,51.69,117.0,51.0,24.47617106493609,116.0,167.69,168,66.0,64.0,0.39,112.0,
07:42:00,114.09,132.0,146.06,34.0,113.18,34.0,207.89,56.0,31.97,166.0,90.0,33.65861078535495,114.09,146.06,256,76.0,88.0,0.3,115.5,4.0
07:42:01,114.0,108.0,205.0,12.0,112.0,12.0,247.81,59.0,91.0,120.0,71.0,32.5615552454119,114.0,205.0,191,49.0,-65.0,0.26,115.5,
07:42:02,114.0,138.0,186.8,46.0,112.15,13.0,232.59,29.0,72.80000000000001,151.0,75.0,22.229045188671705,114.0,186.8,226,76.0,35.0,0.34,114.0,3.0
07:42:03,114.15,164.0,168.52,29.0,113.48,50.0,169.71,31.0,54.370000000000005,214.0,60.0,11.011605241744103,114.15000000000002,168.52,274,154.0,48.0,0.56,114.0,
07:42:04,114.2,181.0,163.69,39.0,113.64,56.0,167.0,13.0,49.49,237.0,52.0,11.268027777743807,114.2,163.69,289,185.0,15.0,0.64,117.0,4.0
07:42:05,114.0,117.0,162.33,36.0,113.0,24.0,292.93,46.0,48.33000000000001,141.0,82.0,9.136271121196357,114.0,162.33,223,59.0,-66.0,0.26,114.0,5.0
07:42:06,114.0,87.0,160.12,26.0,113.0,24.0,223.11,38.0,46.120000000000005,111.0,64.0,5.386053286034713,114.0,160.12,175,47.0,-48.0,0.27,114.0,1.0
07:42:07,114.0,49.0,158.38,16.0,113.0,14.0,160.11,19.0,44.38,63.0,35.0,1.9749683541780203,114.0,158.38,98,28.0,-77.0,0.29,114.0,
07:42:08,114.0,56.0,157.0,16.0,113.0,16.0,158.0,24.0,43.0,72.0,40.0,1.407987926086147,114.0,157.0,112,32.0,14.0,0.29,114.0,
07:42:09,114.0,70.0,154.3,20.0,113.0,20.0,158.0,30.0,40.30000000000001,90.0,50.0,1.5257883208375214,114.0,154.3,140,40.0,28.0,0.29,114.0,
07:42:10,114.0,92.0,149.91,46.0,113.0,32.0,150.82,34.0,35.91,124.0,80.0,1.9918508980352785,114.0,149.91,204,44.0,64.0,0.22,114.0,4.0
07:42:11,114.35,26.0,146.84,31.0,113.52,29.0,148.45,29.0,32.49000000000001,55.0,60.0,2.3632541124482733,114.35,146.84,115,-5.0,-89.0,-0.04,114.0,
07:42:12,116.0,12.0,144.0,36.0,114.0,36.0,146.0,24.0,28.0,48.0,60.0,2.339561924806312,116.0,144.0,108,-12.0,-7.0,-0.11,114.0,
07:42:13,116.0,11.0,142.2,30.0,114.0,33.0,143.84,25.0,26.19999999999999,44.0,55.0,1.9681336336751,116.0,142.2,99,-11.0,-9.0,-0.11,114.0,
07:42:19,116.08,39.0,134.56,18.0,114.2,59.0,136.0,27.0,18.480000000000004,98.0,45.0,1.3467813482530262,116.08,134.56,143,53.0,56.0,0.37,117.0,3.0
07:42:23,116.0,39.0,125.4,45.0,114.0,104.0,126.3,40.0,9.400000000000006,143.0,85.0,2.216630325516949,116.0,125.4,228,58.0,74.0,0.25,117.0,
07:42:24,115.58,38.0,121.53,15.0,113.97,91.0,122.68,38.0,5.950000000000003,129.0,53.0,3.230537107045976,115.58,121.53,182,76.0,-46.0,0.42,116.0,2.0
07:42:25,114.07,129.0,118.08,52.0,113.15,53.0,119.64,55.0,4.010000000000005,182.0,107.0,3.817901255925881,114.07,118.08,289,75.0,107.0,0.26,116.0,
07:42:26,115.0,92.0,116.59,29.0,114.0,88.0,118.05,38.0,1.5900000000000034,180.0,67.0,3.2443134867025147,115.0,116.59,247,113.0,-42.0,0.46,115.62,8.0
07:42:27,114.42,69.0,116.97,34.0,113.79,71.0,231.26,46.0,2.549999999999997,140.0,80.0,2.2068144462096027,114.42,116.97,220,60.0,-27.0,0.27,115.2,5.0
07:42:28,114.0,80.0,117.0,30.0,113.0,30.0,330.92,38.0,3.0,110.0,68.0,1.2666609648990923,114.0,117.0,178,42.0,-42.0,0.24,115.2,
07:42:29,114.0,72.0,115.89,27.0,113.0,27.0,336.56,45.0,1.8900000000000008,99.0,72.0,0.4220781918067911,114.0,115.89,171,27.0,-7.0,0.16,114.0,3.0
07:42:30,114.0,63.0,166.0,60.0,113.0,36.0,405.08,12.0,52.0,99.0,72.0,10.969534174248254,114.0,166.0,171,27.0,0.0,0.16,114.0,
07:42:31,114.0,41.0,299.88,26.0,113.0,18.0,526.0,10.0,185.88,59.0,36.0,39.65516965037479,114.0,299.88,95,23.0,-76.0,0.24,114.0,
07:42:32,113.7,23.0,381.4,10.0,111.83,36.0,421.64,42.0,267.7,59.0,52.0,59.48680256998198,113.7,381.4,111,7.0,16.0,0.06,113.78,9.0
07:42:33,113.0,8.0,328.5,8.0,111.91,66.0,352.7,20.0,215.5,74.0,28.0,56.12478445392928,113.0,328.5,102,46.0,-9.0,0.45,113.78,
07:42:34,113.0,6.0,211.0,6.0,112.0,60.0,270.67,6.0,98.0,66.0,12.0,43.81816141738519,113.0,211.0,78,54.0,-24.0,0.69,113.78,
07:42:35,115.1,10.0,169.61,18.0,112.19,37.0,191.44,18.0,54.51000000000002,47.0,36.0,43.07802862248949,115.1,169.61,83,11.0,5.0,0.13,113.78,
07:42:36,116.0,10.0,163.3,10.0,113.0,10.0,209.82,38.0,47.30000000000001,20.0,48.0,48.89312293155368,116.0,163.3,68,-28.0,-15.0,-0.41,113.78,
07:42:37,116.0,11.0,150.39,18.0,113.0,11.0,274.91,11.0,34.389999999999986,22.0,29.0,35.839190141519865,116.0,150.39,51,-7.0,-17.0,-0.14,113.78,
07:42:38,112.52,46.0,160.7,40.0,111.86,14.0,162.0,10.0,48.17999999999999,60.0,50.0,11.285134912796176,112.52,160.7,110,10.0,59.0,0.09,114.5,2.0
07:42:39,112.0,88.0,157.74,27.0,111.0,46.0,159.82,33.0,45.74000000000001,134.0,60.0,3.6875710162666735,112.0,157.74,194,74.0,84.0,0.38,112.0,4.0
07:42:40,116.2,30.0,156.36,44.0,112.12,80.0,158.0,11.0,40.16000000000001,110.0,55.0,2.3913385373070377,116.2,156.36,165,55.0,-29.0,0.33,112.0,
07:42:43,114.78,32.0,125.0,24.0,113.33,54.0,136.71,14.0,10.22,86.0,38.0,6.941869344780913,114.78,125.0,124,48.0,-32.0,0.39,119.0,1.0
07:42:44,114.75,53.0,120.25,8.0,113.38,48.0,123.15,13.0,5.5,101.0,21.0,9.2428799624364,114.75,120.25,122,80.0,-2.0,0.66,119.0,
07:42:46,113.29,143.0,119.6,15.0,112.94,141.0,141.6,30.0,6.309999999999988,284.0,45.0,7.182439000785662,113.29,119.6,329,239.0,157.0,0.73,115.0,3.0
07:42:47,113.41,54.0,118.0,12.0,113.0,157.0,160.32,19.0,4.590000000000003,211.0,31.0,1.8425715725599645,113.40999999999998,118.0,242,180.0,-87.0,0.74,115.0,
07:42:48,115.0,18.0,170.09,11.0,114.0,71.0,352.18,11.0,55.09,89.0,22.0,11.387679746111893,115.0,170.09,111,67.0,-131.0,0.6,115.0,1.0
07:42:49,114.06,66.0,262.0,10.0,113.18,98.0,455.21,14.0,147.94,164.0,24.0,30.88515549580428,114.06,262.0,188,140.0,77.0,0.74,115.0,2.0
07:42:50,114.0,56.0,262.0,7.0,113.0,70.0,438.0,14.0,148.0,126.0,21.0,36.22074447053804,114.0,262.0,147,105.0,-41.0,0.71,115.0,
07:42:51,114.0,48.0,162.32,31.0,113.0,70.0,306.0,8.0,48.31999999999999,118.0,39.0,32.25580676405432,114.0,162.32,157,79.0,10.0,0.5,114.0,4.0
07:42:52,115.36,44.0,228.81,16.0,113.21,76.0,430.29,14.0,113.45,120.0,30.0,24.14075040258722,115.36,228.81,150,90.0,-7.0,0.6,114.0,
07:42:53,114.0,35.0,257.94,33.0,113.0,90.0,382.69,16.0,143.94,125.0,49.0,21.34984191978988,114.0,257.94,174,76.0,24.0,0.44,114.0,1.0
07:42:54,114.0,41.0,180.37,41.0,113.0,130.0,213.31,45.0,66.37,171.0,86.0,22.63158743879924,114.0,180.37,257,85.0,83.0,0.33,114.0,
07:42:55,114.0,39.0,154.97,59.0,113.0,130.0,155.97,58.0,40.97,169.0,117.0,22.446372312692613,114.0,154.97,286,52.0,29.0,0.18,114.0,
07:42:56,114.0,13.0,136.0,35.0,113.0,70.0,153.0,28.0,22.0,83.0,63.0,25.55531314619355,114.0,136.0,146,20.0,-140.0,0.14,114.0,2.0
07:42:57,114.0,12.0,134.52,58.0,113.0,120.0,137.85,55.0,20.52000000000001,132.0,113.0,25.548761613824087,114.0,134.52,245,19.0,99.0,0.08,114.0,
07:42:58,114.0,13.0,131.91,56.0,113.0,130.0,133.02,55.0,17.909999999999997,143.0,111.0,10.243548213388214,114.0,131.91,254,32.0,9.0,0.13,114.0,
07:42:59,114.0,11.0,126.33,24.0,113.0,80.0,130.2,30.0,12.329999999999998,91.0,54.0,5.413158043139673,114.0,126.33,145,37.0,-109.0,0.26,114.0,
07:43:00,113.07,108.0,116.48,21.0,112.67,30.0,122.69,42.0,3.410000000000011,138.0,63.0,4.150443349813013,113.07,116.48,201,75.0,56.0,0.37,114.0,4.0
07:43:01,111.93,83.0,114.0,12.0,110.45,31.0,127.04,27.0,2.069999999999993,114.0,39.0,4.97505577858245,111.93,114.0,153,75.0,-48.0,0.49,112.75,12.0
07:43:02,113.46,52.0,317.77,39.0,113.5,44.0,363.0,65.0,204.31,96.0,104.0,43.96783164996894,113.46,317.77,200,-8.0,47.0,-0.04,111.73,11.0
07:43:03,116.0,48.0,296.59,22.0,113.59,51.0,368.09,46.0,180.59,99.0,68.0,52.19977854359168,116.0,296.59,167,31.0,-33.0,0.19,119.0,2.0
07:43:04,116.0,32.0,295.0,8.0,114.0,32.0,297.0,24.0,179.0,64.0,32.0,52.336911639874366,116.0,295.0,96,32.0,-71.0,0.33,119.0,
07:43:05,116.0,35.0,291.82,17.0,114.0,44.0,295.3,27.0,175.82,79.0,44.0,42.674504332212464,116.0,291.82,123,35.0,27.0,0.28,116.0,1.0
07:43:10,116.55,22.0,129.62,24.0,114.44,54.0,188.21,19.0,13.070000000000007,76.0,43.0,22.756054798668583,116.55,129.62,119,33.0,31.0,0.28,119.0,1.0
07:43:11,116.0,33.0,128.47,38.0,114.0,77.0,217.36,33.0,12.47,110.0,71.0,1.8831436482663724,116.0,128.47,181,39.0,62.0,0.22,119.0,
07:43:12,116.0,17.0,126.46,41.0,114.0,77.0,127.67,36.0,10.459999999999994,94.0,77.0,1.9349082665609216,116.0,126.46,171,17.0,-10.0,0.1,116.0,2.0
07:43:13,116.0,9.0,124.33,36.0,114.0,63.0,126.0,27.0,8.329999999999998,72.0,63.0,1.861203911452372,116.0,124.33,135,9.0,-36.0,0.07,116.0,
07:43:14,116.0,7.0,124.0,28.0,114.0,49.0,126.0,21.0,8.0,56.0,49.0,1.327490112959585,116.0,124.0,105,7.0,-30.0,0.07,116.0,
07:43:15,114.85,47.0,121.91,55.0,113.5,107.0,123.72,43.0,7.060000000000002,154.0,98.0,1.4463505799097556,114.85,121.91,252,56.0,147.0,0.22,115.0,2.0
07:43:16,115.38,32.0,119.44,36.0,113.61,69.0,120.53,34.0,4.060000000000002,101.0,70.0,1.5243916819522203,115.38,119.44,171,31.0,-81.0,0.18,119.0,2.0
07:43:17,114.57,42.0,117.48,31.0,113.44,81.0,118.53,38.0,2.910000000000011,123.0,69.0,1.7528747816101773,114.57,117.48,192,54.0,21.0,0.28,116.0,2.0
07:43:18,114.0,138.0,116.13,30.0,113.0,72.0,118.2,20.0,2.1299999999999955,210.0,50.0,1.9380325074685223,114.0,116.12999999999998,260,160.0,68.0,0.62,115.0,4.0
07:43:19,114.0,181.0,116.89,27.0,113.0,81.0,120.0,9.0,2.890000000000001,262.0,36.0,1.3915926128018,114.0,116.89,298,226.0,38.0,0.76,114.0,9.0
07:43:20,114.0,132.0,115.09,33.0,113.0,99.0,405.48,27.0,1.0900000000000034,231.0,60.0,1.0977249200070085,114.0,115.09,291,171.0,-7.0,0.59,114.0,
07:43:21,114.0,78.0,252.4,20.0,113.0,72.0,464.0,19.0,138.4,150.0,39.0,30.38289436508653,114.0,252.4,189,111.0,-102.0,0.59,114.0,3.0
07:43:22,114.0,64.0,185.29,21.0,113.0,63.0,201.6,15.0,71.28999999999999,127.0,36.0,30.552776469578152,114.0,185.29,163,91.0,-26.0,0.56,114.0,2.0
07:43:23,114.0,88.0,183.15,39.0,112.84,64.0,186.9,41.0,69.15,152.0,80.0,28.537889200149507,114.0,183.15,232,72.0,69.0,0.31,114.0,
07:43:24,114.14,43.0,178.62,40.0,112.12,66.0,181.0,24.0,64.48,109.0,64.0,24.30271795499449,114.14,178.62,173,45.0,-59.0,0.26,114.0,
07:43:25,114.0,48.0,177.17,60.0,112.38,32.0,181.0,36.0,63.16999999999999,80.0,96.0,16.028895158432267,114.0,177.17,176,-16.0,3.0,-0.09,114.4,5.0
07:43:26,114.0,43.0,176.0,55.0,113.0,22.0,181.0,33.0,62.0,65.0,88.0,1.9912508631538983,114.0,176.0,153,-23.0,-23.0,-0.15,114.0,1.0
07:43:27,114.47,45.0,174.33,43.0,113.36,25.0,175.58,45.0,59.860000000000014,70.0,88.0,1.6229972273577356,114.47,174.33,158,-18.0,5.0,-0.11,114.0,
07:43:28,115.0,37.0,171.81,31.0,114.0,21.0,172.6,25.0,56.81,58.0,56.0,1.134601251546396,115.0,171.81,114,2.0,-44.0,0.02,115.0,4.0
07:43:29,114.55,22.0,169.26,31.0,113.55,22.0,171.56,41.0,54.71,44.0,72.0,1.4500620676407043,114.55,169.26,116,-28.0,2.0,-0.24,114.75,4.0
07:43:30,114.0,18.0,166.15,41.0,113.0,18.0,167.32,31.0,52.150000000000006,36.0,72.0,1.9940110330713183,114.0,166.15,108,-36.0,-8.0,-0.33,114.75,
07:43:31,114.0,14.0,164.6,25.0,113.0,14.0,165.39,31.0,50.6,28.0,56.0,2.154757526964428,114.0,164.6,84,-28.0,-24.0,-0.33,114.75,
07:43:32,114.0,22.0,158.7,37.0,113.0,22.0,163.38,45.0,44.69999999999999,44.0,82.0,2.682318027380321,114.0,158.7,126,-38.0,42.0,-0.3,114.75,
07:43:33,117.09,23.0,151.1,31.0,112.47,15.0,167.27,33.0,34.00999999999999,38.0,64.0,3.106874635386651,117.09,151.1,102,-26.0,-24.0,-0.25,113.67,3.0
07:43:44,116.67,36.0,119.33,21.0,114.21,161.0,120.68,28.0,2.6599999999999966,197.0,49.0,3.1980697303227696,116.67,119.33,246,148.0,147.0,0.6,118.0,2.0
07:43:45,114.24,143.0,117.12,25.0,113.95,132.0,118.03,34.0,2.8800000000000097,275.0,59.0,3.572816815904022,114.24,117.12,334,216.0,88.0,0.65,116.0,4.0
07:43:46,114.03,189.0,116.67,24.0,113.88,72.0,117.76,33.0,2.640000000000001,261.0,57.0,3.3795236350714264,114.03000000000002,116.67,318,204.0,-16.0,0.64,114.5,4.0
07:43:47,114.0,132.0,115.25,16.0,112.07,15.0,283.05,20.0,1.25,147.0,36.0,2.912933229582552,114.0,115.25,183,111.0,-135.0,0.61,114.0,2.0
07:43:48,114.0,128.0,230.0,21.0,112.0,16.0,420.23,22.0,116.0,144.0,43.0,25.114959685414725,114.0,230.0,187,101.0,4.0,0.54,115.0,2.0
07:43:49,114.0,202.0,233.29,34.0,113.0,52.0,267.59,37.0,119.29,254.0,71.0,31.56110660290618,114.0,233.29,325,183.0,138.0,0.56,114.0,1.0
07:43:50,114.0,124.0,120.88,17.0,113.0,48.0,122.49,35.0,6.879999999999996,172.0,52.0,31.254640775411385,114.0,120.88,224,120.0,-101.0,0.54,114.0,
07:43:51,114.0,57.0,116.11,18.0,113.0,52.0,120.27,33.0,2.1099999999999994,109.0,51.0,31.30882271820529,114.0,116.11,160,58.0,-64.0,0.36,114.0,2.0
07:43:52,113.3,40.0,115.0,12.0,112.5,32.0,228.84,49.0,1.7000000000000028,72.0,61.0,31.399220531726705,113.3,115.0,133,11.0,-27.0,0.08,113.75,4.0
07:43:53,112.75,16.0,113.71,14.0,111.8,20.0,338.76,42.0,0.9599999999999936,36.0,56.0,26.289175148718677,112.75,113.71,92,-20.0,-41.0,-0.22,112.75,4.0
07:43:54,111.2,10.0,218.56,18.0,110.11,18.0,311.57,23.0,107.36,28.0,41.0,22.37529597569621,111.2,218.56,69,-13.0,-23.0,-0.19,113.0,3.0
07:43:55,111.0,6.0,386.5,24.0,110.0,12.0,474.0,18.0,275.5,18.0,42.0,58.78704559679801,111.0,386.5,60,-24.0,-9.0,-0.4,113.0,
07:43:56,112.77,43.0,349.7,43.0,111.94,67.0,448.68,31.0,236.93,110.0,74.0,63.678924456997606,112.77,349.7,184,36.0,124.0,0.2,113.0,2.0
07:43:57,113.0,6.0,278.0,10.0,112.0,18.0,320.0,8.0,165.0,24.0,18.0,54.09203980254403,113.0,278.0,42,6.0,-142.0,0.14,113.0,
07:43:58,113.69,39.0,248.76,21.0,112.29,21.0,580.08,13.0,135.07,60.0,34.0,34.87343931991806,113.69,248.76,94,26.0,52.0,0.28,113.0,
07:43:59,114.95,38.0,120.0,45.0,112.59,17.0,204.11,9.0,5.049999999999997,55.0,54.0,50.99584473268393,114.95,120.0,109,1.0,15.0,0.01,114.0,2.0
07:44:00,114.0,21.0,120.0,35.0,111.0,15.0,251.36,22.0,6.0,36.0,57.0,50.20561651847339,114.0,120.0,93,-21.0,-16.0,-0.23,114.0,2.0
07:44:01,111.86,42.0,137.44,48.0,108.76,49.0,355.81,42.0,25.58,91.0,90.0,38.063571167193565,111.86,137.44,181,1.0,88.0,0.01,111.75,4.0
07:44:04,112.26,47.0,256.8,41.0,110.72,64.0,386.54,56.0,144.54000000000002,111.0,97.0,84.79763186551855,112.26,256.8,208,14.0,109.0,0.07,112.5,4.0
07:44:05,112.0,30.0,215.0,30.0,111.0,20.0,548.0,50.0,103.0,50.0,80.0,75.31203004832632,112.0,215.0,130,-30.0,-78.0,-0.23,112.5,
07:44:06,112.0,21.0,175.48,31.0,111.0,14.0,364.26,27.0,63.47999999999999,35.0,58.0,70.19973468610837,112.0,175.48,93,-23.0,-37.0,-0.25,112.5,
07:44:07,111.38,8.0,144.0,30.0,109.12,32.0,682.25,24.0,32.620000000000005,40.0,54.0,65.69130863363895,111.38,144.0,94,-14.0,1.0,-0.15,111.75,4.0
07:44:08,111.0,8.0,142.75,40.0,109.0,48.0,306.5,40.0,31.75,56.0,80.0,24.71512633995648,111.0,142.75,136,-24.0,42.0,-0.18,111.75,
07:44:09,115.08,59.0,141.17,53.0,109.58,33.0,455.91,56.0,26.08999999999999,92.0,109.0,15.894686848126687,115.08,141.17,201,-17.0,65.0,-0.08,112.0,4.0
07:44:10,114.16,25.0,136.95,19.0,113.26,19.0,139.87,47.0,22.789999999999992,44.0,66.0,7.52272357594057,114.16,136.95,110,-22.0,-91.0,-0.2,112.0,
07:44:11,114.06,16.0,134.29,14.0,112.12,8.0,135.91,22.0,20.22999999999999,24.0,36.0,1.6238472834636386,114.06,134.29,60,-12.0,-50.0,-0.2,115.0,1.0
07:44:12,114.0,36.0,133.33,60.0,111.0,14.0,135.0,12.0,19.330000000000013,50.0,72.0,1.8560441805119527,114.0,133.33,122,-22.0,62.0,-0.18,115.0,
07:44:13,114.0,28.0,130.74,39.0,111.29,21.0,131.74,19.0,16.74000000000001,49.0,58.0,2.1924689279468312,114.0,130.74,107,-9.0,-15.0,-0.08,114.0,1.0
07:44:14,114.0,28.0,125.14,14.0,112.0,14.0,126.71,14.0,11.14,42.0,28.0,2.2616542618208544,114.0,125.14,70,14.0,-37.0,0.2,114.0,
07:44:15,114.0,22.0,119.82,11.0,112.0,11.0,124.0,11.0,5.819999999999993,33.0,22.0,3.0519043235351475,114.0,119.82,55,11.0,-15.0,0.2,114.0,
07:44:16,114.0,20.0,118.0,32.0,112.0,8.0,119.0,12.0,4.0,28.0,44.0,3.3309428094779125,114.0,118.0,72,-16.0,17.0,-0.22,114.0,
07:44:17,114.0,40.0,117.27,22.0,112.0,10.0,158.03,29.0,3.269999999999996,50.0,51.0,2.8403996197740744,114.0,117.27,101,-1.0,29.0,-0.01,116.17,6.0
07:44:18,115.25,32.0,124.0,8.0,113.14,14.0,348.62,37.0,8.75,46.0,45.0,1.9251934967718791,115.25,124.0,91,1.0,-10.0,0.01,116.17,
07:44:20,116.73,44.0,122.0,12.0,113.87,60.0,212.03,31.0,5.269999999999996,104.0,43.0,2.4535688292796376,116.73,122.0,147,61.0,37.0,0.41,117.0,5.0
07:44:21,115.28,18.0,122.0,9.0,115.08,38.0,137.0,45.0,6.719999999999999,56.0,54.0,2.066959119095634,115.28,122.0,110,2.0,-37.0,0.02,114.0,5.0
07:44:23,116.28,53.0,120.0,11.0,115.57,56.0,214.0,15.0,3.719999999999999,109.0,26.0,1.2087679678137355,116.28,120.0,135,83.0,20.0,0.61,116.75,4.0
07:44:24,116.07,60.0,120.0,9.0,113.87,15.0,228.0,9.0,3.930000000000007,75.0,18.0,0.766074408926851,116.07,120.0,93,57.0,-42.0,0.61,116.75,
07:44:25,116.0,91.0,119.08,13.0,114.32,31.0,314.23,31.0,3.0799999999999983,122.0,44.0,0.8558446120719969,116.0,119.08,166,78.0,73.0,0.47,116.75,
07:44:26,116.0,56.0,118.78,9.0,112.97,29.0,177.65,20.0,2.780000000000001,85.0,29.0,0.9552329558870448,116.0,118.78,114,56.0,-52.0,0.49,116.75,
07:44:27,114.75,55.0,118.0,28.0,112.96,82.0,119.0,14.0,3.25,137.0,42.0,0.7037257988824785,114.75,118.0,179,95.0,65.0,0.53,115.1,10.0
07:44:28,114.0,36.0,117.09,22.0,113.0,52.0,117.93,15.0,3.0900000000000034,88.0,37.0,1.0001399902077988,114.0,117.09,125,51.0,-54.0,0.41,115.1,
07:44:29,114.0,60.0,115.0,28.0,113.0,14.0,116.0,28.0,1.0,74.0,56.0,1.277556260997122,114.0,115.0,130,18.0,5.0,0.14,115.1,
07:44:30,114.0,66.0,115.0,12.0,113.0,6.0,161.37,27.0,1.0,72.0,39.0,1.2450180721632236,114.0,115.0,111,33.0,-19.0,0.3,114.5,4.0
07:44:31,114.0,156.0,164.86,49.0,113.0,13.0,430.15,65.0,50.860000000000014,169.0,114.0,10.8510345128938,114.0,164.86,283,55.0,172.0,0.19,114.5,
07:44:32,114.03,88.0,162.36,11.0,113.33,15.0,189.43,28.0,48.33000000000001,103.0,39.0,13.140366433247271,114.03,162.36,142,64.0,-141.0,0.45,114.5,
07:44:36,116.73,37.0,158.57,7.0,114.86,49.0,185.96,23.0,41.83999999999999,86.0,30.0,0.8299216830576497,116.73,158.57,116,56.0,-14.0,0.48,117.8,5.0
07:44:37,116.0,79.0,155.58,12.0,114.0,84.0,157.5,12.0,39.58000000000001,163.0,24.0,1.5860485490707208,116.0,155.58,187,139.0,71.0,0.74,116.0,5.0
07:44:38,116.0,30.0,154.93,15.0,114.0,105.0,156.0,15.0,38.93000000000001,135.0,30.0,1.7321431811514592,116.0,154.93,165,105.0,-22.0,0.64,116.0,
07:44:39,116.0,18.0,153.22,9.0,114.0,63.0,154.44,9.0,37.22,81.0,18.0,1.7825206871196828,116.0,153.22,99,63.0,-66.0,0.64,116.0,
07:44:40,116.0,18.0,153.0,9.0,114.0,63.0,154.0,9.0,37.0,81.0,18.0,1.269401433751285,116.0,153.0,99,63.0,0.0,0.64,116.0,
07:44:41,115.0,36.0,151.25,12.0,113.95,66.0,152.33,12.0,36.25,102.0,24.0,1.0398894172026272,115.0,151.25,126,78.0,27.0,0.62,115.33,3.0
07:44:42,114.0,84.0,122.81,16.0,113.0,14.0,123.69,32.0,8.810000000000002,98.0,48.0,7.211433283336323,114.0,122.81,146,50.0,20.0,0.34,115.33,
07:44:43,114.0,66.0,119.18,11.0,113.0,11.0,120.36,11.0,5.180000000000007,77.0,22.0,9.121103551654905,114.0,119.18,99,55.0,-47.0,0.56,115.33,
07:44:44,113.54,26.0,116.86,7.0,112.09,11.0,120.0,7.0,3.319999999999993,37.0,14.0,9.434910174453831,113.54,116.86,51,23.0,-48.0,0.45,113.57,7.0
07:44:45,113.57,23.0,115.3,10.0,112.1,20.0,120.0,10.0,1.730000000000004,43.0,20.0,7.73535713461332,113.56999999999998,115.3,63,23.0,12.0,0.37,113.57,
07:44:46,114.0,25.0,117.1,10.0,112.0,20.0,381.5,10.0,3.0999999999999943,45.0,20.0,1.5376215399160704,114.0,117.1,65,25.0,2.0,0.38,114.0,1.0
07:44:47,111.81,21.0,341.71,17.0,109.63,38.0,580.24,25.0,229.9,59.0,42.0,49.78875605997813,111.81000000000002,341.71,101,17.0,36.0,0.17,113.4,5.0
07:44:48,111.0,12.0,253.87,23.0,109.0,24.0,262.22,9.0,142.87,36.0,32.0,51.485557489455296,111.0,253.87,68,4.0,-33.0,0.06,113.4,
07:44:49,111.0,18.0,200.72,29.0,100.21,39.0,249.59,34.0,89.72,57.0,63.0,47.49902451629933,111.0,200.72,120,-6.0,52.0,-0.05,113.4,
07:44:50,111.0,12.0,151.11,9.0,84.44,36.0,200.13,23.0,40.110000000000014,48.0,32.0,44.05473039300098,111.0,151.11,80,16.0,-40.0,0.2,110.33,3.0
07:44:51,109.0,63.0,196.69,29.0,66.0,16.0,272.53,17.0,87.69,79.0,46.0,36.697107515443264,109.0,196.69,125,33.0,45.0,0.26,109.0,1.0
07:44:52,109.0,70.0,160.0,28.0,67.31,32.0,177.14,37.0,51.0,102.0,65.0,20.519091597826804,109.0,160.0,167,37.0,42.0,0.22,109.0,
07:44:53,109.0,63.0,157.0,36.0,73.2,70.0,158.33,36.0,48.0,133.0,72.0,11.885256412884347,109.0,157.0,205,61.0,38.0,0.3,109.0,
07:44:54,109.77,62.0,154.3,40.0,103.44,72.0,155.6,40.0,44.530000000000015,134.0,80.0,9.118032682547778,109.77,154.3,214,54.0,9.0,0.25,109.0,
07:44:55,113.51,74.0,152.55,44.0,110.9,69.0,153.55,44.0,39.040000000000006,143.0,88.0,8.852746466493286,113.51,152.55,231,55.0,17.0,0.24,109.0,
