Time,Bid1_Price,Bid1_Volume,Ask1_Price,Ask1_Volume,Bid2_Price,Bid2_Volume,Ask2_Price,Ask2_Volume,Bid_Ask_Spread,Market_Depth_Bid,Market_Depth_Ask,Historical_Volatility,Weighted_Avg_Bid_Price,Weighted_Avg_Ask_Price,Total_volume,Cumulative_Volume_Difference,Total_Volume_Change_Corrected,Order_imbalance,Weighted_Avg_Price,Trade_Volume
07:30:05,84.46,26.0,109.36,22.0,74.58,45.0,277.57,21.0,24.90000000000001,71.0,43.0,41.72175847204909,84.46000000000001,109.36,114,28.0,42.0,0.25,103.5,4.0
07:30:06,108.31,13.0,292.12,16.0,107.67,18.0,494.6,25.0,183.81,31.0,41.0,73.73793575901077,108.31,292.12,72,-10.0,-42.0,-0.14,117.0,2.0
07:30:07,109.25,4.0,280.38,16.0,108.0,12.0,665.38,16.0,171.13,16.0,32.0,70.69712052127724,109.25,280.38,48,-16.0,-24.0,-0.33,117.0,
07:30:08,111.5,18.0,160.0,30.0,110.0,6.0,366.38,26.0,48.5,24.0,56.0,62.54854418769472,111.5,160.0,80,-32.0,32.0,-0.4,117.0,
07:30:09,112.29,21.0,159.29,35.0,110.73,15.0,234.52,31.0,46.99999999999999,36.0,66.0,43.92373253720588,112.29,159.29,102,-30.0,22.0,-0.29,117.0,
07:30:10,113.0,25.0,157.39,41.0,112.0,9.0,192.2,25.0,44.38999999999999,34.0,66.0,33.97787706729187,113.0,157.39,100,-32.0,-2.0,-0.32,113.0,2.0
07:30:11,113.0,8.0,153.61,36.0,112.0,8.0,155.67,12.0,40.610000000000014,16.0,48.0,26.761328816035995,113.0,153.61,64,-32.0,-36.0,-0.5,113.0,
07:30:12,111.03,73.0,148.92,26.0,109.18,17.0,152.79,39.0,37.88999999999999,90.0,65.0,2.466927238488811,111.03,148.92,155,25.0,91.0,0.16,111.43,7.0
07:30:13,111.0,32.0,134.91,32.0,109.0,16.0,143.45,29.0,23.91,48.0,61.0,5.262331232448029,111.0,134.91,109,-13.0,-46.0,-0.12,111.43,
07:30:14,111.0,28.0,131.84,19.0,109.0,14.0,133.25,32.0,20.840000000000003,42.0,51.0,6.146533169193676,111.0,131.84,93,-9.0,-16.0,-0.1,111.43,
07:30:15,111.0,12.0,129.64,11.0,109.0,6.0,131.67,6.0,18.639999999999983,18.0,17.0,5.722799140280755,111.0,129.64,35,1.0,-58.0,0.03,111.43,
07:30:16,111.0,40.0,127.98,46.0,109.0,20.0,128.69,26.0,16.980000000000004,60.0,72.0,4.200615431100325,111.0,127.98,132,-12.0,97.0,-0.09,111.43,
07:30:17,111.0,36.0,125.08,24.0,109.0,18.0,126.38,21.0,14.079999999999998,54.0,45.0,1.8666360116525869,111.0,125.08,99,9.0,-33.0,0.09,111.43,
07:30:18,111.12,40.0,120.16,45.0,109.94,34.0,122.19,32.0,9.039999999999992,74.0,77.0,2.2387764515463204,111.12,120.16,151,-3.0,52.0,-0.02,111.43,
07:30:19,113.0,15.0,116.73,49.0,111.1,58.0,117.71,48.0,3.730000000000004,73.0,97.0,2.3681575116529654,113.0,116.73,170,-24.0,19.0,-0.14,111.43,
07:30:20,109.33,36.0,113.95,102.0,107.18,72.0,114.87,102.0,4.6200000000000045,108.0,204.0,3.0305659537450174,109.33,113.95,312,-96.0,142.0,-0.31,111.29,7.0
07:30:21,107.0,45.0,112.6,75.0,102.12,67.0,113.87,75.0,5.599999999999994,112.0,150.0,3.277868209675088,107.0,112.6,262,-38.0,-50.0,-0.15,111.29,
07:30:22,107.0,15.0,109.35,23.0,102.0,25.0,110.45,22.0,2.3499999999999943,40.0,45.0,3.2063265585399505,107.0,109.35,85,-5.0,-170.5,-0.06,111.29,
07:30:23,103.43,63.0,107.86,49.0,98.25,48.0,109.03,58.0,4.429999999999993,111.0,107.0,3.4929257077697367,103.43,107.86,218,4.0,133.0,0.02,107.0,3.0
07:30:24,101.87,71.0,104.33,60.0,94.61,49.0,105.91,22.0,2.4599999999999937,120.0,82.0,3.37467035427148,101.87,104.33,202,38.0,-16.0,0.19,102.38,8.0
07:30:25,88.06,17.0,107.84,19.0,87.93,73.0,110.4,20.0,19.78,90.0,39.0,4.65800064405308,88.06,107.84,129,51.0,-73.0,0.4,104.14,7.0
07:30:26,82.25,36.0,107.33,27.0,44.75,24.0,190.84,32.0,25.08,60.0,59.0,5.497513074108966,82.25,107.33,119,1.0,-10.0,0.01,108.0,1.0
07:30:27,95.35,31.0,105.0,11.0,93.46,13.0,106.0,16.0,9.650000000000006,44.0,27.0,4.249925881706538,95.35,105.0,71,17.0,-48.0,0.24,108.0,
07:30:28,96.27,33.0,102.43,35.0,94.6,15.0,105.21,24.0,6.160000000000011,48.0,59.0,3.046478294687024,96.27,102.43,107,-11.0,36.0,-0.1,108.0,
07:30:36,99.0,18.0,104.0,35.0,96.0,27.0,105.0,27.0,5.0,45.0,62.0,1.2645078093863924,99.0,104.0,107,-17.0,-37.0,-0.16,104.0,3.0
07:30:37,99.17,24.0,104.0,48.0,95.33,36.0,105.0,36.0,4.829999999999998,60.0,84.0,1.5890877886382355,99.17,104.0,144,-24.0,37.0,-0.17,104.0,
07:30:38,100.0,18.0,104.0,36.0,94.0,27.0,105.0,27.0,4.0,45.0,63.0,1.627175466874771,100.0,104.0,108,-18.0,-36.0,-0.17,104.0,
07:30:39,101.2,20.0,104.0,46.0,95.35,34.0,105.0,34.0,2.799999999999997,54.0,80.0,1.304875472985491,101.2,104.0,134,-26.0,26.0,-0.19,104.0,2.0
07:30:40,98.76,17.0,105.78,36.0,96.16,19.0,180.15,20.0,7.019999999999996,36.0,56.0,0.4633573135271594,98.76,105.78,92,-20.0,-42.0,-0.22,104.0,6.0
07:30:41,97.66,44.0,105.14,21.0,95.12,16.0,106.25,48.0,7.480000000000004,60.0,69.0,0.4911211663114358,97.66,105.14,129,-9.0,37.0,-0.07,104.0,
07:30:42,99.04,23.0,103.12,24.0,97.43,28.0,105.26,19.0,4.079999999999998,51.0,43.0,0.6234580980299339,99.04,103.12,94,8.0,-35.0,0.09,104.0,
07:30:43,100.73,30.0,103.0,27.0,95.62,39.0,104.0,68.0,2.269999999999996,69.0,95.0,0.6193787209769982,100.73,103.0,164,-26.0,70.0,-0.16,103.0,2.0
07:30:44,101.64,25.0,103.0,11.0,97.82,17.0,104.0,66.0,1.3599999999999994,42.0,77.0,0.5417287143941161,101.64,103.0,119,-35.0,-45.0,-0.29,103.0,
07:30:45,101.0,10.0,102.42,12.0,95.0,30.0,103.37,49.0,1.4200000000000017,40.0,61.0,0.4703509328141076,101.0,102.42,101,-21.0,-18.0,-0.21,102.0,2.0
07:30:55,100.0,40.0,102.21,14.0,93.46,104.0,102.9,29.0,2.2099999999999937,144.0,43.0,1.739706871860624,100.0,102.21,187,101.0,-85.0,0.54,102.62,8.0
07:30:56,93.0,161.0,103.0,14.0,36.14,35.0,104.0,7.0,10.0,196.0,21.0,1.663183694003486,93.0,103.0,217,175.0,30.0,0.81,102.62,
07:30:57,93.13,95.0,103.0,16.0,81.46,104.0,104.0,8.0,9.870000000000005,199.0,24.0,1.3494332143530097,93.13,103.0,223,175.0,6.0,0.78,102.62,
07:30:58,97.18,22.0,105.0,13.0,93.53,228.0,106.72,39.0,7.819999999999993,250.0,52.0,1.5842506114876933,97.18,105.0,302,198.0,79.0,0.66,104.9,10.0
07:30:59,100.21,29.0,106.0,8.0,98.27,117.0,107.0,32.0,5.790000000000006,146.0,40.0,2.203626556383623,100.21,106.0,186,106.0,-116.0,0.57,104.9,
07:31:00,102.0,58.0,106.0,16.0,100.86,214.0,107.0,64.0,4.0,272.0,80.0,2.7816002588436675,102.0,106.0,352,192.0,166.0,0.55,104.9,
07:31:01,102.84,100.0,106.83,29.0,101.93,81.0,170.6,50.0,3.989999999999995,181.0,79.0,2.7081968170720465,102.84,106.83,260,102.0,-92.0,0.39,106.0,1.0
07:31:02,103.71,45.0,223.92,50.0,103.58,48.0,420.62,52.0,120.21,93.0,102.0,27.12121992094012,103.71,223.92,195,-9.0,-65.0,-0.05,106.1,10.0
07:31:03,111.96,134.0,212.26,23.0,108.56,113.0,320.46,13.0,100.3,247.0,36.0,32.320687956787054,111.96,212.26,283,211.0,88.0,0.75,106.1,
07:31:04,113.0,135.0,201.0,11.0,112.0,126.0,206.72,25.0,88.0,261.0,36.0,31.08292891604649,113.0,201.0,297,225.0,14.0,0.76,106.1,
07:31:05,113.0,114.0,184.32,22.0,112.0,170.0,201.75,24.0,71.32,284.0,46.0,24.453454357206866,113.0,184.32,330,238.0,33.0,0.72,113.0,4.0
07:31:06,113.0,116.0,177.0,63.0,112.0,204.0,200.0,12.0,64.0,320.0,75.0,8.246733898944452,113.0,177.0,395,245.0,65.0,0.62,113.0,4.0
07:31:07,113.0,60.0,176.07,14.0,112.0,170.0,177.5,46.0,63.06999999999999,230.0,60.0,7.771294615442111,113.0,176.07,290,170.0,-105.0,0.59,113.0,2.0
07:31:08,113.0,40.0,155.08,12.0,112.0,136.0,176.89,36.0,42.08000000000001,176.0,48.0,8.278485368713248,113.0,155.08,224,128.0,-66.0,0.57,113.0,
07:31:09,113.0,45.0,139.0,35.0,112.0,153.0,157.0,27.0,26.0,198.0,62.0,9.374290373142864,113.0,139.0,260,136.0,36.0,0.52,114.0,1.0
07:31:10,113.0,30.0,154.0,40.0,112.0,136.0,173.0,8.0,41.0,166.0,48.0,8.095151635392552,113.0,154.0,214,118.0,-46.0,0.55,113.0,2.0
07:31:11,113.0,27.0,144.82,33.0,112.0,153.0,155.73,33.0,31.819999999999997,180.0,66.0,7.061148631773616,113.0,144.82,246,114.0,32.0,0.46,113.0,
07:31:12,113.0,30.0,150.47,15.0,112.0,153.0,153.84,37.0,37.47,183.0,52.0,3.363707775654454,113.0,150.47,235,131.0,-11.0,0.56,113.0,
07:31:13,113.0,13.0,148.71,28.0,112.0,119.0,151.0,7.0,35.71000000000001,132.0,35.0,2.8710015673973737,113.0,148.71,167,97.0,-68.0,0.58,113.0,3.0
07:31:14,113.0,19.0,147.62,52.0,112.0,204.0,322.07,44.0,34.620000000000005,223.0,96.0,1.7049545448481218,113.0,147.62,319,127.0,152.0,0.4,113.0,1.0
07:31:15,112.21,57.0,145.7,37.0,111.83,108.0,147.09,44.0,33.489999999999995,165.0,81.0,1.2226733005991994,112.21,145.7,246,84.0,-73.0,0.34,112.5,4.0
07:31:16,112.34,177.0,142.92,53.0,110.73,52.0,144.62,64.0,30.579999999999984,229.0,117.0,1.6182614127507655,112.34,142.92,346,112.0,100.0,0.32,112.5,
07:31:17,117.0,60.0,138.8,41.0,112.0,150.0,140.31,49.0,21.80000000000001,210.0,90.0,1.4297797033102722,117.0,138.8,300,120.0,-46.0,0.4,112.5,
07:31:18,117.0,72.0,137.0,44.0,112.0,180.0,138.08,59.0,20.0,252.0,103.0,1.2996730358047357,117.0,137.0,355,149.0,55.0,0.42,112.5,
07:31:19,117.0,78.0,131.69,58.0,112.0,195.0,133.19,57.0,14.689999999999998,273.0,115.0,1.7310632570757654,117.0,131.69,388,158.0,33.0,0.41,112.5,
07:31:20,117.0,66.0,126.0,57.0,112.0,66.0,127.86,66.0,9.0,132.0,123.0,2.726770984149123,117.0,126.0,255,9.0,-133.0,0.04,117.0,3.0
07:31:21,115.75,60.0,120.5,60.0,111.78,94.0,121.56,72.0,4.75,154.0,132.0,4.027718957424582,115.75,120.5,286,22.0,31.0,0.08,117.0,3.0
07:31:22,112.0,45.0,115.43,35.0,111.0,63.0,116.29,17.0,3.430000000000007,108.0,52.0,5.215896854808106,112.0,115.43,160,56.0,-126.0,0.35,117.0,
07:31:23,111.56,45.0,113.12,24.0,110.78,55.0,121.5,40.0,1.5600000000000025,100.0,64.0,5.071973974696317,111.56,113.12,164,36.0,4.0,0.22,111.83,6.0
07:31:24,111.0,26.0,112.0,45.0,107.15,26.0,204.71,41.0,1.0,52.0,86.0,4.243592817412671,111.0,112.0,138,-34.0,-26.0,-0.25,111.0,4.0
07:31:25,109.67,24.0,139.0,32.0,107.62,26.0,262.38,24.0,29.33,50.0,56.0,5.309731631636054,109.67,139.0,106,-6.0,-32.0,-0.06,111.0,2.0
07:31:26,109.0,56.0,182.93,42.0,107.2,30.0,233.38,39.0,73.93,86.0,81.0,14.584812991601826,109.0,182.93,167,5.0,61.0,0.03,111.0,
07:31:27,109.0,40.0,179.7,30.0,108.0,10.0,272.7,30.0,70.69999999999999,50.0,60.0,16.73601296605611,109.0,179.7,110,-10.0,-57.0,-0.09,111.0,
07:31:28,111.09,11.0,176.1,30.0,109.07,30.0,298.78,27.0,65.00999999999999,41.0,57.0,15.34657518796944,111.09,176.1,98,-16.0,-12.0,-0.16,113.0,2.0
07:31:29,111.46,13.0,172.84,49.0,109.0,52.0,173.86,42.0,61.38000000000001,65.0,91.0,8.909897305805526,111.46,172.84,156,-26.0,58.0,-0.17,113.0,
07:31:30,110.55,20.0,170.71,42.0,109.79,38.0,171.86,42.0,60.16000000000001,58.0,84.0,2.0440327786024373,110.55,170.71,142,-26.0,-14.0,-0.18,111.6,5.0
07:31:31,107.25,24.0,169.0,24.0,102.8,10.0,171.0,32.0,61.75,34.0,56.0,2.488563842862153,107.25,169.0,90,-22.0,-52.0,-0.24,109.0,3.0
07:31:32,106.46,28.0,166.14,37.0,101.75,12.0,167.83,35.0,59.67999999999999,40.0,72.0,2.9612412937821464,106.46,166.14,112,-32.0,22.0,-0.29,107.0,7.0
07:31:33,102.0,12.0,112.91,32.0,101.0,12.0,131.43,35.0,10.909999999999997,24.0,67.0,14.420660525787282,102.0,112.91,91,-43.0,-21.0,-0.47,106.0,1.0
07:31:34,103.75,8.0,105.25,24.0,102.62,8.0,106.1,20.0,1.5,16.0,44.0,17.829566736182866,103.75,105.25,60,-28.0,-31.0,-0.47,104.0,1.0
07:31:35,104.0,9.0,105.72,25.0,102.0,9.0,106.4,15.0,1.7199999999999989,18.0,40.0,17.360975779028028,104.0,105.72,58,-22.0,-2.0,-0.38,105.0,1.0
07:31:36,102.86,7.0,105.0,14.0,80.43,14.0,106.0,21.0,2.140000000000001,21.0,35.0,13.980295776556265,102.86,105.0,56,-14.0,-2.0,-0.25,104.0,1.0
07:31:37,102.0,5.0,105.0,10.0,75.29,14.0,106.0,15.0,3.0,19.0,25.0,1.5452734385849272,102.0,105.0,44,-6.0,-12.0,-0.14,104.0,
07:31:46,102.0,10.0,105.0,16.0,0.0,0.0,106.0,12.0,3.0,10.0,28.0,13.842441981095474,102.0,105.0,38,-18.0,-5.0,-0.47,104.0,
07:31:47,102.0,35.0,104.79,19.0,57.0,16.0,105.52,21.0,2.7900000000000063,51.0,40.0,16.6523731041553,102.0,104.79,91,11.0,53.0,0.12,104.0,
07:31:48,102.0,15.0,103.0,3.0,63.33,12.0,104.0,3.0,1.0,27.0,6.0,17.947294225035574,102.0,103.0,33,21.0,-58.0,0.64,104.0,
07:31:49,102.0,25.0,105.4,5.0,29.2,20.0,106.82,17.0,3.4000000000000057,45.0,22.0,15.579877085522718,102.0,105.4,67,23.0,34.0,0.34,104.88,8.0
07:31:50,102.0,35.0,106.0,7.0,16.57,28.0,107.0,28.0,4.0,63.0,35.0,0.5631340870490461,102.0,106.0,98,28.0,31.0,0.29,104.88,
07:31:51,102.0,39.0,106.53,15.0,47.89,36.0,129.59,34.0,4.530000000000001,75.0,49.0,0.683571503206926,102.0,106.53,124,26.0,26.0,0.21,105.33,3.0
07:31:52,102.0,44.0,215.43,35.0,63.09,44.0,388.17,29.0,113.43,88.0,64.0,24.64738586544216,102.0,215.43,152,24.0,28.0,0.16,105.0,10.0
07:31:53,111.0,36.0,389.75,12.0,102.0,16.0,517.5,12.0,278.75,52.0,24.0,63.90505981532292,111.0,389.75,76,28.0,-76.0,0.37,105.0,
07:31:54,111.0,45.0,326.6,15.0,104.27,22.0,731.2,15.0,215.6,67.0,30.0,66.34751743660046,111.0,326.6,97,37.0,21.0,0.38,105.0,
07:31:57,111.04,46.0,271.6,35.0,108.05,42.0,490.97,37.0,160.56,88.0,72.0,57.96956813708388,111.04,271.6,160,16.0,-34.0,0.1,111.0,4.0
07:31:58,111.78,23.0,161.27,55.0,110.54,52.0,452.0,32.0,49.49000000000001,75.0,87.0,79.67939275622028,111.78,161.27,162,-12.0,2.0,-0.07,111.0,
07:31:59,114.0,11.0,158.27,55.0,111.67,15.0,297.81,31.0,44.27000000000001,26.0,86.0,91.47103109728242,114.0,158.27,112,-60.0,-50.0,-0.54,111.0,
07:32:00,114.0,8.0,157.0,40.0,112.0,8.0,301.75,16.0,43.0,16.0,56.0,65.94225936377974,114.0,157.0,72,-40.0,-40.0,-0.56,111.0,
07:32:01,114.84,32.0,155.92,60.0,112.57,21.0,225.5,20.0,41.079999999999984,53.0,80.0,24.794626030654147,114.84,155.92,133,-27.0,61.0,-0.2,111.0,
07:32:02,113.52,77.0,155.0,80.0,112.65,31.0,325.28,29.0,41.48,108.0,109.0,0.8664987016663968,113.51999999999998,155.0,217,-1.0,84.0,-0.0,114.71,7.0
07:32:03,115.29,21.0,268.38,34.0,112.99,109.0,406.62,26.0,153.08999999999995,130.0,60.0,25.28110005517941,115.29,268.38,190,70.0,-27.0,0.37,114.71,
07:32:04,117.0,10.0,194.45,22.0,113.0,90.0,362.75,12.0,77.44999999999999,100.0,34.0,24.76320758706338,117.0,194.45,134,66.0,-56.0,0.49,114.71,
07:32:05,117.0,15.0,269.74,19.0,113.0,137.0,378.46,37.0,152.74,152.0,56.0,29.11737333620593,117.0,269.74,208,96.0,74.0,0.46,114.71,
07:32:06,117.0,9.0,153.0,9.0,113.0,85.0,291.89,27.0,36.0,94.0,36.0,29.2049613935714,117.0,153.0,130,58.0,-78.0,0.45,114.71,
07:32:07,113.09,86.0,129.67,42.0,112.6,30.0,180.33,21.0,16.579999999999984,116.0,63.0,32.63432196323367,113.09,129.67,179,53.0,49.0,0.3,114.33,3.0
07:32:08,114.03,58.0,123.82,17.0,112.96,95.0,125.0,85.0,9.789999999999992,153.0,102.0,30.79070265518461,114.03,123.82,255,51.0,76.0,0.2,114.33,
07:32:09,113.13,60.0,122.67,9.0,112.47,15.0,125.0,45.0,9.540000000000006,75.0,54.0,32.079576524636224,113.12999999999998,122.67,129,21.0,-126.0,0.16,115.0,4.0
07:32:10,113.0,99.0,122.0,15.0,112.0,15.0,125.0,75.0,9.0,114.0,90.0,7.344529937306351,113.0,122.0,204,24.0,75.0,0.12,113.0,2.0
07:32:11,113.0,45.0,120.85,40.0,112.0,12.0,121.44,18.0,7.849999999999994,57.0,58.0,1.755870154649451,113.0,120.85,115,-1.0,-89.0,-0.01,113.0,3.0
07:32:12,113.0,10.0,118.33,12.0,112.0,9.0,119.2,15.0,5.329999999999998,19.0,27.0,1.206536364967309,113.0,118.33,46,-8.0,-69.0,-0.17,113.0,1.0
07:32:13,113.0,10.0,115.8,10.0,111.3,30.0,119.0,20.0,2.799999999999997,40.0,30.0,1.434649783044069,113.0,115.8,70,10.0,24.0,0.14,113.0,
07:32:14,112.37,19.0,114.46,13.0,111.25,56.0,117.53,19.0,2.089999999999989,75.0,32.0,1.7023072578087344,112.37,114.46,107,43.0,37.0,0.4,113.0,1.0
07:32:15,111.15,66.0,113.17,40.0,110.19,59.0,116.35,17.0,2.019999999999996,125.0,57.0,1.8640198496765432,111.15,113.17,182,68.0,75.0,0.37,112.0,2.0
07:32:16,111.0,51.0,112.0,32.0,109.0,24.0,236.32,28.0,1.0,75.0,60.0,1.6805267031463682,111.0,112.0,135,15.0,-47.0,0.11,111.0,1.0
07:32:17,111.0,14.0,155.0,35.0,109.0,21.0,297.29,7.0,44.0,35.0,42.0,9.072865038122664,111.0,155.0,77,-7.0,-58.0,-0.09,111.0,4.0
07:32:18,107.0,63.0,301.5,8.0,106.0,70.0,423.0,13.0,194.5,133.0,21.0,39.810531646789045,107.0,301.5,154,112.0,77.0,0.73,109.8,5.0
07:32:19,107.0,36.0,173.0,5.0,106.0,50.0,398.27,11.0,66.0,86.0,16.0,37.96120546031162,107.0,173.0,102,70.0,-52.0,0.69,107.0,3.0
07:32:20,109.67,18.0,135.8,25.0,106.9,97.0,338.78,27.0,26.13000000000001,115.0,52.0,36.267090178286885,109.67,135.8,167,63.0,65.0,0.38,107.0,
07:32:21,112.79,28.0,138.25,24.0,107.87,23.0,231.0,8.0,25.459999999999997,51.0,32.0,33.74513224155439,112.79,138.25,83,19.0,-84.0,0.23,107.0,
07:32:22,113.0,115.0,255.15,26.0,111.0,10.0,441.15,20.0,142.15,125.0,46.0,36.7632048385338,113.0,255.15000000000003,171,79.0,88.0,0.46,113.0,5.0
07:32:23,113.0,52.0,316.14,35.0,108.18,17.0,318.0,14.0,203.14,69.0,49.0,40.31542074690521,113.0,316.14,118,20.0,-53.0,0.17,113.0,4.0
07:32:24,113.0,79.0,315.11,45.0,110.12,48.0,436.91,22.0,202.11,127.0,67.0,45.59307480308822,113.0,315.11,194,60.0,76.0,0.31,113.0,2.0
07:32:25,113.0,123.0,158.52,61.0,112.0,70.0,288.14,37.0,45.52000000000001,193.0,98.0,42.31358788852582,113.0,158.52,291,95.0,97.0,0.33,113.0,1.0
07:32:26,113.0,56.0,155.16,32.0,112.0,35.0,252.59,17.0,42.16,91.0,49.0,39.927241327194125,113.0,155.16,140,42.0,-151.0,0.3,113.0,
07:32:27,113.0,96.0,153.07,28.0,112.0,60.0,178.88,52.0,40.06999999999999,156.0,80.0,43.84078603309932,113.0,153.07,236,76.0,96.0,0.32,113.0,
07:32:28,113.0,80.0,148.44,34.0,112.0,50.0,152.31,26.0,35.44,130.0,60.0,36.118459546331614,113.0,148.44,190,70.0,-46.0,0.37,113.0,
07:32:29,113.0,104.0,148.0,70.0,112.0,70.0,150.0,14.0,35.0,174.0,84.0,2.240089283932808,113.0,148.0,258,90.0,68.0,0.35,113.0,
07:32:30,113.0,56.0,140.14,22.0,112.0,40.0,146.38,32.0,27.139999999999983,96.0,54.0,2.898261547892176,113.0,140.14,150,42.0,-108.0,0.28,113.0,
07:32:31,113.0,62.0,138.0,8.0,112.0,40.0,140.73,26.0,25.0,102.0,34.0,3.135726391123764,113.0,138.0,136,68.0,-14.0,0.5,113.0,5.0
07:32:32,113.0,60.0,136.78,32.0,112.0,60.0,139.88,40.0,23.78,120.0,72.0,2.7817674237775263,113.0,136.78,192,48.0,56.0,0.25,113.0,
07:32:33,113.0,60.0,133.19,16.0,112.0,60.0,134.02,56.0,20.19,120.0,72.0,2.7597373063372665,113.0,133.19,192,48.0,0.0,0.25,113.0,
07:32:34,113.0,55.0,121.18,33.0,112.0,55.0,122.0,41.0,8.180000000000007,110.0,74.0,3.761225863995589,113.0,121.18,184,36.0,-8.0,0.2,113.0,
07:32:35,113.0,50.0,117.17,42.0,112.0,50.0,118.67,18.0,4.170000000000002,100.0,60.0,4.743421760711261,113.0,117.17,160,40.0,-24.0,0.25,113.0,
07:32:36,112.82,55.0,115.74,35.0,111.96,47.0,159.72,29.0,2.9200000000000017,102.0,64.0,4.81269467138617,112.82,115.74,166,38.0,6.0,0.23,113.0,5.0
07:32:37,112.0,28.0,147.74,35.0,111.0,11.0,270.22,36.0,35.74000000000001,39.0,71.0,6.562931509621977,112.0,147.74,110,-32.0,-56.0,-0.29,112.25,4.0
07:32:38,113.11,18.0,150.24,42.0,113.4,25.0,199.77,43.0,37.13000000000001,43.0,85.0,8.459176673884356,113.11,150.24,128,-42.0,18.0,-0.33,115.4,5.0
07:32:39,112.93,29.0,147.36,44.0,111.38,16.0,149.49,47.0,34.43000000000001,45.0,91.0,8.731159716783882,112.93,147.36,136,-46.0,8.0,-0.34,115.0,3.0
07:32:40,109.59,41.0,146.55,60.0,108.37,41.0,147.31,45.0,36.96000000000001,82.0,105.0,7.1191165182198,109.59000000000002,146.55,187,-23.0,51.0,-0.12,110.17,12.0
07:32:41,109.0,22.0,141.74,46.0,107.0,22.0,143.0,31.0,32.74000000000001,44.0,77.0,2.410742624170063,109.0,141.74,121,-33.0,-66.0,-0.27,110.17,
07:32:42,107.22,18.0,138.1,39.0,106.2,10.0,139.42,24.0,30.879999999999995,28.0,63.0,3.628481776168942,107.22,138.1,91,-35.0,-30.0,-0.38,109.0,2.0
07:32:43,107.0,15.0,119.89,36.0,106.0,9.0,135.47,38.0,12.89,24.0,74.0,6.510650505133072,107.0,119.89,98,-50.0,7.0,-0.51,109.0,
07:32:44,107.64,83.0,110.33,40.0,106.69,29.0,112.56,48.0,2.6899999999999977,112.0,88.0,8.140536223123677,107.64,110.33,200,24.0,102.0,0.12,109.5,2.0
07:32:45,109.56,90.0,112.21,38.0,107.0,36.0,356.93,29.0,2.6499999999999915,126.0,67.0,7.311756286966084,109.56,112.21,193,59.0,-7.0,0.31,109.5,
07:32:46,110.0,64.0,113.12,25.0,107.0,32.0,177.52,25.0,3.1200000000000045,96.0,50.0,5.361145400004318,110.0,113.12,146,46.0,-47.0,0.32,111.5,4.0
07:32:47,110.3,80.0,112.1,10.0,107.0,40.0,136.12,34.0,1.7999999999999972,120.0,44.0,1.5950924738042715,110.3,112.1,164,76.0,18.0,0.46,111.5,
07:32:48,111.82,39.0,218.47,38.0,110.11,72.0,446.94,47.0,106.65,111.0,85.0,24.39127056961136,111.82,218.47000000000003,196,26.0,32.0,0.13,111.0,1.0
07:32:49,113.67,12.0,335.33,36.0,110.25,69.0,575.0,36.0,221.66,81.0,72.0,50.3749334490875,113.67,335.33,153,9.0,-43.0,0.06,112.0,4.0
07:32:50,107.73,77.0,294.78,32.0,96.15,59.0,455.52,23.0,187.04999999999995,136.0,55.0,51.426864283174005,107.73000000000002,294.78,191,81.0,38.0,0.42,112.0,4.0
07:32:51,107.0,125.0,124.83,24.0,92.22,36.0,127.69,39.0,17.83,161.0,63.0,50.368336581626345,107.0,124.83,224,98.0,33.0,0.44,112.0,
07:32:52,107.0,109.0,123.6,25.0,106.0,32.0,124.19,31.0,16.599999999999994,141.0,56.0,49.32446786332316,107.0,123.6,197,85.0,-27.0,0.43,107.0,1.0
07:32:53,107.0,67.0,123.0,12.0,106.0,24.0,124.0,30.0,16.0,91.0,42.0,54.01576788309129,107.0,123.0,133,49.0,-64.0,0.37,107.0,
07:32:54,107.0,139.0,123.0,22.0,106.0,44.0,124.0,55.0,16.0,183.0,77.0,38.43760762586548,107.0,123.0,260,106.0,127.0,0.41,107.0,
07:32:55,107.39,109.0,121.51,84.0,106.41,170.0,122.39,57.0,14.120000000000005,279.0,141.0,0.5359850744084154,107.39,121.51,420,138.0,160.0,0.33,110.0,4.0
07:32:56,107.0,182.0,118.79,28.0,91.0,14.0,120.0,70.0,11.790000000000006,196.0,98.0,0.9657484144374536,107.0,118.79,294,98.0,-126.0,0.33,110.0,
07:32:57,107.16,154.0,116.44,39.0,91.45,75.0,119.64,66.0,9.28,229.0,105.0,1.4253666195012047,107.16,116.44,334,124.0,40.0,0.37,107.0,2.0
07:32:58,107.0,110.0,113.25,44.0,83.89,19.0,114.1,50.0,6.25,129.0,94.0,1.9836506748891185,107.0,113.25,223,35.0,-111.0,0.16,107.0,
07:32:59,107.0,127.0,109.67,64.0,63.17,35.0,110.47,64.0,2.6700000000000017,162.0,128.0,2.377635379949529,107.0,109.67,290,34.0,67.0,0.12,108.0,11.0
07:33:00,107.0,47.0,151.5,36.0,57.29,28.0,436.96,45.0,44.5,75.0,81.0,8.434639885613876,107.0,151.5,156,-6.0,-134.0,-0.04,107.56,9.0
07:33:01,110.4,10.0,218.0,20.0,107.6,10.0,410.0,50.0,107.6,20.0,70.0,23.598621146160017,110.4,218.0,90,-50.0,-66.0,-0.56,107.56,
07:33:02,117.0,11.0,195.59,37.0,111.82,11.0,232.5,40.0,78.59,22.0,77.0,25.78731122083093,117.0,195.59,99,-55.0,9.0,-0.56,107.56,
07:33:03,111.67,15.0,166.0,14.0,109.78,9.0,547.0,35.0,54.33,24.0,49.0,22.1851285774952,111.67,166.0,73,-25.0,-26.0,-0.34,112.67,3.0
07:33:04,110.08,12.0,206.0,36.0,109.0,60.0,361.46,28.0,95.92,72.0,64.0,14.654505450543043,110.08,206.0,136,8.0,63.0,0.06,112.67,
07:33:05,111.0,7.0,227.75,8.0,109.0,35.0,237.97,31.0,116.75,42.0,39.0,11.578130246287484,111.0,227.75,81,3.0,-55.0,0.04,112.67,
07:33:06,112.0,9.0,235.54,13.0,109.0,45.0,237.62,26.0,123.54,54.0,39.0,13.606885389390088,112.0,235.54,93,15.0,12.0,0.16,112.67,
07:33:07,114.64,11.0,226.67,15.0,109.0,55.0,234.95,21.0,112.03,66.0,36.0,14.320095320911722,114.64,226.67,102,30.0,9.0,0.29,112.67,
07:33:08,115.0,13.0,233.08,13.0,109.0,65.0,349.0,32.0,118.08,78.0,45.0,6.538121289789497,115.0,233.08,123,33.0,21.0,0.27,112.67,
07:33:09,109.46,26.0,211.88,26.0,107.34,58.0,326.25,16.0,102.42,84.0,42.0,5.430153773144805,109.46,211.88,126,42.0,3.0,0.33,111.0,3.0
07:33:10,109.0,11.0,205.93,27.0,107.0,42.0,214.33,15.0,96.93,53.0,42.0,7.734531013577914,109.0,205.93000000000004,95,11.0,-31.0,0.12,109.0,2.0
07:33:11,107.19,42.0,205.0,11.0,85.46,52.0,206.0,55.0,97.81,94.0,66.0,8.078696058151865,107.18999999999998,205.0,160,28.0,65.0,0.17,108.0,2.0
07:33:12,112.51,123.0,128.38,21.0,105.94,62.0,199.34,32.0,15.86999999999999,185.0,53.0,19.92327106677009,112.51,128.38,238,132.0,78.0,0.55,113.0,2.0
07:33:13,113.0,87.0,116.0,22.0,107.0,55.0,466.02,52.0,3.0,142.0,74.0,22.39926628262629,113.0,116.0,216,68.0,-22.0,0.31,113.0,7.0
07:33:14,113.0,33.0,133.09,22.0,107.0,55.0,188.27,55.0,20.090000000000003,88.0,77.0,20.748794422809222,113.0,133.09,165,11.0,-51.0,0.07,113.0,
07:33:15,113.0,21.0,163.0,14.0,107.0,35.0,274.86,35.0,50.0,56.0,49.0,16.76367352342556,113.0,163.0,105,7.0,-60.0,0.07,113.0,
07:33:16,113.0,30.0,249.05,44.0,107.0,50.0,318.95,41.0,136.05,80.0,85.0,26.929441694918207,113.0,249.05,165,-5.0,60.0,-0.03,113.0,
07:33:17,112.06,64.0,235.72,47.0,108.28,54.0,295.0,35.0,123.66,118.0,82.0,29.94646339720265,112.06,235.72,200,36.0,35.0,0.18,112.75,4.0
07:33:18,112.04,25.0,255.0,25.0,111.6,10.0,309.5,12.0,142.95999999999998,35.0,37.0,27.555450096124297,112.04,255.0,72,-2.0,-128.0,-0.03,112.75,
07:33:19,113.0,31.0,249.6,35.0,112.0,60.0,308.82,33.0,136.6,91.0,68.0,19.0990989316249,113.0,249.6,159,23.0,87.0,0.14,112.75,
07:33:20,112.77,35.0,131.2,40.0,111.96,56.0,167.2,35.0,18.429999999999996,91.0,75.0,26.16439049548061,112.77,131.2,166,16.0,7.0,0.1,112.6,5.0
07:33:21,114.03,37.0,120.12,32.0,111.36,11.0,131.64,22.0,6.090000000000003,48.0,54.0,33.12081415062132,114.03,120.12,102,-6.0,-64.0,-0.06,112.6,
07:33:22,115.21,28.0,120.0,32.0,114.1,20.0,175.0,16.0,4.790000000000006,48.0,48.0,34.85049856171356,115.21,120.0,96,0.0,-6.0,0.0,112.6,
07:33:23,117.0,6.0,120.0,24.0,115.0,30.0,183.0,12.0,3.0,36.0,36.0,28.01847836696347,117.0,120.0,72,0.0,-24.0,0.0,112.6,
07:33:24,117.0,12.0,119.25,48.0,115.0,60.0,129.0,42.0,2.25,72.0,90.0,1.9368143948249523,117.0,119.25,162,-18.0,90.0,-0.11,112.6,
07:33:25,115.86,21.0,117.89,54.0,114.7,50.0,158.92,50.0,2.030000000000001,71.0,104.0,0.6850766380495654,115.86,117.89,175,-33.0,13.0,-0.19,115.4,5.0
07:33:26,112.23,13.0,114.9,40.0,111.08,13.0,150.44,39.0,2.6700000000000017,26.0,79.0,1.9771519921344944,112.23,114.9,105,-53.0,-70.0,-0.5,115.0,1.0
07:33:27,112.0,5.0,113.0,10.0,111.0,5.0,114.0,20.0,1.0,10.0,30.0,2.721097205173228,112.0,113.0,40,-20.0,-65.0,-0.5,115.0,
07:33:28,111.08,13.0,112.31,26.0,107.02,205.0,114.0,52.0,1.230000000000004,218.0,78.0,2.804897502583963,111.08,112.31,296,140.0,169.5,0.47,112.0,1.0
07:33:29,107.07,166.0,113.59,37.0,99.16,77.0,181.73,44.0,6.52000000000001,243.0,81.0,2.469639649827878,107.07,113.59,324,162.0,28.0,0.5,109.0,2.0
07:33:30,107.0,167.0,112.0,44.0,76.18,22.0,113.0,11.0,5.0,189.0,55.0,1.63464675083095,107.0,112.0,244,134.0,-80.0,0.55,107.0,3.0
07:33:31,107.78,58.0,110.89,36.0,106.18,119.0,111.76,21.0,3.1099999999999994,177.0,57.0,1.3846840794933408,107.78,110.89,234,120.0,-10.0,0.51,107.0,
07:33:32,107.04,133.0,109.12,26.0,83.0,37.0,110.96,54.0,2.0799999999999983,170.0,80.0,1.3342900734107463,107.04,109.12,250,90.0,16.0,0.36,107.0,6.0
07:33:33,107.0,84.0,109.14,7.0,64.79,19.0,111.0,35.0,2.140000000000001,103.0,42.0,0.9772256648300666,107.0,109.14,145,61.0,-105.0,0.42,107.0,
07:33:34,107.03,60.0,110.67,24.0,77.06,32.0,119.29,28.0,3.640000000000001,92.0,52.0,0.6743367111485219,107.03,110.67,144,40.0,-1.0,0.28,109.0,1.0
07:33:35,109.0,6.0,197.29,21.0,107.0,42.0,297.62,13.0,88.28999999999999,48.0,34.0,19.933904033078942,109.0,197.29,82,14.0,-62.0,0.17,111.0,5.0
07:33:36,112.43,7.0,277.0,12.0,109.29,14.0,428.0,8.0,164.57,21.0,20.0,38.81737046735648,112.43,277.0,41,1.0,-41.0,0.02,111.0,
07:33:37,112.45,33.0,276.5,30.0,110.91,66.0,337.4,25.0,164.05,99.0,55.0,43.07449651475913,112.45,276.5,154,44.0,113.0,0.29,113.0,3.0
07:33:38,115.0,12.0,276.0,18.0,111.36,44.0,382.54,13.0,161.0,56.0,31.0,38.34541080755289,115.0,276.0,87,25.0,-67.0,0.29,113.0,
07:33:39,115.0,74.0,273.77,35.0,113.0,48.0,413.24,25.0,158.76999999999998,122.0,60.0,18.62263756829281,115.0,273.77,182,62.0,95.0,0.34,115.0,3.0
07:33:40,114.14,28.0,266.71,21.0,111.62,52.0,404.05,19.0,152.57,80.0,40.0,1.9895652791474256,114.14,266.71,120,40.0,-62.0,0.33,114.6,5.0
07:33:41,111.89,38.0,275.0,27.0,110.57,69.0,417.08,25.0,163.11,107.0,52.0,1.9408374481107435,111.89,275.0,159,55.0,39.0,0.35,112.2,5.0
07:33:42,111.0,41.0,274.0,24.0,109.0,32.0,593.53,17.0,163.0,73.0,41.0,1.931121435847345,111.0,274.0,114,32.0,-45.0,0.28,111.0,3.0
07:33:43,111.0,24.0,272.29,17.0,109.0,6.0,385.08,13.0,161.29000000000002,30.0,30.0,1.53953889200282,111.0,272.29,60,0.0,-54.0,0.0,111.0,
07:33:44,111.0,28.0,267.52,25.0,109.0,7.0,268.57,28.0,156.51999999999998,35.0,53.0,1.6567045602609778,111.0,267.52,88,-18.0,28.0,-0.2,111.0,
07:33:45,114.78,74.0,262.23,64.0,110.96,57.0,264.45,53.0,147.45000000000002,131.0,117.0,2.1139607375704967,114.78,262.23,248,14.0,160.0,0.06,111.0,
07:33:46,115.0,55.0,242.29,28.0,111.0,44.0,253.29,35.0,127.29,99.0,63.0,5.544526129435239,115.0,242.29,162,36.0,-86.0,0.22,111.0,
07:33:47,115.0,44.0,186.05,21.0,111.0,52.0,210.64,28.0,71.05000000000001,96.0,49.0,17.061703607787564,115.0,186.05,145,47.0,-17.0,0.32,115.0,5.0
07:33:48,111.0,36.0,144.41,17.0,107.73,22.0,156.35,23.0,33.41,58.0,40.0,26.96732226232321,111.0,144.41,98,18.0,-47.0,0.18,115.0,
07:33:49,113.0,17.0,143.0,55.0,108.82,49.0,144.0,22.0,30.0,66.0,77.0,28.173832362672908,113.0,143.0,143,-11.0,45.0,-0.08,115.0,
07:33:50,108.2,65.0,128.83,35.0,106.68,145.0,137.53,40.0,20.63000000000001,210.0,75.0,24.28116203973768,108.2,128.83,285,135.0,142.0,0.47,112.4,5.0
07:33:51,108.73,60.0,118.06,69.0,106.59,82.0,119.07,28.0,9.329999999999998,142.0,97.0,14.228164674335211,108.73,118.06,239,45.0,-46.0,0.19,111.0,5.0
07:33:52,112.09,88.0,116.0,45.0,109.0,65.0,117.07,56.0,3.9099999999999966,153.0,101.0,7.142634667964031,112.09,116.0,254,52.0,15.0,0.2,113.0,4.0
07:33:53,110.14,28.0,114.29,14.0,107.27,74.0,115.86,29.0,4.150000000000006,102.0,43.0,6.473270425372501,110.14,114.29,145,59.0,-109.0,0.41,113.0,4.0
07:33:54,109.0,60.0,113.04,57.0,107.0,192.0,114.37,27.0,4.040000000000006,252.0,84.0,2.857266175910634,109.0,113.04,336,168.0,169.5,0.5,113.0,
07:33:55,109.0,40.0,111.74,39.0,107.0,160.0,195.16,38.0,2.739999999999995,200.0,77.0,1.5494676505184894,109.0,111.74,277,123.0,-59.0,0.44,110.0,3.0
07:33:56,107.26,92.0,124.06,32.0,106.61,75.0,152.57,37.0,16.799999999999997,167.0,69.0,2.1833620863253973,107.26,124.06,236,98.0,-41.0,0.42,109.0,3.0
07:33:57,107.0,112.0,127.11,9.0,100.0,21.0,144.69,16.0,20.11,133.0,25.0,2.944151830324496,107.0,127.11,158,108.0,-78.0,0.68,109.0,
07:33:58,107.0,162.0,125.25,12.0,99.38,32.0,227.0,16.0,18.25,194.0,28.0,3.1088711777754514,107.0,125.25,222,166.0,64.0,0.75,109.0,
07:33:59,107.0,69.0,125.0,7.0,55.71,7.0,339.19,16.0,18.0,76.0,23.0,2.662784257126876,107.0,125.0,99,53.0,-123.0,0.54,109.0,
07:34:00,107.0,35.0,123.86,7.0,37.8,10.0,384.0,35.0,16.86,45.0,42.0,0.6252839355065418,107.0,123.86,87,3.0,-12.0,0.03,109.0,
07:34:01,107.0,48.0,122.91,11.0,58.3,20.0,384.0,55.0,15.909999999999997,68.0,66.0,0.7947766982005535,107.0,122.91,134,2.0,47.0,0.01,107.0,2.0
07:34:02,107.0,87.0,121.13,30.0,89.46,26.0,280.79,33.0,14.129999999999995,113.0,63.0,0.838707338708023,107.0,121.12999999999998,176,50.0,42.0,0.28,107.0,4.0
07:34:03,88.61,18.0,119.5,20.0,72.12,25.0,120.09,22.0,30.89,43.0,42.0,4.9931923656117165,88.61,119.5,85,1.0,-91.0,0.01,107.0,2.0
07:34:05,93.62,16.0,113.25,24.0,78.55,22.0,114.33,15.0,19.629999999999995,38.0,39.0,8.635422977480854,93.62,113.25,77,-1.0,-32.0,-0.01,107.0,
07:34:06,105.77,13.0,109.72,18.0,90.94,17.0,150.05,19.0,3.950000000000003,30.0,37.0,7.288959459347026,105.77,109.72,67,-7.0,-10.0,-0.1,109.5,2.0
07:34:07,103.23,13.0,108.5,12.0,86.88,8.0,160.43,14.0,5.269999999999996,21.0,26.0,5.296539436273914,103.23,108.5,47,-5.0,-20.0,-0.11,109.5,
07:34:08,107.0,37.0,108.0,21.0,91.71,7.0,159.0,12.0,1.0,44.0,33.0,5.673162257507243,107.0,108.0,77,11.0,30.0,0.14,107.0,1.0
07:34:09,107.0,35.0,136.71,17.0,104.0,7.0,199.8,10.0,29.710000000000008,42.0,27.0,7.232701431692289,107.0,136.71,69,15.0,-8.0,0.22,108.0,3.0
07:34:10,107.0,30.0,169.0,12.0,104.0,6.0,266.67,6.0,62.0,36.0,18.0,13.79278543297192,107.0,169.0,54,18.0,-15.0,0.33,108.0,
07:34:11,111.08,25.0,184.82,22.0,109.19,37.0,261.62,13.0,73.74,62.0,35.0,18.53980933019541,111.08,184.82,97,27.0,43.0,0.28,113.0,4.0
07:34:12,112.45,11.0,244.0,18.0,110.31,29.0,387.25,16.0,131.55,40.0,34.0,26.95382959803669,112.45,244.0,74,6.0,-23.0,0.08,113.0,1.0
07:34:13,111.0,33.0,405.0,21.0,107.0,55.0,561.18,22.0,294.0,88.0,43.0,53.928725462410064,111.0,405.0,131,45.0,57.0,0.34,113.0,
07:34:14,114.86,42.0,344.0,15.0,113.0,86.0,516.24,21.0,229.14,128.0,36.0,51.93491571187917,114.86,344.0,164,92.0,33.0,0.56,113.0,
07:34:15,117.0,27.0,287.14,29.0,115.0,87.0,449.85,13.0,170.14,114.0,42.0,42.91961299918713,117.0,287.14,156,72.0,-8.0,0.46,113.0,
07:34:16,115.08,75.0,227.44,27.0,112.18,34.0,279.78,36.0,112.36,109.0,63.0,36.160359096668174,115.08,227.44,172,46.0,16.0,0.27,116.5,4.0
07:34:17,115.0,90.0,135.18,22.0,111.0,45.0,145.7,69.0,20.180000000000007,135.0,91.0,51.55545800397853,115.0,135.18,226,44.0,54.0,0.19,115.0,5.0
07:34:18,115.0,44.0,128.26,27.0,111.0,33.0,130.79,39.0,13.259999999999993,77.0,66.0,47.21892713732489,115.0,128.26,143,11.0,-83.0,0.08,115.0,
07:34:19,115.0,64.0,125.38,16.0,111.0,48.0,128.0,80.0,10.379999999999995,112.0,96.0,36.93989063329775,115.0,125.38,208,16.0,65.0,0.08,115.0,
07:34:20,115.0,40.0,123.79,14.0,112.37,70.0,127.93,56.0,8.790000000000006,110.0,70.0,22.326722106032506,115.0,123.79,180,40.0,-28.0,0.22,115.0,1.0
07:34:21,113.24,124.0,120.4,55.0,112.14,70.0,121.47,49.0,7.160000000000011,194.0,104.0,3.0470772881568773,113.24,120.4,298,90.0,118.0,0.3,113.67,9.0
07:34:22,113.0,116.0,116.24,33.0,111.0,51.0,116.96,69.0,3.239999999999995,167.0,102.0,2.7980975679918063,113.0,116.24,269,65.0,-29.0,0.24,113.0,9.0
07:34:23,110.79,38.0,111.76,29.0,108.31,64.0,115.77,64.0,0.9699999999999988,102.0,93.0,3.638305924465657,110.79,111.76,195,9.0,-74.0,0.05,111.0,8.0
07:34:24,107.09,67.0,110.08,60.0,106.27,37.0,154.05,44.0,2.989999999999995,104.0,104.0,4.301589241199363,107.09,110.08,208,0.0,13.0,0.0,109.5,2.0
07:34:25,108.97,119.0,149.43,51.0,106.9,87.0,257.97,35.0,40.46000000000001,206.0,86.0,7.969438499668708,108.97,149.43,292,120.0,84.0,0.41,109.67,6.0
07:34:26,110.2,120.0,238.25,40.0,104.1,60.0,288.23,39.0,128.05,180.0,79.0,27.26037325496481,110.2,238.25,259,101.0,-33.0,0.39,109.67,
07:34:27,111.0,72.0,216.91,11.0,103.38,34.0,242.54,26.0,105.91,106.0,37.0,30.16884701144543,111.0,216.91,143,69.0,-116.0,0.48,109.67,
07:34:28,112.58,76.0,177.41,17.0,110.02,53.0,208.11,27.0,64.83,129.0,44.0,26.38642965616984,112.58,177.41,173,85.0,30.0,0.49,109.67,
07:34:29,117.0,35.0,143.05,20.0,115.0,56.0,182.42,24.0,26.05000000000001,91.0,44.0,20.162463887134404,117.0,143.05,135,47.0,-38.0,0.35,109.67,
07:34:30,117.0,60.0,127.91,33.0,115.0,96.0,260.54,26.0,10.909999999999997,156.0,59.0,21.92504161911668,117.0,127.91,215,97.0,80.0,0.45,109.67,
07:34:31,117.0,55.0,125.19,26.0,115.0,88.0,126.72,29.0,8.189999999999998,143.0,55.0,18.042835974424825,117.0,125.19,198,88.0,-17.0,0.44,109.67,
07:34:32,117.0,40.0,123.47,19.0,115.0,64.0,124.57,21.0,6.469999999999999,104.0,40.0,10.385958309178733,117.0,123.46999999999998,144,64.0,-54.0,0.44,109.67,
07:34:33,117.0,70.0,121.07,28.0,115.0,112.0,124.0,42.0,4.069999999999993,182.0,70.0,4.350766599117779,117.0,121.07,252,112.0,108.0,0.44,109.67,
07:34:34,115.68,73.0,120.0,22.0,114.39,49.0,124.0,33.0,4.319999999999993,122.0,55.0,1.7865833313895505,115.68000000000002,120.0,177,67.0,-75.0,0.38,117.0,5.0
07:34:35,115.0,88.0,119.36,22.0,113.0,11.0,124.0,33.0,4.359999999999999,99.0,55.0,1.6259766295980431,115.0,119.36,154,44.0,-23.0,0.29,117.0,
07:34:36,115.0,80.0,117.0,20.0,113.0,10.0,124.0,30.0,2.0,90.0,50.0,1.6415846003173442,115.0,117.0,140,40.0,-14.0,0.29,117.0,
07:34:37,115.0,31.0,116.0,14.0,113.0,7.0,124.0,21.0,1.0,38.0,35.0,1.4218720054910323,115.0,116.0,73,3.0,-67.0,0.04,115.0,5.0
07:34:38,113.55,11.0,115.33,18.0,112.06,17.0,134.95,19.0,1.7800000000000011,28.0,37.0,1.3488217080100335,113.55,115.33,65,-9.0,-8.0,-0.14,115.0,3.0
07:34:39,112.56,18.0,295.7,37.0,111.71,28.0,270.43,28.0,183.14,46.0,65.0,39.523601809551714,112.56,295.7,111,-19.0,46.0,-0.17,113.0,1.0
07:34:40,114.72,43.0,298.09,58.0,111.87,30.0,346.09,44.0,183.37,73.0,102.0,49.2783124711064,114.72,298.09,175,-29.0,64.0,-0.17,113.0,
07:34:41,115.0,30.0,224.8,50.0,112.0,20.0,227.0,50.0,109.8,50.0,100.0,45.36761818742527,115.0,224.8,150,-50.0,-25.0,-0.33,113.0,
07:34:42,116.87,135.0,221.32,81.0,114.62,48.0,224.15,65.0,104.45,183.0,146.0,37.210859570829605,116.87,221.32,329,37.0,169.5,0.11,113.0,
07:34:43,117.0,99.0,180.38,16.0,115.0,33.0,216.58,52.0,63.38,132.0,68.0,24.899449190695,117.0,180.38,200,64.0,-129.0,0.32,113.0,
07:34:44,117.0,90.0,176.18,38.0,115.0,30.0,176.07,30.0,59.18000000000001,120.0,68.0,24.03399945909961,117.0,176.18,188,52.0,-12.0,0.28,117.0,4.0
07:34:45,117.0,70.0,170.67,58.0,114.33,54.0,172.08,38.0,53.66999999999999,124.0,96.0,12.783715031241858,117.0,170.67,220,28.0,32.0,0.13,117.0,
07:34:46,117.0,70.0,168.0,70.0,114.14,42.0,169.0,70.0,51.0,112.0,140.0,10.861250848774208,117.0,168.0,252,-28.0,32.0,-0.11,117.0,
07:34:47,115.7,37.0,167.22,49.0,113.4,25.0,168.45,55.0,51.52,62.0,104.0,2.980525121517692,115.70000000000002,167.22000000000003,166,-42.0,-86.0,-0.25,116.43,7.0
07:34:48,113.46,79.0,162.42,64.0,111.94,32.0,163.63,71.0,48.96,111.0,135.0,3.177779098678501,113.46,162.42,246,-24.0,80.0,-0.1,116.43,
07:34:49,114.0,40.0,159.0,16.0,112.88,16.0,160.0,40.0,45.0,56.0,56.0,3.107140164202097,114.0,159.0,112,0.0,-134.0,0.0,116.43,
07:34:50,114.69,65.0,156.0,65.0,113.0,26.0,156.68,56.0,41.31,91.0,121.0,3.1098713799766267,114.69,156.0,212,-30.0,100.0,-0.14,116.43,
07:34:51,115.0,45.0,151.78,45.0,113.0,18.0,155.0,45.0,36.78,63.0,90.0,3.03124891752519,115.0,151.78,153,-27.0,-59.0,-0.18,116.43,
07:34:52,115.0,25.0,149.41,37.0,113.0,22.0,152.27,55.0,34.41,47.0,92.0,2.3140505612448234,115.0,149.41,139,-45.0,-14.0,-0.32,115.0,3.0
07:34:53,112.0,24.0,145.89,36.0,111.0,12.0,147.42,48.0,33.889999999999986,36.0,84.0,2.94394802943213,112.0,145.89,120,-48.0,-19.0,-0.4,114.0,4.0
07:34:54,111.81,27.0,142.95,77.0,109.61,36.0,143.54,50.0,31.139999999999983,63.0,127.0,3.2558055838758406,111.81,142.95,190,-64.0,70.0,-0.34,112.0,2.0
07:34:55,110.46,35.0,138.5,80.0,108.62,52.0,139.68,53.0,28.040000000000006,87.0,133.0,3.611927463280075,110.46,138.5,220,-46.0,30.0,-0.21,111.2,5.0
07:34:56,109.37,38.0,136.31,65.0,108.08,52.0,137.85,65.0,26.94,90.0,130.0,3.689948509125381,109.37,136.31,220,-40.0,0.0,-0.18,111.2,
07:34:57,110.31,26.0,131.63,30.0,109.0,52.0,133.58,59.0,21.319999999999997,78.0,89.0,3.253247608159635,110.31,131.63,167,-11.0,-53.0,-0.07,111.2,
07:34:58,111.75,24.0,126.58,48.0,109.0,48.0,127.38,42.0,14.829999999999998,72.0,90.0,3.169585146355305,111.75,126.58,162,-18.0,-5.0,-0.11,111.2,
07:34:59,112.0,20.0,117.8,20.0,109.0,40.0,123.42,24.0,5.799999999999997,60.0,44.0,3.696683648893416,112.0,117.8,104,16.0,-58.0,0.15,111.2,
07:35:00,108.04,23.0,113.84,25.0,106.89,54.0,136.9,29.0,5.799999999999997,77.0,54.0,4.816391802998974,108.04,113.84,131,23.0,27.0,0.18,110.0,15.0
07:35:01,90.85,34.0,387.24,17.0,69.55,31.0,463.77,13.0,296.39,65.0,30.0,54.94179856903119,90.85,387.24,95,35.0,-36.0,0.37,106.6,5.0
07:35:05,97.42,24.0,105.04,28.0,96.77,26.0,126.44,32.0,7.620000000000003,50.0,60.0,64.84888765429979,97.42,105.04,110,-10.0,-84.0,-0.09,106.6,
07:35:06,100.78,18.0,105.79,43.0,99.3,23.0,195.59,29.0,5.010000000000005,41.0,72.0,6.859258706302765,100.78,105.79,113,-31.0,3.0,-0.27,103.0,3.0
07:35:07,105.19,37.0,308.19,42.0,104.0,34.0,445.71,35.0,203.0,71.0,77.0,48.30227893174394,105.19,308.19,148,-6.0,35.0,-0.04,106.0,5.0
07:35:10,113.2,20.0,358.0,12.0,112.4,20.0,487.18,22.0,244.8,40.0,34.0,98.96123498623092,113.2,358.0,74,6.0,-14.0,0.08,106.0,
07:35:11,113.5,16.0,390.0,15.0,112.64,25.0,477.68,19.0,276.5,41.0,34.0,61.226358049454674,113.5,390.0,75,7.0,1.0,0.09,113.5,4.0
07:35:16,105.0,18.0,108.5,18.0,45.2,25.0,110.0,6.0,3.5,43.0,24.0,86.18955139690671,105.0,108.5,67,19.0,-68.0,0.28,113.5,
07:35:17,106.0,24.0,249.55,33.0,81.16,38.0,110.0,6.0,143.55,62.0,39.0,91.3596714639453,106.0,249.55,101,23.0,34.0,0.23,107.2,5.0
07:35:18,113.0,24.0,319.94,36.0,106.09,22.0,304.0,10.0,206.94,46.0,46.0,78.5153186964176,113.0,319.94,92,0.0,-9.0,0.0,107.2,
07:35:19,113.0,15.0,156.71,17.0,105.0,18.0,187.78,23.0,43.71000000000001,33.0,40.0,63.35579989235414,113.0,156.71,73,-7.0,-19.0,-0.1,107.2,
07:35:20,108.79,19.0,124.25,12.0,103.57,35.0,126.0,20.0,15.459999999999994,54.0,32.0,45.851159418274456,108.79,124.25,86,22.0,13.0,0.26,113.0,3.0
07:35:21,105.0,91.0,118.65,31.0,95.0,45.0,120.0,33.0,13.650000000000006,136.0,64.0,44.68371660907381,105.0,118.65,200,72.0,114.0,0.36,105.0,5.0
07:35:22,105.05,42.0,115.5,18.0,97.42,33.0,120.0,20.0,10.450000000000005,75.0,38.0,44.95330388302976,105.04999999999998,115.5,113,37.0,-87.0,0.33,105.0,
07:35:23,106.0,22.0,118.09,33.0,105.0,55.0,150.79,47.0,12.090000000000003,77.0,80.0,10.191033804281954,106.0,118.09,157,-3.0,44.0,-0.02,114.0,3.0
07:35:24,112.69,26.0,118.77,31.0,105.85,47.0,149.55,55.0,6.079999999999998,73.0,86.0,2.702067726763619,112.69,118.77,159,-13.0,2.0,-0.08,117.0,2.0
07:35:25,113.0,85.0,115.53,15.0,106.98,53.0,116.42,24.0,2.530000000000001,138.0,39.0,2.1601898064794,113.0,115.53,177,99.0,18.0,0.56,113.0,5.0
07:35:26,113.0,53.0,114.58,12.0,112.0,55.0,116.05,21.0,1.5799999999999983,108.0,33.0,2.1094359435682124,113.0,114.58,141,75.0,-36.0,0.53,113.0,1.0
07:35:27,113.0,44.0,115.0,11.0,112.0,55.0,116.0,22.0,2.0,99.0,33.0,1.3140852331631758,113.0,115.0,132,66.0,-9.0,0.5,113.0,
07:35:28,113.0,26.0,114.12,8.0,112.0,40.0,204.05,19.0,1.1200000000000043,66.0,27.0,0.8571755946231334,113.0,114.12,93,39.0,-39.0,0.42,113.0,2.0
07:35:29,112.65,34.0,113.86,14.0,111.14,70.0,402.79,58.0,1.2099999999999935,104.0,72.0,0.3929758262508244,112.65,113.86,176,32.0,83.0,0.18,112.67,3.0
07:35:30,112.0,19.0,304.43,21.0,105.0,12.0,367.88,17.0,192.43,31.0,38.0,42.289434496101,112.0,304.43,69,-7.0,-107.0,-0.1,112.0,1.0
07:35:31,112.0,21.0,355.47,34.0,105.0,14.0,400.0,35.0,243.47000000000003,35.0,69.0,59.49912663224576,112.0,355.47,104,-34.0,35.0,-0.33,112.0,
07:35:32,111.3,20.0,196.26,19.0,95.92,13.0,387.7,37.0,84.96,33.0,56.0,54.86598645791413,111.3,196.26,89,-23.0,-15.0,-0.26,109.6,5.0
07:35:33,108.36,45.0,281.84,63.0,98.15,20.0,304.14,35.0,173.47999999999996,65.0,98.0,47.56974700374195,108.36,281.84,163,-33.0,74.0,-0.2,109.6,
07:35:34,109.0,99.0,111.85,39.0,107.43,14.0,146.33,48.0,2.8499999999999943,113.0,87.0,48.580742069260495,109.0,111.85,200,26.0,37.0,0.13,109.0,5.0
07:35:35,109.0,25.0,113.0,25.0,107.0,5.0,219.0,25.0,4.0,30.0,50.0,53.76848072988501,109.0,113.0,80,-20.0,-120.0,-0.25,109.0,
07:35:36,110.02,47.0,176.6,50.0,108.36,22.0,395.44,45.0,66.58,69.0,95.0,35.056327816815255,110.02,176.6,164,-26.0,84.0,-0.16,109.0,
07:35:37,113.0,24.0,347.57,35.0,109.0,35.0,527.25,32.0,234.57,59.0,67.0,53.12933210572118,113.0,347.57,126,-8.0,-38.0,-0.06,113.0,2.0
07:35:38,113.0,22.0,261.22,45.0,110.62,79.0,519.27,48.0,148.22000000000003,101.0,93.0,51.83990094512156,113.0,261.22,194,8.0,68.0,0.04,113.0,
07:35:39,114.23,26.0,179.76,34.0,112.5,32.0,402.24,45.0,65.52999999999999,58.0,79.0,45.97330605906014,114.23,179.76,137,-21.0,-57.0,-0.15,113.0,
07:35:40,114.64,22.0,220.85,27.0,111.77,52.0,248.75,40.0,106.21,74.0,67.0,35.51253088699842,114.64,220.85,141,7.0,4.0,0.05,113.8,5.0
07:35:41,111.07,61.0,127.31,35.0,109.45,71.0,242.21,29.0,16.24000000000001,132.0,64.0,41.961429074806496,111.07,127.31000000000002,196,68.0,55.0,0.35,111.4,5.0
07:35:42,111.32,19.0,119.31,13.0,109.29,41.0,121.0,65.0,7.990000000000009,60.0,78.0,30.887891640576807,111.32,119.31,138,-18.0,-58.0,-0.13,111.0,3.0
07:35:43,114.67,9.0,119.0,9.0,111.0,9.0,121.0,45.0,4.329999999999998,18.0,54.0,23.27960330418054,114.67,119.0,72,-36.0,-66.0,-0.5,111.0,
07:35:44,115.0,12.0,117.42,12.0,112.6,40.0,184.57,42.0,2.4200000000000017,52.0,54.0,22.788358431445054,115.0,117.42,106,-2.0,34.0,-0.02,111.0,
07:35:45,113.59,37.0,294.38,26.0,112.93,91.0,380.21,63.0,180.79,128.0,89.0,38.98101178779245,113.59,294.38,217,39.0,111.0,0.18,115.0,1.0
07:35:47,117.0,18.0,198.6,20.0,113.0,54.0,355.31,42.0,81.6,72.0,62.0,98.15466784621104,117.0,198.6,134,10.0,-18.0,0.07,115.0,
07:35:48,117.0,14.0,262.0,35.0,113.0,42.0,311.32,19.0,145.0,56.0,54.0,89.7164576318081,117.0,262.0,110,2.0,-24.0,0.02,115.0,
07:35:49,117.0,16.0,370.29,28.0,113.0,48.0,617.36,22.0,253.29,64.0,50.0,75.493268375399,117.0,370.29,114,14.0,4.0,0.12,115.0,4.0
07:35:50,113.0,28.0,258.79,19.0,111.0,7.0,411.9,29.0,145.79000000000002,35.0,48.0,77.43420090631798,113.0,258.79,83,-13.0,-31.0,-0.16,115.0,
07:35:51,111.0,8.0,157.12,16.0,109.0,8.0,223.0,24.0,46.120000000000005,16.0,40.0,41.093177292587306,111.0,157.12,56,-24.0,-27.0,-0.43,113.0,4.0
07:35:52,111.0,6.0,286.0,18.0,109.0,6.0,335.08,26.0,175.0,12.0,44.0,39.036584379271886,111.0,286.0,56,-32.0,0.0,-0.57,113.0,
07:35:53,111.0,6.0,320.33,24.0,109.0,6.0,356.57,21.0,209.33,12.0,45.0,40.62173273015338,111.0,320.33,57,-33.0,1.0,-0.58,113.0,
07:35:54,111.0,8.0,318.5,32.0,109.0,8.0,438.69,26.0,207.5,16.0,58.0,33.50254363477517,111.0,318.5,74,-42.0,17.0,-0.57,113.0,
07:35:55,109.29,14.0,294.29,42.0,106.55,44.0,413.85,41.0,185.0,58.0,83.0,33.79503854118256,109.29,294.29,141,-25.0,67.0,-0.18,110.0,2.0
07:35:56,107.33,43.0,316.07,41.0,106.65,139.0,462.63,38.0,208.74,182.0,79.0,7.837950625004929,107.32999999999998,316.07,261,103.0,120.0,0.39,110.0,
07:35:57,110.94,34.0,312.24,34.0,107.08,99.0,314.26,43.0,201.3,133.0,77.0,5.5109799491574405,110.94,312.24,210,56.0,-51.0,0.27,113.0,2.0
07:35:58,113.0,22.0,309.71,21.0,108.0,12.0,312.29,21.0,196.71,34.0,42.0,4.923186975934929,113.0,309.71,76,-8.0,-134.0,-0.11,113.0,1.0
07:35:59,109.62,16.0,290.9,48.0,107.01,171.0,306.72,43.0,181.28,187.0,91.0,5.79140311151064,109.62,290.9,278,96.0,169.5,0.35,111.75,4.0
07:36:00,114.0,46.0,174.3,79.0,107.56,151.0,168.33,57.0,60.30000000000001,197.0,136.0,29.291044194429364,114.0,174.3,333,61.0,55.0,0.18,111.75,
07:36:01,115.0,44.0,144.27,45.0,111.47,17.0,145.38,42.0,29.27000000000001,61.0,87.0,39.40936652624619,115.0,144.27,148,-26.0,-170.5,-0.18,111.75,
07:36:02,115.0,84.0,138.05,78.0,112.0,22.0,140.09,86.0,23.05000000000001,106.0,164.0,40.3858035700667,115.0,138.05,270,-58.0,122.0,-0.21,115.0,2.0
07:36:03,115.0,32.0,132.84,58.0,112.89,56.0,133.66,62.0,17.840000000000003,88.0,120.0,31.92210159121749,115.0,132.84,208,-32.0,-62.0,-0.15,115.0,
07:36:04,115.0,18.0,128.24,29.0,113.0,45.0,129.09,35.0,13.240000000000007,63.0,64.0,8.890255901829208,115.0,128.24,127,-1.0,-81.0,-0.01,115.0,
07:36:05,115.0,32.0,124.4,70.0,113.0,80.0,126.06,52.0,9.400000000000006,112.0,122.0,3.932766202052768,115.0,124.4,234,-10.0,107.0,-0.04,115.0,
07:36:06,113.09,47.0,119.35,63.0,112.06,80.0,120.53,59.0,6.259999999999991,127.0,122.0,3.944682496730034,113.09,119.35,249,5.0,15.0,0.02,114.0,4.0
07:36:07,111.53,45.0,113.55,33.0,109.6,65.0,115.85,39.0,2.019999999999996,110.0,72.0,4.495019466032156,111.53,113.55,182,38.0,-67.0,0.21,112.38,8.0
07:36:08,109.4,60.0,111.92,52.0,106.82,66.0,194.28,39.0,2.519999999999996,126.0,91.0,4.628727686957593,109.4,111.92,217,35.0,35.0,0.16,111.0,6.0
07:36:09,107.0,48.0,109.91,44.0,106.0,36.0,367.1,42.0,2.9099999999999966,84.0,86.0,4.481269909301107,107.0,109.91,170,-2.0,-47.0,-0.01,107.67,6.0
07:36:10,107.0,18.0,109.73,15.0,106.0,27.0,329.82,33.0,2.730000000000004,45.0,48.0,3.272899326286609,107.0,109.73,93,-3.0,-77.0,-0.03,110.0,3.0
07:36:11,107.0,13.0,108.45,11.0,106.0,27.0,295.21,29.0,1.4500000000000028,40.0,40.0,2.005430128428109,107.0,108.45,80,0.0,-13.0,0.0,107.67,3.0
07:36:12,106.36,14.0,270.95,20.0,88.76,29.0,383.66,32.0,164.58999999999995,43.0,52.0,35.72607759046617,106.36,270.95,95,-9.0,15.0,-0.09,107.0,1.0
07:36:13,113.88,48.0,313.31,32.0,91.09,22.0,362.88,16.0,199.43,70.0,48.0,51.662322053891565,113.88,313.31,118,22.0,23.0,0.19,107.0,
07:36:14,115.0,54.0,322.57,46.0,111.0,20.0,437.82,38.0,207.57,74.0,84.0,55.3850835514402,115.0,322.57,158,-10.0,40.0,-0.06,115.0,2.0
07:36:15,113.62,26.0,277.0,60.0,98.2,35.0,327.75,60.0,163.38,61.0,120.0,44.85691496302452,113.62,277.0,181,-59.0,23.0,-0.33,113.5,6.0
07:36:16,107.67,18.0,247.0,45.0,95.64,14.0,405.53,17.0,139.32999999999998,32.0,62.0,17.277766638081825,107.67,247.0,94,-30.0,-87.0,-0.32,113.5,
07:36:17,111.0,12.0,199.0,6.0,106.0,12.0,275.21,14.0,88.0,24.0,20.0,26.355556719599253,111.0,199.0,44,4.0,-50.0,0.09,113.5,
07:36:18,111.0,10.0,245.67,9.0,106.0,10.0,639.76,17.0,134.67,20.0,26.0,23.7207177378766,111.0,245.67,46,-6.0,2.0,-0.13,113.5,
07:36:19,112.86,29.0,234.59,22.0,110.5,20.0,443.6,50.0,121.73,49.0,72.0,14.371924018725316,112.86,234.59000000000003,121,-23.0,75.0,-0.19,113.5,
07:36:20,113.0,36.0,145.0,12.0,108.89,27.0,180.27,44.0,32.0,63.0,56.0,21.06520994436119,113.0,145.0,119,7.0,-2.0,0.06,113.5,
07:36:21,108.55,33.0,129.75,12.0,103.93,29.0,190.32,44.0,21.200000000000003,62.0,56.0,26.353346466815427,108.55,129.75,118,6.0,-1.0,0.05,113.0,3.0
07:36:22,106.75,24.0,115.26,23.0,101.46,37.0,117.26,19.0,8.510000000000005,61.0,42.0,31.535165767758585,106.75,115.26,103,19.0,-15.0,0.18,107.0,1.0
07:36:23,105.4,20.0,111.08,26.0,91.76,29.0,111.68,34.0,5.679999999999993,49.0,60.0,26.689968714856388,105.4,111.08,109,-11.0,6.0,-0.1,107.0,
07:36:24,106.88,16.0,109.12,8.0,105.0,16.0,111.0,40.0,2.240000000000009,32.0,48.0,8.997335716755986,106.88,109.12,80,-16.0,-29.0,-0.2,107.0,
07:36:25,107.3,20.0,109.6,50.0,102.14,21.0,207.68,38.0,2.299999999999997,41.0,88.0,4.7312313407835935,107.3,109.6,129,-47.0,49.0,-0.36,108.33,3.0
07:36:26,106.5,24.0,108.56,54.0,98.33,27.0,423.02,56.0,2.0600000000000023,51.0,110.0,1.3651483435923308,106.5,108.56,161,-59.0,32.0,-0.37,108.0,2.0
07:36:27,106.14,42.0,295.08,36.0,105.38,26.0,600.55,38.0,188.94,68.0,74.0,41.39327034676064,106.14,295.08,142,-6.0,-19.0,-0.04,108.0,3.0
07:36:29,111.85,33.0,238.6,30.0,105.8,20.0,451.14,22.0,126.75,53.0,52.0,88.97436136326021,111.85,238.6,105,1.0,-12.0,0.01,108.0,
07:36:30,113.0,65.0,287.2,25.0,105.0,26.0,317.07,15.0,174.2,91.0,40.0,78.53330522778226,113.0,287.2,131,51.0,26.0,0.39,108.0,
07:36:31,113.09,45.0,234.12,16.0,107.09,23.0,265.22,54.0,121.03,68.0,70.0,62.70982594458395,113.09,234.12,138,-2.0,7.0,-0.01,113.8,5.0
07:36:32,109.62,13.0,238.73,22.0,103.26,23.0,300.17,29.0,129.11,36.0,51.0,65.27035797358563,109.62,238.73,87,-15.0,-51.0,-0.17,113.0,2.0
07:36:33,110.4,10.0,155.0,10.0,105.0,15.0,271.33,15.0,44.6,25.0,25.0,24.22932830269988,110.4,155.0,50,0.0,-37.0,0.0,113.0,
07:36:34,112.92,13.0,153.72,25.0,108.64,22.0,174.71,14.0,40.8,35.0,39.0,29.20830960531631,112.92,153.72,74,-4.0,24.0,-0.05,113.0,
07:36:35,114.5,6.0,151.83,12.0,113.0,6.0,161.0,6.0,37.33000000000001,12.0,18.0,22.363732470229834,114.5,151.83,30,-6.0,-44.0,-0.2,113.0,
07:36:36,115.0,6.0,150.67,12.0,113.0,6.0,437.56,16.0,35.66999999999999,12.0,28.0,18.41124574818368,115.0,150.67,40,-16.0,10.0,-0.4,113.0,
07:36:37,115.0,11.0,119.87,15.0,113.0,11.0,141.24,17.0,4.8700000000000045,22.0,32.0,6.969838592106064,115.0,119.87000000000002,54,-10.0,14.0,-0.19,113.0,
07:36:38,116.4,10.0,119.0,20.0,114.4,10.0,120.0,10.0,2.5999999999999943,20.0,30.0,8.51490751564637,116.4,119.0,50,-10.0,-4.0,-0.2,113.0,
07:36:39,108.38,29.0,118.05,20.0,106.82,22.0,119.09,22.0,9.670000000000002,51.0,42.0,9.419788744977836,108.38,118.05,93,9.0,43.0,0.1,115.0,3.0
07:36:40,107.0,27.0,116.0,23.0,105.0,20.0,116.86,22.0,9.0,47.0,45.0,8.427812883542863,107.0,116.0,92,2.0,-1.0,0.02,115.0,
07:36:41,103.24,25.0,112.25,32.0,66.65,23.0,113.09,22.0,9.010000000000003,48.0,54.0,4.190163481298887,103.24,112.25,102,-6.0,10.0,-0.06,106.0,4.0
07:36:42,105.0,30.0,109.8,20.0,65.75,16.0,110.46,35.0,4.799999999999997,46.0,55.0,4.249584685591135,105.0,109.8,101,-9.0,-1.0,-0.09,106.0,
07:36:43,103.84,31.0,107.78,46.0,70.0,21.0,110.09,44.0,3.9399999999999977,52.0,90.0,3.089616481055632,103.84,107.78,142,-38.0,41.0,-0.27,105.0,3.0
07:36:44,103.45,55.0,107.13,45.0,76.65,20.0,108.22,36.0,3.6799999999999926,75.0,81.0,2.4392724325114927,103.45,107.12999999999998,156,-6.0,14.0,-0.04,107.0,7.0
07:36:45,95.83,24.0,131.34,29.0,53.87,15.0,159.18,39.0,35.510000000000005,39.0,68.0,3.3092929758500653,95.83,131.34,107,-29.0,-49.0,-0.27,105.33,6.0
07:36:46,102.83,12.0,197.15,13.0,94.89,9.0,367.0,7.0,94.32,21.0,20.0,19.057564902159232,102.83,197.15000000000003,41,1.0,-66.0,0.02,105.33,
07:36:47,112.0,12.0,358.44,9.0,97.0,12.0,530.44,9.0,246.44,24.0,18.0,55.26815267403113,112.0,358.44,42,6.0,1.0,0.14,105.33,
07:36:49,114.4,60.0,181.64,22.0,109.0,20.0,377.38,13.0,67.23999999999998,80.0,35.0,70.65378029518321,114.4,181.64,115,45.0,59.0,0.39,105.33,
07:36:50,115.0,108.0,162.0,27.0,112.0,18.0,359.8,10.0,47.0,126.0,37.0,64.90510172551939,115.0,162.0,163,89.0,48.0,0.55,105.33,
07:36:51,115.0,156.0,162.0,48.0,112.0,32.0,402.31,32.0,47.0,188.0,80.0,66.89750503568888,115.0,162.0,268,108.0,105.0,0.4,115.0,3.0
07:36:52,115.0,135.0,276.13,75.0,112.0,32.0,335.29,21.0,161.13,167.0,96.0,62.205651913632565,115.0,276.13,263,71.0,-5.0,0.27,115.0,3.0
07:36:53,115.0,54.0,280.0,45.0,112.0,18.0,584.8,25.0,165.0,72.0,70.0,30.306953327578405,115.0,280.0,142,2.0,-121.0,0.01,115.0,
07:36:54,115.0,66.0,280.0,55.0,112.0,22.0,367.24,25.0,165.0,88.0,80.0,31.972972648785998,115.0,280.0,168,8.0,26.0,0.05,115.0,
07:36:55,115.0,31.0,280.0,40.0,112.0,16.0,309.0,8.0,165.0,47.0,48.0,26.183162146693032,115.0,280.0,95,-1.0,-73.0,-0.01,115.0,3.0
07:36:56,115.0,45.0,197.29,21.0,112.0,18.0,225.0,23.0,82.28999999999999,63.0,44.0,18.30006612009966,115.0,197.29,107,19.0,12.0,0.18,115.0,
07:36:57,115.0,55.0,155.07,29.0,112.0,22.0,171.73,22.0,40.06999999999999,77.0,51.0,29.39820028505176,115.0,155.07,128,26.0,21.0,0.2,115.0,
07:36:58,115.0,49.0,150.4,42.0,112.0,26.0,156.39,38.0,35.400000000000006,75.0,80.0,32.11298460124837,115.0,150.4,155,-5.0,27.0,-0.03,115.0,2.0
07:36:59,112.43,21.0,122.14,70.0,111.04,54.0,144.36,22.0,9.709999999999994,75.0,92.0,31.070747818486943,112.43,122.14,167,-17.0,12.0,-0.1,114.25,4.0
07:37:00,112.0,9.0,119.81,27.0,111.0,36.0,122.61,36.0,7.810000000000002,45.0,63.0,16.32456523157686,112.0,119.81,108,-18.0,-59.0,-0.17,114.25,
07:37:01,111.8,20.0,118.4,50.0,110.89,38.0,154.2,20.0,6.6000000000000085,58.0,70.0,9.796439659386811,111.8,118.4,128,-12.0,20.0,-0.09,112.0,2.0
07:37:02,112.83,47.0,117.45,20.0,110.91,46.0,145.26,54.0,4.6200000000000045,93.0,74.0,7.583071277523779,112.83,117.45,167,19.0,39.0,0.11,113.0,4.0
07:37:03,109.4,20.0,115.13,15.0,107.45,71.0,117.94,51.0,5.72999999999999,91.0,66.0,1.833976553832028,109.4,115.12999999999998,157,25.0,-10.0,0.16,111.4,5.0
07:37:04,109.0,20.0,113.2,46.0,107.0,70.0,114.29,14.0,4.200000000000003,90.0,60.0,2.0925176223882582,109.0,113.2,150,30.0,-7.0,0.2,111.4,
07:37:05,109.0,11.0,175.56,18.0,107.0,63.0,263.52,27.0,66.56,74.0,45.0,13.034689102545034,109.0,175.56,119,29.0,-31.0,0.24,110.5,2.0
07:37:06,110.23,26.0,201.36,47.0,107.92,26.0,212.55,33.0,91.13,52.0,80.0,20.450276770743407,110.23,201.36,132,-28.0,13.0,-0.21,110.5,
07:37:07,111.5,16.0,186.0,24.0,109.0,8.0,276.86,29.0,74.5,24.0,53.0,20.96399174775663,111.5,186.0,77,-29.0,-55.0,-0.38,110.5,
07:37:08,112.5,14.0,186.0,33.0,109.0,11.0,320.0,33.0,73.5,25.0,66.0,17.620037741163003,112.5,186.0,91,-41.0,14.0,-0.45,112.0,1.0
07:37:09,113.7,10.0,186.0,30.0,109.0,10.0,327.71,35.0,72.3,20.0,65.0,4.79773175573717,113.7,186.0,85,-45.0,-6.0,-0.53,112.0,
07:37:10,115.0,3.0,186.0,9.0,109.0,3.0,296.0,10.0,71.0,6.0,19.0,2.854513969138876,115.0,186.0,25,-13.0,-60.0,-0.52,112.0,
07:37:11,115.0,10.0,186.0,30.0,111.0,90.0,350.0,40.0,71.0,100.0,70.0,0.771848430722574,115.0,186.0,170,30.0,145.0,0.18,112.0,
07:37:12,115.0,6.0,185.17,18.0,111.0,54.0,350.0,24.0,70.16999999999999,60.0,42.0,0.5207974654401774,115.0,185.17,102,18.0,-68.0,0.18,112.0,
07:37:13,111.21,39.0,184.27,33.0,110.33,27.0,215.09,44.0,73.06000000000002,66.0,77.0,1.149208423223953,111.21,184.27,143,-11.0,41.0,-0.08,111.57,7.0
07:37:14,111.0,15.0,183.0,27.0,109.0,9.0,216.56,36.0,72.0,24.0,63.0,1.667297214058989,111.0,183.0,87,-39.0,-56.0,-0.45,111.0,2.0
07:37:15,111.0,9.0,181.11,27.0,109.0,9.0,362.51,39.0,70.11000000000001,18.0,66.0,1.938215674275913,111.0,181.11,84,-48.0,-3.0,-0.57,111.0,
07:37:16,111.31,13.0,163.23,39.0,109.62,13.0,326.61,51.0,51.91999999999999,26.0,90.0,4.904232865597698,111.31,163.23,116,-64.0,32.0,-0.55,111.0,
07:37:17,111.27,11.0,135.4,30.0,109.64,11.0,166.82,34.0,24.13000000000001,22.0,64.0,10.371138799572975,111.27,135.4,86,-42.0,-30.0,-0.49,109.5,4.0
07:37:18,108.78,9.0,135.0,27.0,106.92,36.0,264.38,39.0,26.22,45.0,66.0,12.033718045558787,108.78,135.0,111,-21.0,25.0,-0.19,109.5,
07:37:19,111.0,11.0,133.25,16.0,108.76,17.0,135.0,24.0,22.25,28.0,40.0,10.987562514043162,111.0,133.25,68,-12.0,-43.0,-0.18,109.5,
07:37:20,113.0,9.0,132.35,23.0,111.88,32.0,134.09,22.0,19.349999999999994,41.0,45.0,6.6267465622283845,113.0,132.35,86,-4.0,18.0,-0.05,109.5,
07:37:21,112.07,87.0,130.94,32.0,111.82,102.0,131.71,28.0,18.870000000000005,189.0,60.0,0.7174468621473465,112.07,130.94,249,129.0,163.0,0.52,112.17,6.0
07:37:22,112.39,76.0,125.39,36.0,111.88,116.0,127.16,38.0,13.0,192.0,74.0,1.4731361104816212,112.39,125.39,266,118.0,17.0,0.44,112.17,
07:37:23,112.0,132.0,121.0,24.0,109.08,12.0,122.0,36.0,9.0,144.0,60.0,2.587997295208156,112.0,121.0,204,84.0,-62.0,0.41,112.17,
07:37:24,112.0,78.0,119.12,16.0,109.0,8.0,120.12,16.0,7.1200000000000045,86.0,32.0,3.074561757389899,112.0,119.12,118,54.0,-86.0,0.46,112.0,2.0
07:37:25,112.51,47.0,116.47,38.0,111.77,78.0,117.38,32.0,3.9599999999999937,125.0,70.0,2.814830367891488,112.51,116.46999999999998,195,55.0,77.0,0.28,112.75,4.0
07:37:26,112.0,38.0,113.47,19.0,109.0,8.0,135.75,24.0,1.4699999999999989,46.0,43.0,2.29351913007147,112.0,113.46999999999998,89,3.0,-106.0,0.03,112.0,3.0
07:37:27,112.19,26.0,153.61,46.0,111.05,22.0,306.31,58.0,41.420000000000016,48.0,104.0,8.204298873152071,112.19,153.61,152,-56.0,63.0,-0.37,113.0,2.0
07:37:28,113.6,10.0,141.7,40.0,112.0,30.0,317.39,46.0,28.099999999999994,40.0,86.0,9.02056927250186,113.6,141.7,126,-46.0,-26.0,-0.37,113.0,
07:37:29,114.58,12.0,154.0,48.0,112.0,36.0,382.89,44.0,39.42,48.0,92.0,10.183164046601886,114.58,154.0,140,-44.0,14.0,-0.31,113.0,
07:37:30,115.0,7.0,152.46,24.0,112.0,21.0,181.71,28.0,37.46000000000001,28.0,52.0,9.069921168345727,115.0,152.46,80,-24.0,-60.0,-0.3,113.0,
07:37:31,115.0,10.0,149.39,36.0,112.0,30.0,150.53,34.0,34.389999999999986,40.0,70.0,2.6405529723917085,115.0,149.39,110,-30.0,30.0,-0.27,113.0,
07:37:32,110.85,26.0,147.36,33.0,111.29,28.0,148.24,37.0,36.51000000000002,54.0,70.0,2.90505077408409,110.85,147.36,124,-16.0,14.0,-0.13,112.75,4.0
07:37:33,109.0,54.0,132.25,20.0,107.0,12.0,147.45,22.0,23.25,66.0,42.0,5.610403728788716,109.0,132.25,108,24.0,-16.0,0.22,112.0,4.0
07:37:34,109.0,63.0,141.29,21.0,107.0,14.0,147.56,27.0,32.28999999999999,77.0,48.0,5.34137903541829,109.0,141.29,125,29.0,17.0,0.23,109.0,3.0
07:37:35,109.0,54.0,120.75,28.0,107.0,18.0,124.14,29.0,11.75,72.0,57.0,6.860020408133298,109.0,120.75,129,15.0,4.0,0.12,109.0,
07:37:36,109.12,48.0,119.0,27.0,107.86,28.0,120.0,36.0,9.879999999999995,76.0,63.0,6.485059753001868,109.12,119.0,139,13.0,10.0,0.09,109.0,
07:37:37,110.16,25.0,117.67,36.0,109.22,54.0,119.56,41.0,7.510000000000005,79.0,77.0,4.986072602761022,110.16,117.67,156,2.0,17.0,0.01,109.0,
07:37:38,112.12,17.0,115.97,29.0,109.93,28.0,116.89,27.0,3.8499999999999934,45.0,56.0,4.897527947853264,112.12,115.97,101,-11.0,-55.0,-0.11,113.5,4.0
07:37:39,109.84,25.0,113.64,36.0,108.22,69.0,114.55,38.0,3.799999999999997,94.0,74.0,1.174725499852308,109.84,113.64,168,20.0,67.0,0.12,112.0,1.0
07:37:40,109.0,54.0,110.71,35.0,107.0,81.0,111.84,37.0,1.7099999999999935,135.0,72.0,1.8771041526785437,109.0,110.71,207,63.0,39.0,0.3,112.0,
07:37:41,107.49,49.0,109.87,30.0,90.76,102.0,207.5,40.0,2.3800000000000097,151.0,70.0,2.3902259307443687,107.48999999999998,109.87000000000002,221,81.0,14.0,0.37,108.62,13.0
07:37:42,107.0,21.0,108.83,12.0,66.0,48.0,109.71,14.0,1.8299999999999983,69.0,26.0,2.471542028775263,107.0,108.83,95,43.0,-126.0,0.45,108.62,
07:37:44,107.36,75.0,208.88,17.0,84.38,76.0,235.79,14.0,101.52,151.0,31.0,25.592182400100302,107.36,208.88,182,120.0,0.0,0.66,111.0,1.0
07:37:45,115.88,24.0,299.42,26.0,107.84,31.0,306.0,18.0,183.54,55.0,44.0,48.20829306250127,115.88,299.42,99,11.0,-83.0,0.11,111.0,
07:37:46,117.0,21.0,250.73,11.0,115.0,7.0,252.03,31.0,133.73,28.0,42.0,49.87691229416685,117.0,250.73,70,-14.0,-29.0,-0.2,111.0,
07:37:47,117.0,24.0,247.25,40.0,115.0,8.0,249.0,8.0,130.25,32.0,48.0,45.26218046007081,117.0,247.25,80,-16.0,10.0,-0.2,111.0,
07:37:48,117.0,27.0,247.0,45.0,115.0,9.0,249.0,9.0,130.0,36.0,54.0,17.52739569930512,117.0,247.0,90,-18.0,10.0,-0.2,111.0,
07:37:49,116.8,20.0,246.83,24.0,113.5,12.0,247.33,24.0,130.03000000000003,32.0,48.0,11.29965043707197,116.8,246.83,80,-16.0,-10.0,-0.2,117.0,3.0
07:37:50,112.12,25.0,242.77,13.0,111.27,11.0,246.07,41.0,130.65,36.0,54.0,2.3862355290329424,112.12,242.77,90,-18.0,10.0,-0.2,115.0,1.0
07:37:51,112.0,15.0,237.05,21.0,111.0,5.0,239.11,9.0,125.05,20.0,30.0,3.4463313827922253,112.0,237.05,50,-10.0,-40.0,-0.2,115.0,
07:37:52,112.0,30.0,234.2,46.0,111.0,10.0,236.57,14.0,122.2,40.0,60.0,4.085814484288063,112.0,234.2,100,-20.0,50.0,-0.2,115.0,
07:37:53,112.0,5.0,176.42,12.0,111.0,5.0,210.53,17.0,64.41999999999999,10.0,29.0,14.916374224321936,112.0,176.42,39,-19.0,-61.0,-0.49,112.0,2.0
07:37:54,112.0,6.0,173.89,18.0,111.0,6.0,174.33,12.0,61.88999999999999,12.0,30.0,17.29989075110053,112.0,173.89,42,-18.0,3.0,-0.43,112.0,
07:37:55,112.0,33.0,169.08,53.0,111.0,13.0,170.03,29.0,57.08000000000001,46.0,82.0,17.17251059105837,112.0,169.07999999999998,128,-36.0,86.0,-0.28,112.0,2.0
07:37:56,112.0,24.0,165.85,41.0,111.0,18.0,166.86,51.0,53.85,42.0,92.0,14.211601950519512,112.0,165.85,134,-50.0,6.0,-0.37,112.0,
07:37:57,110.04,46.0,157.44,71.0,108.23,26.0,162.19,52.0,47.39999999999999,72.0,123.0,4.091634147869066,110.04,157.44,195,-51.0,61.0,-0.26,109.8,5.0
07:37:58,108.68,75.0,117.85,53.0,107.4,75.0,119.91,33.0,9.169999999999987,150.0,86.0,12.01192823821417,108.68,117.84999999999998,236,64.0,41.0,0.27,109.8,
07:37:59,109.45,53.0,114.28,32.0,107.9,120.0,114.42,45.0,4.829999999999998,173.0,77.0,14.022816050993669,109.45,114.28,250,96.0,14.0,0.38,109.4,10.0
07:38:00,107.0,104.0,114.12,48.0,106.0,48.0,289.67,58.0,7.1200000000000045,152.0,106.0,13.5443039688278,107.0,114.12,258,46.0,8.0,0.18,113.33,6.0
07:38:01,107.37,46.0,115.0,35.0,106.85,47.0,406.0,35.0,7.6299999999999955,93.0,70.0,9.899793937249571,107.37,115.0,163,23.0,-95.0,0.14,113.33,
07:38:02,110.0,30.0,115.0,48.0,108.17,30.0,395.05,37.0,5.0,60.0,85.0,1.0631462740387994,110.0,115.0,145,-25.0,-18.0,-0.17,115.0,1.0
07:38:03,111.42,67.0,114.92,48.0,110.7,33.0,260.35,46.0,3.5,100.0,94.0,1.0341808352520252,111.42,114.92,194,6.0,49.0,0.03,111.0,1.0
07:38:04,112.0,28.0,113.29,28.0,111.0,28.0,272.0,28.0,1.2900000000000065,56.0,56.0,1.092474255990777,112.0,113.29,112,0.0,-82.0,0.0,111.0,
07:38:05,112.85,39.0,245.31,52.0,110.84,38.0,468.52,29.0,132.46,77.0,81.0,29.84149091449697,112.85,245.31,158,-4.0,46.0,-0.03,113.0,4.0
07:38:07,114.27,22.0,325.43,28.0,110.85,26.0,388.75,16.0,211.16000000000005,48.0,44.0,81.9256069248194,114.27,325.43,92,4.0,-6.0,0.04,113.4,5.0
07:38:08,111.0,16.0,212.23,26.0,109.0,8.0,283.94,16.0,101.23,24.0,42.0,73.49835215839889,111.0,212.23,66,-18.0,-26.0,-0.27,113.4,
07:38:09,108.59,39.0,156.95,42.0,107.12,48.0,192.2,15.0,48.35999999999999,87.0,57.0,68.12439159361365,108.59,156.95,144,30.0,78.0,0.21,110.33,3.0
07:38:10,108.42,76.0,173.52,25.0,106.42,55.0,214.79,53.0,65.10000000000001,131.0,78.0,73.05068185855637,108.42,173.52,209,53.0,65.0,0.25,111.0,2.0
07:38:11,113.0,33.0,128.74,19.0,108.82,44.0,220.71,14.0,15.740000000000007,77.0,33.0,39.06719954130325,113.0,128.74,110,44.0,-99.0,0.4,111.0,
07:38:12,111.91,33.0,126.36,22.0,108.45,44.0,249.54,39.0,14.450000000000005,77.0,61.0,17.323447405178914,111.91,126.36,138,16.0,28.0,0.12,112.0,4.0
07:38:13,108.65,40.0,124.2,20.0,106.89,38.0,156.0,40.0,15.549999999999995,78.0,60.0,10.4269928550852,108.65,124.2,138,18.0,0.0,0.13,108.5,4.0
07:38:14,109.0,56.0,123.0,16.0,107.0,24.0,207.75,32.0,14.0,80.0,48.0,10.416533492481896,109.0,123.0,128,32.0,-10.0,0.25,109.0,2.0
07:38:15,110.38,78.0,121.69,26.0,107.0,39.0,342.9,20.0,11.310000000000002,117.0,46.0,2.2011883154323906,110.38,121.69,163,71.0,35.0,0.44,109.0,
07:38:16,112.0,48.0,121.0,16.0,107.0,56.0,219.82,28.0,9.0,104.0,44.0,1.315074142394988,112.0,121.0,148,60.0,-15.0,0.41,109.0,
07:38:17,114.51,37.0,121.0,20.0,110.56,54.0,424.31,26.0,6.489999999999995,91.0,46.0,0.7147587005387595,114.51,121.0,137,45.0,-11.0,0.33,116.2,5.0
07:38:18,115.0,5.0,121.0,10.0,112.0,30.0,353.31,13.0,6.0,35.0,23.0,0.9554056729975572,115.0,121.0,58,12.0,-79.0,0.21,116.2,
07:38:19,113.0,24.0,118.34,35.0,109.73,88.0,251.74,46.0,5.340000000000003,112.0,81.0,1.037535541557927,113.0,118.34000000000002,193,31.0,135.0,0.16,112.6,5.0
07:38:20,112.0,24.0,115.52,29.0,107.0,60.0,116.32,31.0,3.519999999999996,84.0,60.0,1.725027536010891,112.0,115.52,144,24.0,-49.0,0.17,112.6,
07:38:21,109.27,49.0,113.95,41.0,96.59,74.0,158.84,32.0,4.680000000000007,123.0,73.0,2.713309786956809,109.27,113.95,196,50.0,52.0,0.26,112.0,2.0
07:38:22,110.1,39.0,113.75,24.0,108.6,42.0,214.0,36.0,3.6500000000000057,81.0,60.0,2.676533205472209,110.1,113.75,141,21.0,-55.0,0.15,112.0,
07:38:23,111.21,47.0,113.5,30.0,109.0,70.0,167.67,36.0,2.2900000000000063,117.0,66.0,1.671176232476726,111.21,113.5,183,51.0,42.0,0.28,112.0,6.0
07:38:24,114.0,20.0,214.67,27.0,107.22,37.0,349.13,23.0,100.67,57.0,50.0,23.23160067666448,114.0,214.67,107,7.0,-76.0,0.07,114.75,8.0
07:38:25,111.0,6.0,272.25,24.0,107.0,30.0,459.17,18.0,161.25,36.0,42.0,37.4205003975094,111.0,272.25,78,-6.0,-29.0,-0.08,114.75,
07:38:26,107.24,21.0,159.0,30.0,81.23,22.0,354.17,18.0,51.760000000000005,43.0,48.0,34.71348541993446,107.24,159.0,91,-5.0,13.0,-0.05,110.0,3.0
07:38:27,95.0,25.0,159.0,30.0,66.67,30.0,315.0,18.0,64.0,55.0,48.0,31.91874182984039,95.0,159.0,103,7.0,12.0,0.07,107.0,4.0
07:38:28,87.0,25.0,157.91,23.0,21.4,25.0,203.1,21.0,70.91,50.0,44.0,29.511214478567343,87.0,157.91,94,6.0,-9.0,0.06,107.0,
07:38:29,101.12,64.0,154.63,43.0,67.77,56.0,155.89,47.0,53.50999999999999,120.0,90.0,28.873168859687038,101.12,154.63,210,30.0,116.0,0.14,107.0,
07:38:30,113.0,16.0,151.8,35.0,107.0,80.0,154.03,37.0,38.80000000000001,96.0,72.0,4.348691757298671,113.0,151.8,168,24.0,-42.0,0.14,107.0,
07:38:31,113.0,22.0,148.5,50.0,109.0,77.0,149.46,46.0,35.5,99.0,96.0,3.826894302172097,113.0,148.5,195,3.0,27.0,0.02,107.0,
07:38:32,113.0,20.0,143.33,42.0,109.0,70.0,144.7,46.0,30.330000000000013,90.0,88.0,3.778434861155782,113.0,143.33,178,2.0,-17.0,0.01,107.0,
07:38:33,109.39,62.0,138.23,43.0,107.42,101.0,140.94,47.0,28.83999999999999,163.0,90.0,3.267639821032508,109.39,138.23,253,73.0,75.0,0.29,113.0,2.0
07:38:34,110.04,56.0,129.35,37.0,108.46,87.0,130.21,38.0,19.309999999999988,143.0,75.0,5.200892231146217,110.04,129.35,218,68.0,-35.0,0.31,115.0,2.0
07:38:35,110.0,96.0,127.07,59.0,109.0,84.0,128.08,48.0,17.069999999999993,180.0,107.0,5.275035544903611,110.0,127.07,287,73.0,69.0,0.25,110.0,3.0
07:38:36,111.6,120.0,125.6,60.0,109.0,105.0,126.65,69.0,14.0,225.0,129.0,4.183120844536543,111.6,125.6,354,96.0,67.0,0.27,110.0,
07:38:37,112.0,78.0,122.58,69.0,109.0,105.0,123.55,65.0,10.579999999999998,183.0,134.0,2.5105736396281606,112.0,122.58,317,49.0,-37.0,0.15,112.0,3.0
07:38:38,112.0,75.0,117.38,61.0,109.0,105.0,119.03,74.0,5.379999999999996,180.0,135.0,1.915019582144132,112.0,117.38,315,45.0,-2.0,0.14,112.0,
07:38:39,112.0,50.0,113.41,49.0,110.0,55.0,115.02,49.0,1.4099999999999966,105.0,98.0,2.5872707627914124,112.0,113.41,203,7.0,-112.0,0.03,113.0,4.0
07:38:40,110.1,58.0,111.7,43.0,109.06,82.0,112.57,56.0,1.6000000000000083,140.0,99.0,3.172763779419295,110.1,111.7,239,41.0,36.0,0.17,111.0,9.0
07:38:41,109.19,52.0,175.0,55.0,107.58,121.0,236.79,43.0,65.81,173.0,98.0,12.835241719578,109.19,175.0,271,75.0,32.0,0.28,110.0,2.0
07:38:42,109.0,31.0,227.16,25.0,107.0,105.0,267.44,25.0,118.16,136.0,50.0,24.97260659202394,109.0,227.16,186,86.0,-85.0,0.46,109.0,3.0
07:38:43,108.19,74.0,226.0,39.0,106.08,171.0,476.56,57.0,117.81,245.0,96.0,27.92271978156855,108.19,226.0,341,149.0,155.0,0.44,109.0,
07:38:44,108.36,236.0,211.41,46.0,102.26,190.0,268.17,72.0,103.05,426.0,118.0,24.016837218917924,108.36,211.41000000000005,544,308.0,169.5,0.57,109.0,4.0
07:38:45,109.0,91.0,116.0,18.0,107.0,135.0,193.0,27.0,7.0,226.0,45.0,23.374149610199755,109.0,116.0,271,181.0,-170.5,0.67,109.0,4.0
07:38:46,109.0,70.0,175.04,25.0,107.0,150.0,205.5,30.0,66.03999999999999,220.0,55.0,23.38087744290195,109.0,175.04,275,165.0,4.0,0.6,109.0,
07:38:47,109.0,83.0,167.79,38.0,107.0,195.0,240.5,34.0,58.78999999999999,278.0,72.0,21.29131442631008,109.0,167.79,350,206.0,75.0,0.59,109.0,2.0
07:38:48,109.0,40.0,162.38,26.0,107.0,90.0,391.88,24.0,53.38,130.0,50.0,16.96035583353127,109.0,162.38,180,80.0,-170.0,0.44,109.0,
07:38:49,113.67,18.0,276.17,30.0,108.37,41.0,460.1,30.0,162.5,59.0,60.0,30.36061148923058,113.67,276.17,119,-1.0,-61.0,-0.01,109.0,1.0
07:38:50,115.0,22.0,406.27,15.0,109.0,44.0,422.67,45.0,291.27,66.0,60.0,54.08397960579461,115.0,406.2699999999999,126,6.0,7.0,0.05,109.0,
07:38:51,109.13,23.0,182.56,18.0,108.19,62.0,417.39,18.0,73.43,85.0,36.0,53.53768046899312,109.13,182.56,121,49.0,-5.0,0.4,115.0,2.0
07:38:52,109.05,21.0,192.61,18.0,107.27,66.0,355.88,26.0,83.56000000000002,87.0,44.0,51.66173700138245,109.04999999999998,192.61,131,43.0,10.0,0.33,111.5,4.0
07:38:53,110.79,47.0,351.4,10.0,107.48,120.0,353.0,10.0,240.61,167.0,20.0,49.90910407931616,110.79,351.4,187,147.0,56.0,0.79,109.0,1.0
07:38:54,113.0,56.0,190.29,24.0,109.0,84.0,237.65,20.0,77.28999999999999,140.0,44.0,53.88010226419407,113.0,190.29,184,96.0,-3.0,0.52,109.0,
07:38:55,113.0,56.0,196.62,8.0,110.5,24.0,198.5,12.0,83.62,80.0,20.0,36.058423149106325,113.0,196.62,100,60.0,-84.0,0.6,109.0,
07:38:56,113.0,95.0,162.38,13.0,111.0,33.0,164.93,15.0,49.38,128.0,28.0,37.40435375728348,113.0,162.38,156,100.0,56.0,0.64,109.0,
07:38:57,114.64,22.0,154.1,10.0,112.94,100.0,155.1,10.0,39.46,122.0,20.0,39.64407042673604,114.64,154.1,142,102.0,-14.0,0.72,109.0,
07:38:58,117.0,11.0,151.0,11.0,113.08,75.0,153.73,11.0,34.0,86.0,22.0,9.9591857096855,117.0,151.0,108,64.0,-34.0,0.59,109.0,
07:38:59,117.0,7.0,148.29,7.0,115.0,7.0,149.71,7.0,31.289999999999992,14.0,14.0,9.193947465588623,117.0,148.29,28,0.0,-80.0,0.0,109.0,
07:39:00,113.05,73.0,144.73,11.0,112.18,17.0,146.0,10.0,31.679999999999996,90.0,21.0,3.1840650118995235,113.05,144.73,111,69.0,83.0,0.62,116.0,2.0
07:39:01,113.0,106.0,139.5,26.0,112.0,28.0,141.47,15.0,26.5,134.0,41.0,3.5283353015271155,113.0,139.5,175,93.0,64.0,0.53,113.0,4.0
07:39:02,114.21,62.0,137.06,35.0,113.55,69.0,138.12,25.0,22.85000000000001,131.0,60.0,3.742308111313421,114.21,137.06,191,71.0,16.0,0.37,113.0,
07:39:03,117.0,10.0,136.56,34.0,115.0,70.0,137.73,22.0,19.56,80.0,56.0,2.8496613833931272,117.0,136.56,136,24.0,-55.0,0.18,113.0,
07:39:04,117.0,6.0,133.45,22.0,115.0,42.0,134.69,26.0,16.44999999999999,48.0,48.0,1.432403574416756,117.0,133.45,96,0.0,-40.0,0.0,113.0,
07:39:05,115.62,13.0,131.0,14.0,114.71,42.0,131.59,17.0,15.379999999999995,55.0,31.0,1.3293607486313803,115.62,131.0,86,24.0,-10.0,0.28,115.67,3.0
07:39:06,115.0,81.0,128.53,17.0,113.0,46.0,130.5,28.0,13.53,127.0,45.0,1.9951867080555832,115.0,128.53,172,82.0,86.0,0.48,115.67,
07:39:07,115.0,73.0,124.45,42.0,113.0,63.0,125.45,31.0,9.450000000000005,136.0,73.0,2.780857781333228,115.0,124.45000000000002,209,63.0,37.0,0.3,115.0,5.0
07:39:08,114.14,56.0,122.12,16.0,112.92,78.0,123.55,29.0,7.980000000000004,134.0,45.0,2.813328988938451,114.14,122.12,179,89.0,-30.0,0.5,114.6,5.0
07:39:09,113.0,46.0,117.83,23.0,112.0,22.0,118.8,30.0,4.829999999999998,68.0,53.0,3.08789896207783,113.0,117.83,121,15.0,-58.0,0.12,113.0,5.0
07:39:10,111.73,33.0,113.78,18.0,109.12,67.0,118.17,36.0,2.049999999999997,100.0,54.0,3.5507858285175677,111.73,113.78,154,46.0,33.0,0.3,112.6,5.0
07:39:11,111.0,35.0,113.0,7.0,109.0,7.0,119.0,21.0,2.0,42.0,28.0,3.338275003650993,111.0,113.0,70,14.0,-84.0,0.2,112.6,
07:39:12,110.74,38.0,112.16,32.0,107.2,89.0,161.53,34.0,1.4200000000000017,127.0,66.0,2.7882108958973846,110.74,112.16,193,61.0,123.0,0.32,111.0,5.0
07:39:13,107.07,81.0,112.78,9.0,101.99,81.0,212.43,44.0,5.710000000000008,162.0,53.0,2.018890784564822,107.07,112.78,215,109.0,22.0,0.51,107.5,4.0
07:39:14,107.0,92.0,158.08,12.0,97.35,62.0,218.51,39.0,51.08000000000001,154.0,51.0,9.45155701458765,107.0,158.08,205,103.0,-10.0,0.5,107.0,2.0
07:39:15,108.6,20.0,231.3,37.0,107.0,89.0,334.96,46.0,122.70000000000002,109.0,83.0,25.658478715621506,108.6,231.3,192,26.0,-13.0,0.14,107.0,
07:39:16,109.71,14.0,362.88,34.0,107.0,84.0,430.8,25.0,253.17,98.0,59.0,52.96594594642868,109.71,362.88,157,39.0,-35.0,0.25,107.0,
07:39:17,111.0,24.0,296.41,54.0,107.0,144.0,301.12,51.0,185.41000000000005,168.0,105.0,51.33679898474394,111.0,296.41,273,63.0,116.0,0.23,107.0,
07:39:18,108.94,31.0,262.36,25.0,106.76,118.0,285.7,44.0,153.42000000000002,149.0,69.0,38.5952868884273,108.94,262.36,218,80.0,-55.0,0.37,109.0,5.0
07:39:19,107.25,57.0,197.62,53.0,103.94,64.0,253.39,51.0,90.37,121.0,104.0,32.2607878081117,107.25,197.62,225,17.0,7.0,0.08,108.0,4.0
07:39:20,107.0,77.0,140.91,55.0,100.0,44.0,151.55,55.0,33.91,121.0,110.0,43.772667613477786,107.0,140.91,231,11.0,6.0,0.05,108.0,
07:39:21,107.0,91.0,139.92,65.0,97.32,19.0,163.46,63.0,32.91999999999999,110.0,128.0,36.181211560698245,107.0,139.92,238,-18.0,7.0,-0.08,108.0,
07:39:22,107.0,84.0,139.0,35.0,93.4,10.0,279.67,30.0,32.0,94.0,65.0,27.58706889105842,107.0,139.0,159,29.0,-79.0,0.18,108.0,
07:39:23,107.0,113.0,137.14,42.0,91.0,40.0,140.29,34.0,30.139999999999983,153.0,76.0,13.12614071233435,107.0,137.14,229,77.0,70.0,0.34,107.0,1.0
07:39:24,107.0,93.0,136.0,45.0,82.53,30.0,137.0,27.0,29.0,123.0,72.0,1.0026115897994976,107.0,136.0,195,51.0,-34.0,0.26,107.0,3.0
07:39:25,113.29,126.0,134.08,65.0,101.94,53.0,137.0,39.0,20.790000000000006,179.0,104.0,0.92952676131474,113.29,134.08,283,75.0,88.0,0.27,107.0,5.0
07:39:26,115.0,66.0,133.0,40.0,111.0,40.0,137.0,24.0,18.0,106.0,64.0,1.056503667764712,115.0,133.0,170,42.0,-113.0,0.25,115.0,4.0
07:39:27,115.0,114.0,129.8,35.0,111.0,60.0,130.94,53.0,14.800000000000011,174.0,88.0,1.069205312370018,115.0,129.8,262,86.0,92.0,0.33,115.0,
07:39:28,115.0,90.0,123.97,33.0,111.0,45.0,125.19,27.0,8.969999999999999,135.0,60.0,1.8274353613740184,115.0,123.97,195,75.0,-67.0,0.38,115.0,
07:39:29,115.0,100.0,120.3,40.0,111.0,50.0,121.26,34.0,5.299999999999997,150.0,74.0,2.7703104519169104,115.0,120.3,224,76.0,29.0,0.34,115.0,
07:39:30,115.0,105.0,116.13,30.0,111.0,75.0,156.6,45.0,1.1299999999999957,180.0,75.0,3.4284034185025365,115.0,116.12999999999998,255,105.0,31.0,0.41,115.0,7.0
07:39:31,112.71,21.0,116.0,12.0,108.67,36.0,353.0,18.0,3.2900000000000063,57.0,30.0,3.192533476723406,112.71,116.0,87,27.0,-168.0,0.31,114.0,4.0
07:39:32,111.0,28.0,115.0,14.0,107.0,49.0,353.0,21.0,4.0,77.0,35.0,2.583925308517917,111.0,115.0,112,42.0,25.0,0.38,114.0,
07:39:33,111.0,40.0,114.58,24.0,107.0,84.0,264.52,52.0,3.5799999999999983,124.0,76.0,2.006845783810821,111.0,114.58,200,48.0,88.0,0.24,111.0,2.0
07:39:34,111.0,19.0,114.0,22.0,107.0,97.0,128.96,49.0,3.0,116.0,71.0,1.2917933271228643,111.0,114.0,187,45.0,-13.0,0.24,111.0,1.0
07:39:35,107.35,57.0,141.67,24.0,105.37,93.0,154.33,45.0,34.31999999999999,150.0,69.0,5.124711699208002,107.35,141.67,219,81.0,32.0,0.37,109.0,7.0
07:39:36,107.0,109.0,231.4,50.0,61.75,40.0,335.0,50.0,124.4,149.0,100.0,24.461266320450385,107.0,231.4,249,49.0,30.0,0.2,109.0,
07:39:37,107.0,70.0,227.0,35.0,104.8,10.0,507.32,25.0,120.0,80.0,60.0,28.631338599513672,107.0,227.0,140,20.0,-109.0,0.14,109.0,
07:39:38,107.04,99.0,204.09,44.0,83.72,61.0,346.0,50.0,97.05,160.0,94.0,25.761392237222008,107.04,204.09000000000003,254,66.0,114.0,0.26,107.0,5.0
07:39:39,109.24,21.0,328.74,39.0,107.05,74.0,568.36,33.0,219.5,95.0,72.0,34.07282832404736,109.24,328.74,167,23.0,-87.0,0.14,107.0,
07:39:40,114.71,105.0,292.75,52.0,111.05,39.0,556.27,44.0,178.04000000000002,144.0,96.0,27.03611418085086,114.71,292.75,240,48.0,73.0,0.2,107.0,
07:39:47,117.0,42.0,400.08,26.0,113.0,54.0,708.67,9.0,283.08,96.0,35.0,70.8987339802342,117.0,400.08,131,61.0,-97.0,0.47,117.0,2.0
07:39:48,117.0,16.0,356.0,16.0,113.0,25.0,657.0,12.0,239.0,41.0,28.0,86.46729138813134,117.0,356.0,69,13.0,-62.0,0.19,117.0,
07:39:49,115.09,44.0,356.0,24.0,112.86,37.0,615.0,18.0,240.91,81.0,42.0,76.16558855546258,115.09,356.0,123,39.0,54.0,0.32,116.2,5.0
07:39:50,115.0,87.0,356.0,36.0,113.0,54.0,570.22,27.0,241.0,141.0,63.0,28.55995238091288,115.0,356.0,204,78.0,81.0,0.38,115.0,1.0
07:39:51,115.0,90.0,313.41,34.0,113.0,60.0,632.5,36.0,198.41000000000005,150.0,70.0,15.6807222410197,115.0,313.41,220,80.0,16.0,0.36,115.0,
07:39:53,115.0,27.0,187.0,12.0,113.0,18.0,506.0,9.0,72.0,45.0,21.0,73.73480541779445,115.0,187.0,66,24.0,-110.0,0.36,115.0,
07:39:54,115.0,54.0,275.9,21.0,113.0,36.0,588.57,21.0,160.89999999999998,90.0,42.0,76.230406203824,115.0,275.9,132,48.0,66.0,0.36,115.0,
07:39:55,115.0,72.0,281.48,31.0,113.0,48.0,402.0,25.0,166.48000000000002,120.0,56.0,77.38977729648799,115.0,281.48,176,64.0,44.0,0.36,115.0,
07:39:57,115.0,59.0,150.76,42.0,113.0,60.0,303.25,32.0,35.75999999999999,119.0,74.0,60.867794275790935,115.0,150.76,193,45.0,67.0,0.23,115.0,3.0
07:39:58,115.0,60.0,145.6,40.0,113.0,72.0,154.56,39.0,30.599999999999994,132.0,79.0,65.04311093421045,115.0,145.6,211,53.0,18.0,0.25,115.0,
07:39:59,115.0,50.0,140.11,18.0,113.0,60.0,141.5,24.0,25.110000000000014,110.0,42.0,70.32899032404778,115.0,140.11,152,68.0,-59.0,0.45,115.0,
07:40:00,114.08,65.0,117.32,69.0,112.92,65.0,121.53,45.0,3.239999999999995,130.0,114.0,73.36534140859706,114.08,117.32,244,16.0,92.0,0.07,115.0,5.0
07:40:01,113.0,54.0,114.43,14.0,112.0,11.0,115.16,19.0,1.4300000000000068,65.0,33.0,8.74625062526837,113.0,114.43,98,32.0,-146.0,0.33,113.0,3.0
07:40:02,112.7,27.0,114.48,21.0,109.89,19.0,115.6,15.0,1.7800000000000011,46.0,36.0,8.096880263410565,112.7,114.48,82,10.0,-16.0,0.12,112.0,5.0
07:40:03,111.0,54.0,112.97,30.0,109.0,28.0,113.44,39.0,1.9699999999999989,82.0,69.0,6.317552532429603,111.0,112.97,151,13.0,69.0,0.09,112.0,2.0
07:40:04,109.61,23.0,111.29,21.0,107.2,102.0,113.12,32.0,1.6800000000000068,125.0,53.0,1.977885234286327,109.61,111.29,178,72.0,27.0,0.4,111.0,3.0
07:40:05,107.0,180.0,109.32,25.0,70.09,46.0,110.29,35.0,2.319999999999993,226.0,60.0,2.3297145747940853,107.0,109.32,286,166.0,108.0,0.58,109.0,2.0
07:40:06,107.0,96.0,229.33,18.0,67.7,40.0,286.0,34.0,122.33,136.0,52.0,25.625382923968317,107.0,229.33000000000004,188,84.0,-98.0,0.45,107.0,3.0
07:40:07,109.0,24.0,312.5,12.0,107.0,36.0,372.77,13.0,203.5,60.0,25.0,45.97045757875383,109.0,312.5,85,35.0,-103.0,0.41,107.0,
07:40:08,113.5,24.0,385.43,21.0,109.17,35.0,442.81,32.0,271.93,59.0,53.0,61.940251613954594,113.5,385.43,112,6.0,27.0,0.05,113.0,2.0
07:40:09,107.71,70.0,298.51,37.0,94.95,43.0,406.0,15.0,190.8,113.0,52.0,53.12917324784947,107.71,298.51,165,61.0,53.0,0.37,116.0,2.0
07:40:10,107.19,129.0,274.71,24.0,102.42,101.0,305.81,32.0,167.51999999999998,230.0,56.0,29.857439943839857,107.19,274.71,286,174.0,121.0,0.61,116.0,
07:40:11,113.0,12.0,215.13,15.0,107.0,135.0,388.95,19.0,102.13,147.0,34.0,31.133271912858817,113.0,215.13,181,113.0,-105.0,0.62,116.0,
07:40:12,113.0,16.0,196.0,18.0,107.0,72.0,250.25,8.0,83.0,88.0,26.0,37.45546515530149,113.0,196.0,114,62.0,-67.0,0.54,116.0,
07:40:13,113.0,20.0,187.4,10.0,107.0,160.0,219.0,40.0,74.4,180.0,50.0,23.29006075560997,113.0,187.4,230,130.0,116.0,0.57,116.0,
07:40:14,113.0,20.0,168.62,13.0,107.0,190.0,181.38,29.0,55.620000000000005,210.0,42.0,19.16348950478497,113.0,168.62,252,168.0,22.0,0.67,116.0,
07:40:15,113.0,24.0,164.0,12.0,107.35,172.0,166.0,36.0,51.0,196.0,48.0,10.41901770801853,113.0,164.0,244,148.0,-8.0,0.61,116.0,
07:40:16,113.43,21.0,161.58,31.0,108.12,72.0,162.58,24.0,48.150000000000006,93.0,55.0,7.597862857409551,113.43,161.58,148,38.0,-96.0,0.26,116.0,
07:40:17,113.0,20.0,155.14,29.0,112.0,33.0,156.68,31.0,42.13999999999999,53.0,60.0,6.0853865941288925,113.0,155.14,113,-7.0,-35.0,-0.06,113.75,4.0
07:40:18,112.9,31.0,150.64,44.0,111.8,45.0,152.44,54.0,37.73999999999998,76.0,98.0,3.600326374094972,112.9,150.64,174,-22.0,61.0,-0.13,112.5,4.0
07:40:19,112.0,10.0,132.08,24.0,109.0,10.0,139.04,23.0,20.080000000000013,20.0,47.0,6.577015280505597,112.0,132.08,67,-27.0,-107.0,-0.4,112.5,
07:40:20,107.15,101.0,110.5,16.0,103.39,112.0,111.84,19.0,3.3499999999999943,213.0,35.0,11.597131110753418,107.15000000000002,110.5,248,178.0,169.5,0.72,110.5,2.0
07:40:21,107.27,118.0,113.38,24.0,103.56,94.0,145.41,34.0,6.109999999999999,212.0,58.0,11.720688119731088,107.27,113.38,270,154.0,22.0,0.57,109.67,3.0
07:40:22,107.74,70.0,113.23,26.0,103.55,186.0,128.23,43.0,5.490000000000009,256.0,69.0,9.96221210374513,107.74,113.23,325,187.0,55.0,0.58,111.0,3.0
07:40:23,107.0,206.0,111.5,18.0,85.32,130.0,208.47,32.0,4.5,336.0,50.0,5.554496376810986,107.0,111.5,386,286.0,61.0,0.74,107.0,2.0
07:40:24,107.0,130.0,111.0,27.0,95.12,68.0,112.0,9.0,4.0,198.0,36.0,0.7743577984411484,107.0,111.0,234,162.0,-152.0,0.69,107.0,
07:40:25,107.0,114.0,110.46,13.0,52.4,20.0,111.09,23.0,3.4599999999999937,134.0,36.0,0.7970382675923555,107.0,110.46,170,98.0,-64.0,0.58,107.0,
07:40:26,108.24,105.0,109.8,15.0,103.82,98.0,230.16,37.0,1.5600000000000025,203.0,52.0,0.6913537444801086,108.24,109.8,255,151.0,85.0,0.59,107.86,7.0
07:40:27,109.0,55.0,147.6,15.0,107.0,56.0,235.77,35.0,38.6,111.0,50.0,8.6331888662305,109.0,147.6,161,61.0,-94.0,0.38,109.0,4.0
07:40:28,109.38,16.0,193.85,26.0,94.81,21.0,382.4,30.0,84.47,37.0,56.0,18.89301643465133,109.38,193.85,93,-19.0,-68.0,-0.2,108.2,5.0
07:40:29,111.8,5.0,204.0,12.0,106.82,11.0,470.75,12.0,92.2,16.0,24.0,23.101313166138496,111.8,204.0,40,-8.0,-53.0,-0.2,108.0,6.0
07:40:32,91.0,30.0,103.0,12.0,68.21,42.0,198.43,23.0,12.0,72.0,35.0,36.3786093741914,91.0,103.0,107,37.0,21.0,0.35,108.0,
07:40:34,103.08,49.0,104.91,11.0,74.0,10.0,173.85,26.0,1.8299999999999983,59.0,37.0,9.126493302468909,103.08,104.91,96,22.0,-15.0,0.23,103.0,2.0
07:40:35,84.25,92.0,105.43,28.0,19.19,88.0,106.86,28.0,21.180000000000007,180.0,56.0,9.08570195417006,84.25,105.43,236,124.0,140.0,0.53,105.0,4.0
07:40:37,89.12,80.0,226.0,14.0,59.38,40.0,203.33,18.0,136.88,120.0,32.0,30.90112052984499,89.12,226.0,152,88.0,89.0,0.58,106.67,3.0
07:40:38,98.36,77.0,294.51,35.0,94.18,77.0,336.43,42.0,196.15,154.0,77.0,48.34869987910744,98.36,294.51,231,77.0,79.0,0.33,106.67,
07:40:39,114.13,53.0,301.87,30.0,105.62,61.0,312.51,35.0,187.74,114.0,65.0,57.508162724955824,114.13,301.87,179,49.0,-52.0,0.27,106.67,
07:40:40,115.0,50.0,166.44,32.0,113.0,80.0,250.9,31.0,51.44,130.0,63.0,50.143160051995096,115.0,166.44,193,67.0,14.0,0.35,106.67,
07:40:41,115.0,54.0,125.27,33.0,113.0,104.0,284.69,26.0,10.269999999999996,158.0,59.0,37.060252562550026,115.0,125.27,217,99.0,24.0,0.46,115.0,1.0
07:40:42,115.22,54.0,124.0,42.0,113.13,120.0,298.47,30.0,8.780000000000001,174.0,72.0,42.36219446629267,115.22,124.0,246,102.0,29.0,0.41,115.0,
07:40:43,117.0,33.0,123.73,33.0,115.0,44.0,439.5,36.0,6.730000000000004,77.0,69.0,38.094704093876366,117.0,123.73,146,8.0,-100.0,0.05,115.0,
07:40:44,113.86,49.0,121.71,21.0,113.0,167.0,194.0,14.0,7.849999999999994,216.0,35.0,9.55461825506416,113.86,121.71,251,181.0,105.0,0.72,115.86,7.0
07:40:45,113.0,413.0,118.69,59.0,112.0,104.0,127.28,39.0,5.689999999999998,517.0,98.0,1.910196324990352,113.0,118.69,615,419.0,169.5,0.68,115.86,
07:40:46,113.0,315.0,115.16,38.0,112.0,80.0,117.63,41.0,2.1599999999999966,395.0,79.0,2.604202373089886,113.0,115.16,474,316.0,-141.0,0.67,113.0,5.0
07:40:47,113.0,216.0,128.89,27.0,112.0,72.0,208.4,20.0,15.889999999999986,288.0,47.0,2.9177954006418805,113.0,128.89,335,241.0,-139.0,0.72,113.0,3.0
07:40:48,113.0,213.0,125.89,9.0,112.0,72.0,193.0,36.0,12.89,285.0,45.0,2.739899633199538,113.0,125.89,330,240.0,-5.0,0.73,113.0,
07:40:49,117.0,64.0,124.06,16.0,113.0,368.0,199.6,50.0,7.060000000000002,432.0,66.0,3.0399786183469786,117.0,124.06,498,366.0,168.0,0.73,113.0,
07:40:50,117.0,20.0,123.25,8.0,113.0,184.0,269.1,20.0,6.25,204.0,28.0,2.8176444062384007,117.0,123.25,232,176.0,-170.5,0.76,117.0,3.0
07:40:51,115.42,19.0,122.86,7.0,113.19,127.0,509.0,16.0,7.439999999999998,146.0,23.0,0.7460428942133573,115.42,122.86,169,123.0,-63.0,0.73,116.0,2.0
07:40:52,115.0,30.0,121.5,6.0,113.0,138.0,326.67,6.0,6.5,168.0,12.0,0.8861320443401224,115.0,121.5,180,156.0,11.0,0.87,116.0,
07:40:53,115.0,55.0,119.73,11.0,113.0,253.0,121.18,11.0,4.730000000000004,308.0,22.0,1.3071916462426378,115.0,119.73,330,286.0,150.0,0.87,116.0,
07:40:54,115.0,49.0,117.73,11.0,113.0,253.0,119.36,11.0,2.730000000000004,302.0,22.0,1.4708093010335497,115.0,117.73,324,280.0,-6.0,0.86,115.0,2.0
07:40:55,115.0,22.0,116.9,10.0,113.0,230.0,117.9,10.0,1.9000000000000057,252.0,20.0,1.3167270028396316,115.0,116.9,272,232.0,-52.0,0.85,115.0,1.0
07:40:56,113.25,79.0,237.89,19.0,112.75,215.0,331.85,26.0,124.64,294.0,45.0,26.217518379892542,113.25,237.89,339,249.0,67.0,0.73,115.0,2.0
07:40:57,113.0,138.0,318.44,18.0,112.0,108.0,414.25,12.0,205.44,246.0,30.0,45.58788402635066,113.0,318.44,276,216.0,-63.0,0.78,113.0,1.0
07:40:58,113.0,208.0,294.65,31.0,112.0,180.0,418.75,16.0,181.65,388.0,47.0,47.33343564542925,113.0,294.65,435,341.0,159.0,0.78,113.0,4.0
07:40:59,113.0,111.0,243.09,22.0,112.0,126.0,462.31,13.0,130.09,237.0,35.0,38.55328222084326,113.0,243.09000000000003,272,202.0,-163.0,0.74,113.0,
07:41:00,113.07,59.0,394.0,9.0,112.33,134.0,548.0,36.0,280.93,193.0,45.0,31.87211900705664,113.07,394.0,238,148.0,-34.0,0.62,113.0,4.0
07:41:02,112.05,161.0,243.0,26.0,111.89,81.0,703.0,39.0,130.95,242.0,65.0,53.70138201201134,112.05,243.0,307,177.0,-8.0,0.58,112.67,3.0
07:41:03,112.34,47.0,293.0,16.0,112.03,74.0,703.0,9.0,180.66,121.0,25.0,53.80569886173745,112.34,293.0,146,96.0,-161.0,0.66,113.0,3.0
07:41:04,113.86,14.0,289.45,11.0,112.15,80.0,716.0,10.0,175.58999999999995,94.0,21.0,49.80186271616729,113.86,289.45,115,73.0,-31.0,0.63,115.0,1.0
07:41:05,113.0,12.0,144.0,6.0,112.0,102.0,483.83,30.0,31.0,114.0,36.0,63.011571159589245,113.0,144.0,150,78.0,35.0,0.52,115.0,
07:41:06,112.81,21.0,301.82,11.0,111.49,63.0,593.18,55.0,189.01,84.0,66.0,32.88216036090062,112.81000000000002,301.82,150,18.0,0.0,0.12,111.0,5.0
07:41:07,109.71,14.0,207.0,9.0,107.48,21.0,760.67,45.0,97.29,35.0,54.0,34.81741733672939,109.71,207.0,89,-19.0,-61.0,-0.21,111.0,
07:41:08,110.75,16.0,282.0,8.0,93.5,14.0,781.0,40.0,171.25,30.0,48.0,33.881037764507525,110.75,282.0,78,-18.0,-11.0,-0.23,110.0,4.0
07:41:09,107.95,42.0,397.25,8.0,87.4,53.0,781.0,40.0,289.3,95.0,48.0,47.52119421900068,107.95000000000002,397.25,143,47.0,65.0,0.33,110.0,
07:41:10,113.0,15.0,129.0,5.0,111.0,25.0,571.0,25.0,16.0,40.0,30.0,49.94998898898761,113.0,129.0,70,10.0,-73.0,0.14,110.0,
07:41:11,113.0,27.0,283.0,9.0,111.0,45.0,346.0,45.0,170.0,72.0,54.0,49.17721748940239,113.0,283.0,126,18.0,56.0,0.14,110.0,
07:41:12,113.0,15.0,338.2,15.0,111.0,25.0,365.05,20.0,225.2,40.0,35.0,49.17311541889514,113.0,338.2,75,5.0,-51.0,0.07,110.0,
07:41:13,113.0,12.0,255.0,16.0,111.0,20.0,256.0,4.0,142.0,32.0,20.0,49.62970884460216,113.0,255.0,52,12.0,-23.0,0.23,110.0,
07:41:14,113.0,94.0,254.0,52.0,111.0,65.0,256.0,13.0,141.0,159.0,65.0,38.351427613584136,113.0,254.0,224,94.0,169.5,0.42,110.0,
07:41:15,113.0,43.0,251.64,44.0,111.0,55.0,256.46,26.0,138.64,98.0,70.0,18.431583762660853,113.0,251.64,168,28.0,-56.0,0.17,113.0,5.0
07:41:16,113.0,24.0,249.5,32.0,111.0,40.0,250.5,32.0,136.5,64.0,64.0,19.185001433411028,113.0,249.5,128,0.0,-40.0,0.0,113.0,
07:41:17,113.0,53.0,233.63,27.0,111.0,45.0,245.83,24.0,120.63,98.0,51.0,4.362170331381328,113.0,233.63,149,47.0,21.0,0.32,113.0,5.0
07:41:18,116.86,56.0,175.89,56.0,112.57,23.0,225.72,39.0,59.02999999999999,79.0,95.0,15.598684880462956,116.86,175.89,174,-16.0,25.0,-0.09,113.0,
07:41:19,117.0,78.0,127.52,23.0,113.0,26.0,130.41,54.0,10.519999999999996,104.0,77.0,26.127662161012097,117.0,127.52,181,27.0,7.0,0.15,113.0,
07:41:20,117.0,90.0,122.25,48.0,113.0,32.0,123.6,60.0,5.25,122.0,108.0,28.35121037980535,117.0,122.25,230,14.0,49.0,0.06,117.0,2.0
07:41:21,117.0,53.0,119.55,44.0,114.33,36.0,121.62,26.0,2.549999999999997,89.0,70.0,23.828660684142164,117.0,119.55,159,19.0,-71.0,0.12,117.0,1.0
07:41:22,114.09,46.0,116.38,45.0,110.39,46.0,117.93,30.0,2.289999999999992,92.0,75.0,12.571820472786834,114.09,116.37999999999998,167,17.0,8.0,0.1,114.78,9.0
07:41:23,111.0,41.0,113.71,21.0,107.12,103.0,114.77,22.0,2.7099999999999937,144.0,43.0,3.850515549894852,111.0,113.71,187,101.0,20.0,0.54,112.0,4.0
07:41:24,107.71,51.0,112.0,9.0,104.36,44.0,141.2,15.0,4.290000000000006,95.0,24.0,4.048472551467027,107.71,112.0,119,71.0,-68.0,0.6,111.0,1.0
07:41:25,109.0,21.0,110.44,9.0,107.0,81.0,139.0,36.0,1.4399999999999975,102.0,45.0,3.667400987072697,109.0,110.44,147,57.0,28.0,0.39,109.0,3.0
07:41:26,107.0,30.0,110.0,6.0,104.0,18.0,272.33,24.0,3.0,48.0,30.0,2.686367435773012,107.0,110.0,78,18.0,-69.0,0.23,107.4,5.0
07:41:27,107.0,46.0,109.6,10.0,86.0,20.0,425.43,49.0,2.5999999999999943,66.0,59.0,1.6192529141494798,107.0,109.6,125,7.0,47.0,0.06,107.0,2.0
07:41:28,92.2,15.0,108.0,11.0,66.84,37.0,524.0,44.0,15.799999999999995,52.0,55.0,4.0816271265246025,92.2,108.0,107,-3.0,-18.0,-0.03,107.0,3.0
07:41:29,101.0,6.0,327.33,12.0,81.0,18.0,405.15,26.0,226.33,24.0,38.0,48.23394157644575,101.0,327.33,62,-14.0,-45.0,-0.23,107.0,1.0
07:41:32,90.66,64.0,141.0,16.0,86.94,32.0,251.9,31.0,50.34,96.0,47.0,50.7576127295205,90.66,141.0,143,49.0,-19.0,0.34,102.0,1.0
07:41:33,93.0,12.0,148.7,47.0,91.0,144.0,397.35,52.0,55.69999999999999,156.0,99.0,49.0814272408615,93.0,148.7,255,57.0,112.0,0.22,102.0,
07:41:35,97.33,109.0,103.0,10.0,95.86,21.0,106.0,50.0,5.670000000000002,130.0,60.0,11.485714170219492,97.33,103.0,190,70.0,-61.0,0.37,102.33,6.0
07:41:36,98.0,96.0,103.0,8.0,97.0,8.0,106.0,40.0,5.0,104.0,48.0,10.554057513581252,98.0,103.0,152,56.0,-38.0,0.37,102.33,
07:41:37,100.36,97.0,104.93,28.0,98.4,20.0,148.63,38.0,4.570000000000007,117.0,66.0,9.380248930597777,100.36,104.93,183,51.0,31.0,0.28,104.5,2.0
07:41:38,101.12,65.0,104.0,28.0,99.66,67.0,106.0,40.0,2.8799999999999955,132.0,68.0,2.041078146465882,101.12,104.0,200,64.0,17.0,0.32,104.0,1.0
07:41:39,101.62,156.0,104.0,26.0,35.6,43.0,106.0,52.0,2.3799999999999955,199.0,78.0,1.287412132916522,101.62,104.0,277,121.0,77.0,0.44,104.0,2.0
07:41:41,85.58,128.0,114.86,42.0,86.01,74.0,206.67,42.0,29.28,202.0,84.0,12.766584116355492,85.58,114.86,286,118.0,53.0,0.41,107.0,3.0
07:41:42,115.0,65.0,124.08,26.0,113.0,273.0,253.33,48.0,9.079999999999998,338.0,74.0,16.52592115435568,115.0,124.08,412,264.0,126.0,0.64,107.0,
07:41:43,115.0,113.0,123.03,38.0,113.0,357.0,181.45,55.0,8.030000000000001,470.0,93.0,18.71777951574333,115.0,123.03000000000002,563,377.0,151.0,0.67,115.0,1.0
07:41:44,115.0,58.0,119.37,30.0,113.0,210.0,120.59,27.0,4.3700000000000045,268.0,57.0,19.748834649162987,115.0,119.37000000000002,325,211.0,-170.5,0.65,115.0,2.0
07:41:45,115.0,35.0,116.71,21.0,113.0,147.0,120.0,14.0,1.7099999999999935,182.0,35.0,8.04047386663127,115.0,116.71,217,147.0,-108.0,0.68,115.0,3.0
07:41:46,115.0,16.0,119.5,16.0,113.0,168.0,121.0,40.0,4.5,184.0,56.0,1.4947474703040398,115.0,119.5,240,128.0,23.0,0.53,115.0,
07:41:47,115.0,20.0,118.4,20.0,113.0,210.0,121.0,50.0,3.4000000000000057,230.0,70.0,1.153754739960067,115.0,118.4,300,160.0,60.0,0.53,115.0,
07:41:48,113.14,140.0,116.91,66.0,111.88,197.0,139.57,46.0,3.769999999999996,337.0,112.0,0.9472750392469536,113.14,116.91,449,225.0,149.0,0.5,115.0,2.0
07:41:49,113.1,103.0,116.56,90.0,111.52,193.0,172.0,72.0,3.460000000000008,296.0,162.0,1.044045018177047,113.1,116.56,458,134.0,9.0,0.29,115.0,
07:41:50,113.08,78.0,116.0,60.0,112.45,66.0,427.62,42.0,2.9200000000000017,144.0,102.0,1.2195695962019997,113.08,116.0,246,42.0,-170.5,0.17,113.5,4.0
07:41:51,113.0,116.0,115.17,60.0,112.0,60.0,164.35,57.0,2.1700000000000017,176.0,117.0,0.9964085507362498,113.0,115.17,293,59.0,47.0,0.2,113.0,2.0
07:41:52,112.04,73.0,129.71,58.0,109.62,93.0,501.22,36.0,17.67,166.0,94.0,2.8178094328716257,112.04,129.71,260,72.0,-33.0,0.28,112.6,10.0
07:41:53,111.67,66.0,194.75,16.0,107.96,92.0,398.69,26.0,83.08,158.0,42.0,16.835882216265954,111.67,194.75,200,116.0,-60.0,0.58,115.0,3.0
07:41:54,115.67,24.0,204.56,18.0,112.07,60.0,363.85,27.0,88.89,84.0,45.0,22.29524545727138,115.67,204.56,129,39.0,-71.0,0.3,115.0,
07:41:55,116.09,22.0,171.58,38.0,112.22,79.0,253.68,31.0,55.49000000000001,101.0,69.0,20.11781797312969,116.09,171.58,170,32.0,41.0,0.19,116.0,4.0
07:41:56,111.26,94.0,146.43,37.0,107.91,145.0,174.9,40.0,35.17,239.0,77.0,16.391123207394294,111.26,146.43,316,162.0,146.0,0.51,115.0,2.0
07:41:57,107.59,148.0,144.09,33.0,95.8,82.0,280.66,41.0,36.5,230.0,74.0,14.921850756524131,107.59,144.09,304,156.0,-12.0,0.51,115.0,
07:41:58,109.65,80.0,143.21,42.0,105.99,162.0,214.11,36.0,33.56,242.0,78.0,14.862508200165276,109.65,143.21,320,164.0,16.0,0.51,115.0,
07:41:59,113.0,16.0,141.43,42.0,111.0,80.0,346.0,46.0,28.430000000000007,96.0,88.0,7.575034653384768,113.0,141.43,184,8.0,-136.0,0.04,115.0,
07:42:00,111.5,12.0,120.21,19.0,108.05,57.0,123.87,23.0,8.709999999999994,69.0,42.0,5.142599537197129,111.5,120.21,111,27.0,-73.0,0.24,111.67,3.0
07:42:01,111.0,18.0,119.17,18.0,107.0,84.0,120.21,19.0,8.170000000000002,102.0,37.0,6.063524552599764,111.0,119.17,139,65.0,28.0,0.47,111.67,
07:42:02,111.0,36.0,116.35,31.0,107.04,157.0,117.38,32.0,5.349999999999994,193.0,63.0,6.595678130410867,111.0,116.35,256,130.0,117.0,0.51,111.67,
07:42:03,111.0,36.0,112.69,35.0,109.0,36.0,115.12,25.0,1.6899999999999975,72.0,60.0,6.052361522577797,111.0,112.69,132,12.0,-124.0,0.09,111.67,
07:42:04,108.11,79.0,112.0,27.0,89.82,34.0,132.46,26.0,3.890000000000001,113.0,53.0,2.3714721166356423,108.11,112.0,166,60.0,34.0,0.36,108.92,12.0
07:42:05,107.0,54.0,111.17,24.0,85.0,6.0,139.6,10.0,4.170000000000002,60.0,34.0,2.4804676978304623,107.0,111.17,94,26.0,-72.0,0.28,111.0,5.0
07:42:06,109.24,102.0,341.44,18.0,105.38,68.0,524.23,13.0,232.2,170.0,31.0,51.090834794510656,109.24,341.44,201,139.0,107.0,0.69,111.0,2.0
07:42:11,110.0,33.0,307.37,19.0,107.0,33.0,361.08,13.0,197.37,66.0,32.0,56.09388246502447,110.0,307.37,98,34.0,-4.0,0.35,111.0,
07:42:12,110.18,33.0,132.91,22.0,107.0,33.0,230.5,20.0,22.72999999999999,66.0,42.0,79.48969386027338,110.18,132.91,108,24.0,10.0,0.22,111.0,
07:42:13,111.09,22.0,129.6,20.0,97.12,48.0,132.0,20.0,18.50999999999999,70.0,40.0,81.4822917571664,111.09,129.6,110,30.0,2.0,0.27,110.0,5.0
07:42:14,108.78,36.0,127.75,24.0,92.25,40.0,129.08,24.0,18.97,76.0,48.0,74.05190929341383,108.78,127.75,124,28.0,14.0,0.23,110.0,
07:42:15,109.0,24.0,127.0,12.0,107.0,24.0,128.0,12.0,18.0,48.0,24.0,39.89190983144316,109.0,127.0,72,24.0,-52.0,0.33,110.0,
07:42:16,107.89,27.0,125.5,16.0,94.86,42.0,126.88,16.0,17.61,69.0,32.0,1.9496281696754312,107.89,125.5,101,37.0,29.0,0.37,108.6,5.0
07:42:17,107.0,37.0,121.82,22.0,84.0,48.0,122.82,22.0,14.819999999999991,85.0,44.0,2.18777741097947,107.0,121.82,129,41.0,28.0,0.32,108.6,
07:42:18,107.0,80.0,117.64,25.0,79.13,38.0,121.56,32.0,10.64,118.0,57.0,2.531487704886616,107.0,117.64,175,61.0,46.0,0.35,108.6,
07:42:19,107.19,53.0,120.23,26.0,95.38,45.0,121.23,26.0,13.040000000000006,98.0,52.0,2.293867912498911,107.19,120.23,150,46.0,-25.0,0.31,109.0,2.0
07:42:20,115.0,18.0,117.67,18.0,107.0,45.0,118.89,18.0,2.6700000000000017,63.0,36.0,1.8265596075661232,115.0,117.67,99,27.0,-51.0,0.27,109.0,
07:42:21,114.65,17.0,116.3,20.0,108.38,26.0,122.12,17.0,1.6499999999999917,43.0,37.0,1.5540978090172153,114.65,116.3,80,6.0,-19.0,0.07,115.0,2.0
07:42:22,113.0,11.0,114.91,22.0,107.0,55.0,257.62,16.0,1.9099999999999968,66.0,38.0,1.5704394289472317,113.0,114.91,104,28.0,24.0,0.27,113.0,1.0
07:42:23,111.98,118.0,169.07,30.0,105.59,59.0,252.0,30.0,57.08999999999999,177.0,60.0,11.524178061796524,111.98,169.07,237,117.0,133.0,0.49,113.0,5.0
07:42:24,113.0,66.0,317.82,22.0,107.0,55.0,637.81,26.0,204.82,121.0,48.0,43.37904540212927,113.0,317.82,169,73.0,-68.0,0.43,113.0,
07:42:25,113.0,36.0,308.0,12.0,107.75,24.0,647.92,12.0,195.0,60.0,24.0,50.24954576909122,113.0,308.0,84,36.0,-85.0,0.43,113.0,
07:42:26,116.5,48.0,255.43,14.0,112.69,39.0,402.0,10.0,138.93,87.0,24.0,44.48121367498861,116.5,255.43,111,63.0,27.0,0.57,113.0,
07:42:27,117.0,63.0,235.15,39.0,113.0,156.0,257.19,27.0,118.15,219.0,66.0,30.131247567931776,117.0,235.15,285,153.0,169.5,0.54,117.0,5.0
07:42:28,117.0,12.0,234.83,18.0,113.0,72.0,296.12,17.0,117.83,84.0,35.0,18.94582486987556,117.0,234.83000000000004,119,49.0,-166.0,0.41,117.0,
07:42:29,117.0,16.0,232.9,29.0,113.0,96.0,237.44,25.0,115.9,112.0,54.0,15.11358064788072,117.0,232.9,166,58.0,47.0,0.35,117.0,
07:42:30,117.0,30.0,228.82,51.0,113.0,180.0,230.6,52.0,111.82,210.0,103.0,5.076675093010573,117.0,228.82,313,107.0,147.0,0.34,117.0,
07:42:31,115.81,37.0,224.5,52.0,112.57,168.0,225.65,46.0,108.69,205.0,98.0,2.492434552800446,115.81,224.5,303,107.0,-10.0,0.35,115.67,3.0
07:42:32,113.0,154.0,222.29,56.0,107.0,168.0,225.0,42.0,109.29,322.0,98.0,3.420267533394638,113.0,222.29,420,224.0,117.0,0.53,115.67,
07:42:33,113.13,94.0,219.03,38.0,109.0,135.0,221.46,39.0,105.9,229.0,77.0,3.651255948299615,113.13,219.03,306,152.0,-114.0,0.5,115.67,
07:42:34,115.0,28.0,216.0,56.0,113.0,154.0,218.0,42.0,101.0,182.0,98.0,3.0737143653881223,115.0,216.0,280,84.0,-26.0,0.3,115.67,
07:42:35,115.0,22.0,214.26,35.0,113.0,121.0,215.93,42.0,99.26,143.0,77.0,2.1744240616754844,115.0,214.26,220,66.0,-60.0,0.3,115.67,
07:42:36,115.0,41.0,208.77,70.0,113.0,209.0,209.95,63.0,93.77,250.0,133.0,2.126351335032211,115.0,208.77,383,117.0,163.0,0.31,115.0,1.0
07:42:37,113.16,87.0,206.5,42.0,111.39,224.0,208.0,56.0,93.34,311.0,98.0,2.643734101605753,113.16,206.5,409,213.0,26.0,0.52,113.8,5.0
07:42:38,113.0,128.0,201.9,58.0,111.01,237.0,204.26,53.0,88.9,365.0,111.0,3.3351311818267533,113.0,201.9,476,254.0,67.0,0.53,113.8,
07:42:39,113.0,128.0,196.84,58.0,112.0,16.0,197.85,62.0,83.84,144.0,120.0,3.77555029101628,113.0,196.84,264,24.0,-170.5,0.09,113.8,
07:42:40,113.0,177.0,192.43,68.0,112.0,14.0,193.66,44.0,79.43,191.0,112.0,3.68123620540616,113.0,192.43,303,79.0,39.0,0.26,113.0,1.0
07:42:41,113.0,180.0,186.18,50.0,112.0,15.0,187.17,60.0,73.18,195.0,110.0,3.993745109542326,113.0,186.18,305,85.0,2.0,0.28,113.0,
07:42:42,113.0,180.0,182.34,70.0,112.0,18.0,184.34,58.0,69.34,198.0,128.0,3.943186528683791,113.0,182.34,326,70.0,21.0,0.21,113.0,5.0
07:42:43,113.0,92.0,173.89,47.0,112.0,16.0,173.77,47.0,60.88999999999999,108.0,94.0,4.458107221679791,113.0,173.89,202,14.0,-124.0,0.07,113.0,4.0
07:42:44,113.15,53.0,118.23,71.0,111.22,88.0,119.34,68.0,5.079999999999998,141.0,139.0,14.988506263133551,113.15000000000002,118.23,280,2.0,78.0,0.01,117.0,2.0
07:42:45,111.19,159.0,114.81,36.0,110.06,170.0,115.56,59.0,3.620000000000005,329.0,95.0,17.99585785674008,111.19,114.81,424,234.0,144.0,0.55,113.0,3.0
07:42:46,111.01,181.0,113.33,18.0,109.31,118.0,114.81,43.0,2.319999999999993,299.0,61.0,17.605910371235947,111.01,113.33,360,238.0,-64.0,0.66,113.0,1.0
07:42:47,111.0,169.0,112.08,24.0,109.0,120.0,155.38,52.0,1.0799999999999983,289.0,76.0,13.664869190738466,111.0,112.08,365,213.0,5.0,0.58,111.11,9.0
07:42:48,110.46,112.0,150.14,28.0,108.79,112.0,351.46,41.0,39.67999999999999,224.0,69.0,7.853161783638072,110.46,150.14,293,155.0,-72.0,0.53,111.0,1.0
07:42:49,109.0,110.0,289.78,23.0,107.0,44.0,465.0,40.0,180.78,154.0,63.0,37.778798948616576,109.0,289.78,217,91.0,-76.0,0.42,111.0,
07:42:50,109.0,90.0,239.97,30.0,107.0,36.0,277.15,20.0,130.97,126.0,50.0,39.49415817560862,109.0,239.97,176,76.0,-41.0,0.43,111.0,
07:42:51,109.0,40.0,268.0,12.0,107.0,16.0,289.0,4.0,159.0,56.0,16.0,38.08020903303964,109.0,268.0,72,40.0,-104.0,0.56,111.0,
07:42:52,109.22,80.0,266.64,33.0,108.26,76.0,270.95,19.0,157.42,156.0,52.0,27.09425861690986,109.22,266.64,208,104.0,136.0,0.5,109.2,5.0
07:42:53,110.6,20.0,251.59,29.0,109.43,46.0,237.18,17.0,140.99,66.0,46.0,9.296492349267789,110.6,251.59,112,20.0,-96.0,0.18,110.0,3.0
07:42:54,111.27,11.0,175.77,13.0,109.4,30.0,182.53,17.0,64.50000000000001,41.0,30.0,18.558890861255545,111.27,175.77,71,11.0,-41.0,0.15,110.0,
07:42:55,112.0,24.0,171.52,29.0,109.0,72.0,172.04,49.0,59.52000000000001,96.0,78.0,23.84870541559845,112.0,171.52,174,18.0,103.0,0.1,110.0,
07:42:56,112.0,18.0,166.86,21.0,109.0,54.0,170.43,21.0,54.860000000000014,72.0,42.0,23.68767253235308,112.0,166.86,114,30.0,-60.0,0.26,110.0,
07:42:57,112.84,50.0,151.03,33.0,109.0,78.0,164.52,27.0,38.19,128.0,60.0,19.26332707504065,112.84,151.03,188,68.0,74.0,0.36,110.0,
07:42:58,113.0,30.0,159.94,53.0,107.86,70.0,161.12,51.0,46.94,100.0,104.0,4.576311833779908,113.0,159.94,204,-4.0,16.0,-0.02,113.0,4.0
07:42:59,114.5,32.0,155.81,32.0,109.25,32.0,157.28,18.0,41.31,64.0,50.0,3.8020086796315886,114.5,155.81,114,14.0,-90.0,0.12,113.0,
07:43:00,114.63,27.0,128.08,37.0,111.18,22.0,131.93,27.0,13.450000000000015,49.0,64.0,6.974644793822389,114.63,128.08,113,-15.0,-1.0,-0.13,114.6,5.0
07:43:01,113.0,10.0,116.62,26.0,109.0,20.0,118.11,38.0,3.620000000000005,30.0,64.0,9.441693174425527,113.0,116.62,94,-34.0,-19.0,-0.36,114.6,
07:43:02,107.0,39.0,116.1,60.0,101.5,34.0,353.49,59.0,9.099999999999994,73.0,119.0,11.471597534781,107.0,116.1,192,-46.0,98.0,-0.24,108.25,8.0
07:43:03,105.0,40.0,116.25,24.0,55.42,40.0,117.46,26.0,11.25,80.0,50.0,10.118648625186736,105.0,116.25,130,30.0,-62.0,0.23,117.0,1.0
07:43:04,98.0,16.0,111.0,15.0,69.5,24.0,114.14,28.0,13.0,40.0,43.0,6.169470803885305,98.0,111.0,83,-3.0,-47.0,-0.04,105.0,1.0
