Time,Bid1_Price,Bid1_Volume,Ask1_Price,Ask1_Volume,Bid2_Price,Bid2_Volume,Ask2_Price,Ask2_Volume,Mid-Price,Bid_Ask_Spread,Market_Depth_Bid,Market_Depth_Ask,Historical_Volatility,Weighted_Avg_Bid_Price,Weighted_Avg_Ask_Price,Total_volume,Cumulative_Volume_Difference,Total_Volume_Change_Corrected,Order_imbalance,Weighted_Avg_Price,Trade_Volume
07:30:02,161.0,4.0,183.33,12.0,0.0,0.0,192.0,8.0,172.17,22.330000000000013,4.0,20.0,,161.0,183.33,24,-16.0,24.0,-0.67,,
07:30:04,161.0,8.0,178.0,10.0,0.0,0.0,185.5,8.0,169.5,17.0,8.0,18.0,,161.0,178.0,26,-10.0,2.0,-0.38,,
07:30:05,161.0,16.0,175.11,9.0,0.0,0.0,177.32,19.0,168.06,14.110000000000014,16.0,28.0,,161.0,175.11,44,-12.0,18.0,-0.27,,
07:30:06,161.0,16.0,172.07,14.0,0.0,0.0,174.14,14.0,166.54,11.069999999999991,16.0,28.0,75.63774110852333,161.0,172.07,44,-12.0,0.0,-0.27,,
07:30:07,161.0,14.0,170.5,18.0,0.0,0.0,172.06,17.0,165.75,9.5,14.0,35.0,2.5505156341415387,161.0,170.5,49,-21.0,5.0,-0.43,161.0,2.0
07:30:08,161.0,12.0,166.0,11.0,124.0,9.0,166.68,19.0,163.5,5.0,21.0,30.0,2.2832652057963974,161.0,166.0,51,-9.0,2.0,-0.18,161.0,
07:30:09,162.0,7.0,164.14,7.0,161.0,14.0,166.0,21.0,163.07,2.1399999999999864,21.0,28.0,2.093759776096709,162.0,164.14,49,-7.0,-2.0,-0.14,161.0,
07:30:10,161.15,13.0,165.42,19.0,156.5,8.0,171.19,27.0,163.29,4.269999999999982,21.0,46.0,1.5975449915418964,161.15000000000003,165.42,67,-25.0,18.0,-0.37,163.0,1.0
07:30:11,161.0,10.0,165.0,15.0,155.0,5.0,169.6,20.0,163.0,4.0,15.0,35.0,1.1505520414134518,161.0,165.0,50,-20.0,-17.0,-0.4,163.0,
07:30:12,134.75,64.0,166.59,39.0,123.8,20.0,172.75,48.0,150.67,31.840000000000003,84.0,87.0,5.613726926027032,134.75,166.59,171,-3.0,121.0,-0.02,161.5,6.0
07:30:13,127.25,64.0,153.67,18.0,120.89,57.0,156.93,41.0,140.46,26.419999999999987,121.0,59.0,10.271093904740672,127.25,153.67,180,62.0,9.0,0.34,153.5,2.0
07:30:14,146.0,6.0,153.91,22.0,134.17,18.0,158.17,24.0,149.95,7.909999999999997,24.0,46.0,9.704943585616618,146.0,153.91,70,-22.0,-110.0,-0.31,153.5,
07:30:15,147.26,19.0,151.53,38.0,140.04,25.0,153.85,66.0,149.39,4.27000000000001,44.0,104.0,8.03783117513682,147.26,151.53,148,-60.0,78.0,-0.41,153.5,
07:30:16,148.83,6.0,152.5,8.0,144.0,6.0,155.4,20.0,150.67,3.669999999999988,12.0,28.0,4.37561652798796,148.83,152.5,40,-16.0,-108.0,-0.4,152.86,7.0
07:30:17,150.4,10.0,154.0,5.0,145.2,5.0,156.0,20.0,152.2,3.5999999999999943,15.0,25.0,4.634903450990259,150.4,154.0,40,-10.0,0.0,-0.25,152.86,
07:30:18,152.18,34.0,154.0,9.0,151.03,29.0,156.0,36.0,153.09,1.8199999999999927,63.0,45.0,1.5486768546089724,152.18,154.0,108,18.0,68.0,0.17,152.86,
07:30:19,153.0,58.0,155.17,29.0,146.11,19.0,156.91,44.0,154.09,2.1699999999999875,77.0,73.0,1.8784621369624623,153.0,155.17,150,4.0,42.0,0.03,153.2,5.0
07:30:20,149.36,22.0,154.0,23.0,144.47,17.0,155.95,42.0,151.68,4.639999999999986,39.0,65.0,1.310431226734766,149.36,154.0,104,-26.0,-46.0,-0.25,154.0,2.0
07:30:21,146.55,29.0,154.0,13.0,144.31,29.0,156.41,34.0,150.28,7.449999999999989,58.0,47.0,1.440302051654989,146.55,154.0,105,11.0,1.0,0.1,154.0,
07:30:22,146.96,46.0,154.0,12.0,143.78,18.0,157.61,46.0,150.48,7.039999999999992,64.0,58.0,1.650645328349364,146.96,154.0,122,6.0,17.0,0.05,154.0,
07:30:23,151.0,20.0,158.16,25.0,146.0,16.0,161.15,26.0,154.58,7.159999999999997,36.0,51.0,2.0093083387080224,151.0,158.16,87,-15.0,-35.0,-0.17,156.38,8.0
07:30:24,154.79,19.0,159.4,40.0,142.47,17.0,170.64,33.0,157.09,4.610000000000014,36.0,73.0,2.9392720187151102,154.79,159.4,109,-37.0,22.0,-0.34,157.0,2.0
07:30:25,144.03,29.0,157.11,36.0,142.56,54.0,161.53,30.0,150.57,13.080000000000013,83.0,66.0,3.0853768003279,144.03,157.11,149,17.0,40.0,0.11,154.0,2.0
07:30:26,145.54,50.0,158.38,42.0,144.65,142.0,163.47,30.0,151.96,12.840000000000003,192.0,72.0,2.8522324589699224,145.54,158.38,264,120.0,115.0,0.45,154.0,
07:30:27,146.0,51.0,154.14,29.0,145.0,168.0,155.73,33.0,150.07,8.139999999999986,219.0,62.0,2.9448820010318952,146.0,154.14,281,157.0,17.0,0.56,154.0,
07:30:28,146.0,54.0,150.08,25.0,145.0,170.0,151.19,31.0,148.04,4.0800000000000125,224.0,56.0,3.4033263140641865,146.0,150.08,280,168.0,-1.0,0.6,151.0,1.0
07:30:29,146.0,42.0,148.57,14.0,145.0,140.0,150.93,27.0,147.29,2.569999999999993,182.0,41.0,1.903951154836125,146.0,148.57,223,141.0,-57.0,0.63,148.0,1.0
07:30:30,146.0,24.0,147.88,8.0,145.0,80.0,151.0,16.0,146.94,1.8799999999999957,104.0,24.0,2.1152895782851706,146.0,147.88,128,80.0,-95.0,0.62,148.0,
07:30:31,146.22,27.0,154.81,31.0,145.08,76.0,240.18,34.0,150.51,8.590000000000003,103.0,65.0,1.6270986448282263,146.22,154.81,168,38.0,40.0,0.23,156.08,12.0
07:30:32,148.23,39.0,152.0,56.0,145.73,49.0,153.0,65.0,150.12,3.77000000000001,88.0,121.0,1.6387342676596062,148.23,152.0,209,-33.0,41.0,-0.16,152.0,3.0
07:30:33,150.0,33.0,152.62,16.0,145.0,44.0,258.81,31.0,151.31,2.6200000000000045,77.0,47.0,1.985227946610136,150.0,152.62,124,30.0,-85.0,0.24,152.67,6.0
07:30:34,149.13,15.0,270.14,7.0,144.94,17.0,453.0,12.0,209.64,121.01,32.0,19.0,26.84849027412905,149.13,270.14,51,13.0,-73.0,0.25,153.0,1.0
07:30:35,146.2,20.0,358.0,20.0,145.0,30.0,484.94,34.0,252.1,211.8,50.0,54.0,46.43571287274487,146.2,358.0,104,-4.0,53.0,-0.04,153.0,
07:30:36,148.65,43.0,398.73,22.0,147.29,34.0,481.0,24.0,273.69,250.08,77.0,46.0,56.62277430504446,148.65,398.7300000000001,123,31.0,19.0,0.25,153.0,
07:30:37,150.8,30.0,356.45,55.0,149.3,80.0,511.08,50.0,253.63,205.65,110.0,105.0,48.84593463124648,150.8,356.45,215,5.0,92.0,0.02,153.0,
07:30:38,154.83,46.0,257.22,27.0,153.84,25.0,414.0,36.0,206.02,102.39,71.0,63.0,29.74361998815888,154.83,257.22,134,8.0,-81.0,0.06,153.0,
07:30:39,158.27,22.0,355.0,34.0,156.0,22.0,483.88,43.0,256.64,196.73,44.0,77.0,25.22195333434753,158.27,355.0,121,-33.0,-13.0,-0.27,153.0,
07:30:40,155.23,70.0,214.5,34.0,154.8,10.0,544.28,25.0,184.86,59.27000000000001,80.0,59.0,37.63687513596213,155.23,214.5,139,21.0,18.0,0.15,157.0,5.0
07:30:41,155.0,55.0,156.0,25.0,154.0,5.0,346.89,18.0,155.5,1.0,60.0,43.0,43.84099679523728,155.0,156.0,103,17.0,-36.0,0.17,157.0,
07:30:42,155.0,84.0,156.0,30.0,154.0,6.0,276.71,21.0,155.5,1.0,90.0,51.0,42.10086554929728,155.0,156.0,141,39.0,38.0,0.28,157.0,
07:30:43,155.0,72.0,156.0,40.0,154.0,8.0,223.0,24.0,155.5,1.0,80.0,64.0,43.8328050665253,155.0,156.0,144,16.0,3.0,0.11,155.0,6.0
07:30:44,155.0,32.0,181.12,16.0,154.0,4.0,433.86,14.0,168.06,26.120000000000005,36.0,30.0,12.925806744648735,155.0,181.12,66,6.0,-78.0,0.09,156.0,5.0
07:30:46,155.0,38.0,406.27,30.0,154.0,7.0,500.65,23.0,280.63,251.27,45.0,53.0,82.30299891255486,155.0,406.2699999999999,98,-8.0,-12.0,-0.08,155.0,3.0
07:30:47,158.5,60.0,272.38,39.0,154.88,40.0,359.17,35.0,215.44,113.88,100.0,74.0,74.91666083055229,158.5,272.38,174,26.0,76.0,0.15,155.0,
07:30:48,161.0,55.0,284.19,27.0,156.04,27.0,289.06,33.0,222.59,123.19,82.0,60.0,63.29696398722459,161.0,284.19,142,22.0,-32.0,0.15,155.0,
07:30:49,161.85,13.0,225.95,42.0,160.08,13.0,272.33,36.0,193.9,64.1,26.0,78.0,56.24662096517449,161.84999999999997,225.95,104,-52.0,-38.0,-0.5,161.0,4.0
07:30:50,163.0,9.0,195.33,36.0,161.0,9.0,252.38,32.0,179.17,32.33000000000001,18.0,68.0,38.8526669612268,163.0,195.33,86,-50.0,-18.0,-0.58,161.0,
07:30:51,163.0,12.0,196.83,48.0,161.0,12.0,266.28,47.0,179.92,33.83000000000001,24.0,95.0,20.04294713858229,163.0,196.83,119,-71.0,33.0,-0.6,161.0,
07:30:52,161.5,16.0,191.75,48.0,159.57,28.0,413.08,25.0,176.62,30.25,44.0,73.0,19.198110584117483,161.5,191.75,117,-29.0,-2.0,-0.25,160.8,5.0
07:30:53,160.0,26.0,189.23,52.0,159.0,65.0,213.57,46.0,174.62,29.22999999999999,91.0,98.0,7.594332097031551,160.0,189.23,189,-7.0,72.0,-0.04,160.8,
07:30:54,160.0,24.0,177.08,48.0,159.0,60.0,185.08,48.0,168.54,17.080000000000013,84.0,96.0,4.557968845879016,160.0,177.08,180,-12.0,-9.0,-0.07,160.8,
07:30:55,159.36,22.0,170.91,44.0,157.65,62.0,171.91,44.0,165.14,11.549999999999985,84.0,88.0,6.026634218202052,159.36,170.91,172,-4.0,-8.0,-0.02,159.4,5.0
07:30:56,159.0,28.0,167.29,56.0,157.0,84.0,169.14,56.0,163.14,8.289999999999992,112.0,112.0,5.857193867374043,159.0,167.29,224,0.0,52.0,0.0,159.4,
07:30:57,159.0,16.0,163.38,32.0,157.0,48.0,164.5,32.0,161.19,4.379999999999996,64.0,64.0,5.2779712011344095,159.0,163.38,128,0.0,-96.0,0.0,159.4,
07:30:58,157.65,31.0,160.22,36.0,155.97,62.0,162.0,36.0,158.93,2.569999999999993,93.0,72.0,3.687108623298775,157.65,160.22,165,21.0,37.0,0.13,157.8,5.0
07:30:59,163.86,21.0,196.0,28.0,156.38,26.0,310.55,22.0,179.93,32.139999999999986,47.0,50.0,8.299507816732515,163.86,196.0,97,-3.0,-68.0,-0.03,161.0,8.0
07:31:00,163.2,40.0,194.44,27.0,156.06,51.0,197.78,46.0,178.82,31.24000000000001,91.0,73.0,10.134716078904422,163.2,194.44,164,18.0,67.0,0.11,161.0,
07:31:01,164.11,54.0,187.85,59.0,159.44,32.0,192.35,51.0,175.98,23.73999999999998,86.0,110.0,10.09472882250947,164.11,187.85,196,-24.0,32.0,-0.12,163.25,8.0
07:31:02,159.0,80.0,186.23,48.0,157.0,30.0,188.24,42.0,172.61,27.22999999999999,110.0,90.0,8.49370531629177,159.0,186.23,200,20.0,4.0,0.1,163.25,
07:31:03,159.0,56.0,184.02,46.0,157.0,30.0,186.18,44.0,171.51,25.02000000000001,86.0,90.0,3.700858008624848,159.0,184.02,176,-4.0,-24.0,-0.02,159.0,6.0
07:31:04,160.94,134.0,179.33,61.0,158.62,32.0,181.42,74.0,170.13,18.39000000000001,166.0,135.0,3.538410660169756,160.94,179.33,301,31.0,125.0,0.1,159.0,
07:31:05,161.0,110.0,175.33,51.0,159.0,22.0,177.25,48.0,168.17,14.330000000000013,132.0,99.0,2.920034246375079,161.0,175.33,231,33.0,-70.0,0.14,159.0,
07:31:06,161.0,98.0,172.36,55.0,159.0,22.0,176.0,44.0,166.68,11.360000000000014,120.0,99.0,2.41445646057316,161.0,172.36,219,21.0,-12.0,0.1,161.0,4.0
07:31:07,161.0,46.0,172.0,30.0,158.09,22.0,176.0,24.0,166.5,11.0,68.0,54.0,2.184621248638672,161.0,172.0,122,14.0,-97.0,0.11,161.0,
07:31:08,161.0,112.0,171.74,34.0,158.0,56.0,173.23,65.0,166.37,10.740000000000007,168.0,99.0,1.6039482535305567,161.0,171.74,267,69.0,145.0,0.26,161.0,
07:31:09,161.0,111.0,167.11,53.0,158.0,60.0,168.7,57.0,164.06,6.110000000000014,171.0,110.0,1.473780852095684,161.0,167.11,281,61.0,14.0,0.22,161.0,3.0
07:31:10,160.85,54.0,163.23,65.0,157.0,36.0,227.25,16.0,162.04,2.3799999999999955,90.0,81.0,2.031624965392004,160.85,163.23,171,9.0,-110.0,0.05,161.0,5.0
07:31:11,157.73,52.0,162.0,65.0,155.44,54.0,298.09,23.0,159.87,4.27000000000001,106.0,88.0,2.850433300395613,157.73,162.0,194,18.0,23.0,0.09,161.0,
07:31:12,158.0,60.0,161.8,44.0,157.0,18.0,279.04,23.0,159.9,3.8000000000000114,78.0,67.0,2.7966712355949896,158.0,161.8,145,11.0,-49.0,0.08,158.6,5.0
07:31:13,158.67,15.0,160.63,38.0,157.33,15.0,218.0,30.0,159.65,1.960000000000008,30.0,68.0,1.9170628576039488,158.67,160.63,98,-38.0,-47.0,-0.39,158.8,5.0
07:31:14,158.0,8.0,160.0,16.0,157.0,16.0,344.43,21.0,159.0,2.0,24.0,37.0,1.1476802690666064,158.0,160.0,61,-13.0,-37.0,-0.21,158.8,
07:31:15,157.33,12.0,160.0,16.0,156.67,12.0,456.27,22.0,158.67,2.6699999999999875,24.0,38.0,0.553326305180695,157.33,160.0,62,-14.0,1.0,-0.23,158.8,
07:31:16,155.8,15.0,159.83,12.0,152.67,9.0,345.53,17.0,157.82,4.030000000000001,24.0,29.0,0.8266619623552134,155.8,159.83,53,-5.0,-9.0,-0.09,156.25,4.0
07:31:18,155.09,33.0,158.0,24.0,152.71,28.0,159.0,16.0,156.55,2.9099999999999966,61.0,40.0,14.065444536167558,155.09,158.0,101,21.0,14.0,0.21,156.25,
07:31:19,155.08,26.0,156.36,14.0,152.2,20.0,157.75,12.0,155.72,1.2800000000000011,46.0,26.0,13.71394071738703,155.08,156.36,72,20.0,-29.0,0.28,155.33,6.0
07:31:20,150.33,18.0,156.33,18.0,135.25,32.0,280.67,18.0,153.33,6.0,50.0,36.0,13.172116382723242,150.33,156.33,86,14.0,14.0,0.16,155.0,3.0
07:31:21,150.17,12.0,193.82,11.0,112.05,20.0,526.17,18.0,171.99,43.650000000000006,32.0,29.0,16.401106060263313,150.17,193.82,61,3.0,-25.0,0.05,156.0,1.0
07:31:22,161.0,5.0,206.2,10.0,148.0,10.0,683.0,15.0,183.6,45.19999999999999,15.0,25.0,13.092237012825771,161.0,206.2,40,-10.0,-21.0,-0.25,156.0,
07:31:23,162.25,20.0,249.75,32.0,152.56,59.0,269.67,36.0,206.0,87.5,79.0,68.0,21.688277248320222,162.25,249.75,147,11.0,107.0,0.07,156.0,
07:31:24,165.84,77.0,236.63,35.0,161.9,40.0,297.72,36.0,201.24,70.78999999999999,117.0,71.0,21.583080642021525,165.84,236.63,188,46.0,41.0,0.24,166.0,5.0
07:31:25,162.0,30.0,172.0,30.0,161.0,10.0,258.0,20.0,167.0,10.0,40.0,50.0,17.286497042489678,162.0,172.0,90,-10.0,-98.0,-0.11,166.0,
07:31:26,162.0,24.0,171.18,17.0,161.0,8.0,217.2,20.0,166.59,9.180000000000009,32.0,37.0,18.50378826078607,162.0,171.18,69,-5.0,-21.0,-0.07,166.0,
07:31:27,162.0,57.0,170.53,30.0,161.0,15.0,418.02,47.0,166.27,8.530000000000001,72.0,77.0,20.33713721249883,162.0,170.53,149,-5.0,80.0,-0.03,166.0,
07:31:28,161.4,25.0,168.89,18.0,160.22,9.0,462.08,26.0,165.14,7.489999999999981,34.0,44.0,15.663258600942708,161.4,168.89,78,-10.0,-71.0,-0.13,162.0,5.0
07:31:29,160.6,15.0,167.3,20.0,157.33,27.0,317.0,20.0,163.95,6.700000000000017,42.0,40.0,1.239213460226463,160.6,167.3,82,2.0,4.0,0.02,160.2,5.0
07:31:30,160.4,40.0,293.31,26.0,156.36,88.0,417.93,30.0,226.85,132.91,128.0,56.0,27.46178071429464,160.4,293.31,184,72.0,102.0,0.39,160.2,
07:31:31,159.29,28.0,309.04,49.0,156.08,150.0,372.33,24.0,234.16,149.75000000000003,178.0,73.0,35.91534393542686,159.29,309.04,251,105.0,67.0,0.42,160.2,
07:31:32,158.0,14.0,241.1,21.0,156.0,126.0,269.13,15.0,199.55,83.1,140.0,36.0,33.09617878245164,158.0,241.1,176,104.0,-75.0,0.59,160.2,
07:31:33,157.1,40.0,217.62,21.0,155.97,200.0,227.61,36.0,187.36,60.52000000000001,240.0,57.0,28.80635051512081,157.1,217.62000000000003,297,183.0,121.0,0.62,158.0,2.0
07:31:34,156.0,216.0,192.21,33.0,153.0,24.0,193.13,23.0,174.11,36.21000000000001,240.0,56.0,25.59798878818413,156.0,192.21,296,184.0,-1.0,0.62,158.0,
07:31:35,156.0,133.0,157.0,11.0,153.0,22.0,158.0,11.0,156.5,1.0,155.0,22.0,29.250877422737325,156.0,157.0,177,133.0,-119.0,0.75,156.0,10.0
07:31:36,156.25,57.0,157.92,13.0,155.41,61.0,174.62,13.0,157.08,1.6699999999999875,118.0,26.0,18.83884683307361,156.25,157.92000000000002,144,92.0,-33.0,0.64,156.0,1.0
07:31:37,156.46,39.0,162.33,12.0,155.74,69.0,276.1,20.0,159.4,5.8700000000000045,108.0,32.0,13.522551534381726,156.46,162.33,140,76.0,-4.0,0.54,158.0,1.0
07:31:38,157.44,16.0,174.8,10.0,155.91,65.0,326.0,30.0,166.12,17.360000000000014,81.0,40.0,7.462943119172922,157.44,174.8,121,41.0,-19.0,0.34,158.0,
07:31:39,160.0,13.0,170.76,49.0,157.85,91.0,281.43,23.0,165.38,10.759999999999993,104.0,72.0,4.569494501584485,160.0,170.76,176,32.0,55.0,0.18,158.0,
07:31:40,158.91,22.0,169.0,65.0,157.84,73.0,173.0,13.0,163.95,10.090000000000003,95.0,78.0,3.950402511138621,158.91,169.0,173,17.0,-3.0,0.1,158.5,4.0
07:31:41,158.0,38.0,168.3,27.0,154.0,11.0,168.51,39.0,163.15,10.300000000000011,49.0,66.0,2.6212497019570526,158.0,168.3,115,-17.0,-58.0,-0.15,158.0,2.0
07:31:42,158.0,16.0,166.03,36.0,154.0,8.0,167.42,12.0,162.01,8.030000000000001,24.0,48.0,1.6590268231736862,158.0,166.03,72,-24.0,-43.0,-0.33,158.0,
07:31:43,158.0,26.0,164.26,61.0,154.0,13.0,165.88,17.0,161.13,6.259999999999991,39.0,78.0,1.65752224721423,158.0,164.26,117,-39.0,45.0,-0.33,158.0,
07:31:44,158.0,112.0,160.67,30.0,154.0,14.0,162.0,54.0,159.33,2.6699999999999875,126.0,84.0,1.8009664072409872,158.0,160.67,210,42.0,93.0,0.2,158.0,
07:31:45,158.0,72.0,160.78,9.0,154.0,9.0,218.0,27.0,159.39,2.780000000000001,81.0,36.0,1.6613608879502475,158.0,160.78,117,45.0,-93.0,0.38,158.0,
07:31:46,158.0,84.0,159.57,14.0,154.0,11.0,211.56,27.0,158.79,1.5699999999999932,95.0,41.0,1.370912105136974,158.0,159.57,136,54.0,19.0,0.4,158.0,2.0
07:31:47,158.17,12.0,160.0,5.0,156.29,7.0,403.0,21.0,159.08,1.8300000000000125,19.0,26.0,0.9177036558776804,158.17,160.0,45,-7.0,-91.0,-0.16,158.0,4.0
07:31:49,156.82,11.0,363.26,47.0,149.59,22.0,527.92,37.0,260.04,206.44,33.0,84.0,72.33040598531159,156.82,363.2600000000001,117,-51.0,0.0,-0.44,162.0,1.0
07:31:50,158.55,20.0,398.34,32.0,156.0,10.0,520.74,38.0,278.45,239.79,30.0,70.0,71.05079992512391,158.55,398.34,100,-40.0,-17.0,-0.4,162.29,7.0
07:31:51,147.0,25.0,233.53,19.0,107.6,5.0,537.33,21.0,190.26,86.53,30.0,40.0,63.751914637914886,147.0,233.53,70,-10.0,-30.0,-0.14,162.29,
07:31:52,131.57,35.0,153.0,49.0,82.86,7.0,437.14,28.0,142.29,21.430000000000007,42.0,77.0,69.2943477492933,131.57,153.0,119,-35.0,49.0,-0.29,162.29,
07:31:53,133.83,12.0,153.0,56.0,97.75,20.0,306.43,28.0,143.42,19.169999999999987,32.0,84.0,63.92181529024344,133.83,153.0,116,-52.0,-3.0,-0.45,152.0,1.0
07:31:54,126.67,6.0,153.0,42.0,103.0,30.0,291.33,18.0,139.83,26.33,36.0,60.0,59.50803937284447,126.67,153.0,96,-24.0,-20.0,-0.25,152.0,
07:31:56,134.77,78.0,153.0,77.0,48.39,33.0,403.81,48.0,143.88,18.22999999999999,111.0,125.0,5.327623297495906,134.77,153.0,236,-14.0,150.0,-0.06,153.0,2.0
07:31:57,127.26,57.0,152.49,69.0,67.74,27.0,153.12,40.0,139.88,25.230000000000004,84.0,109.0,5.184566519972652,127.26,152.49,193,-25.0,-43.0,-0.13,153.0,3.0
07:31:58,123.3,43.0,150.77,39.0,81.17,24.0,152.27,55.0,137.04,27.470000000000013,67.0,94.0,4.777242928721736,123.3,150.77,161,-27.0,-32.0,-0.17,153.0,
07:32:05,147.27,102.0,148.88,41.0,145.42,62.0,150.44,27.0,148.08,1.6099999999999852,164.0,68.0,2.524535600861958,147.27,148.88,232,96.0,-45.0,0.41,148.0,5.0
07:32:06,145.96,125.0,151.07,30.0,131.87,108.0,153.5,46.0,148.51,5.109999999999985,233.0,76.0,2.685715919455923,145.96,151.07,309,157.0,77.0,0.51,150.57,7.0
07:32:07,134.33,99.0,153.09,47.0,112.71,89.0,154.67,30.0,143.71,18.75999999999999,188.0,77.0,2.487454522201144,134.33,153.09,265,111.0,-44.0,0.42,153.0,1.0
07:32:08,135.14,126.0,151.92,37.0,134.0,84.0,153.08,36.0,143.53,16.78,210.0,73.0,2.344647094984419,135.14,151.92,283,137.0,18.0,0.48,153.0,
07:32:09,137.44,96.0,149.54,26.0,135.91,99.0,153.0,39.0,143.49,12.099999999999994,195.0,65.0,2.590131270808302,137.44,149.54,260,130.0,-23.0,0.5,153.0,
07:32:10,139.35,142.0,150.58,24.0,99.88,94.0,156.77,52.0,144.97,11.230000000000018,236.0,76.0,2.1389997662503912,139.35,150.58,312,160.0,52.0,0.51,151.0,5.0
07:32:11,141.6,120.0,158.29,21.0,140.0,90.0,189.14,35.0,149.94,16.689999999999998,210.0,56.0,2.7580645387697422,141.6,158.29,266,154.0,-46.0,0.58,154.0,1.0
07:32:12,142.72,58.0,161.75,24.0,141.65,68.0,337.26,23.0,152.24,19.03,126.0,47.0,4.013892126106363,142.72,161.75,173,79.0,-93.0,0.46,155.0,3.0
07:32:13,146.11,92.0,155.0,10.0,144.14,72.0,277.89,27.0,150.55,8.889999999999986,164.0,37.0,3.790827086536431,146.11,155.0,201,127.0,28.0,0.63,155.0,
07:32:14,148.7,80.0,153.77,22.0,147.0,60.0,233.55,20.0,151.24,5.070000000000022,140.0,42.0,2.825662754119449,148.7,153.77,182,98.0,-19.0,0.54,155.0,
07:32:15,148.71,73.0,151.27,33.0,147.67,73.0,153.55,33.0,149.99,2.5600000000000023,146.0,66.0,0.9650233157896536,148.71,151.27,212,80.0,30.0,0.38,150.0,3.0
07:32:16,150.98,48.0,152.92,39.0,147.03,71.0,154.22,27.0,151.95,1.9399999999999975,119.0,66.0,0.9396967596078892,150.98,152.92,185,53.0,-27.0,0.29,151.5,6.0
07:32:17,152.92,26.0,154.15,13.0,133.44,50.0,205.46,13.0,153.54,1.2300000000000182,76.0,26.0,1.3787421804012203,152.92,154.15,102,50.0,-83.0,0.49,154.0,3.0
07:32:18,153.79,43.0,307.54,13.0,135.43,46.0,375.87,23.0,230.66,153.75000000000003,89.0,36.0,35.344216358550305,153.79,307.54,125,53.0,23.0,0.42,154.12,8.0
07:32:19,159.0,45.0,406.63,41.0,123.71,63.0,516.88,34.0,282.82,247.63,108.0,75.0,60.36312177149232,159.0,406.63,183,33.0,58.0,0.18,154.12,
07:32:20,160.66,38.0,241.5,30.0,154.0,30.0,544.33,30.0,201.08,80.84,68.0,60.0,55.19802532699888,160.66,241.5,128,8.0,-55.0,0.06,160.82,11.0
07:32:23,147.0,33.0,154.0,27.0,138.67,69.0,303.55,40.0,150.5,7.0,102.0,67.0,57.32140193679854,147.0,154.0,169,35.0,-14.0,0.21,160.82,
07:32:24,147.08,36.0,206.68,66.0,116.68,96.0,400.39,46.0,176.88,59.6,132.0,112.0,34.22096988689852,147.08,206.68,244,20.0,75.0,0.08,154.0,7.0
07:32:26,158.0,121.0,324.33,24.0,156.0,33.0,568.62,26.0,241.17,166.32999999999998,154.0,50.0,93.15156590202876,158.0,324.33,204,104.0,-43.0,0.51,154.0,
07:32:27,158.27,41.0,228.92,26.0,157.81,97.0,250.36,22.0,193.6,70.64999999999998,138.0,48.0,95.17390729606517,158.27,228.92,186,90.0,-18.0,0.48,160.0,1.0
07:32:28,157.69,78.0,204.5,20.0,133.14,42.0,208.8,20.0,181.1,46.81,120.0,40.0,89.56571793939914,157.69,204.5,160,80.0,-26.0,0.5,160.0,
07:32:29,156.0,12.0,203.67,9.0,116.0,24.0,465.82,11.0,179.83,47.66999999999999,36.0,20.0,89.0825837636067,156.0,203.67,56,16.0,-104.0,0.29,160.0,
07:32:30,156.0,27.0,201.4,20.0,129.33,54.0,202.85,26.0,178.7,45.400000000000006,81.0,46.0,26.564006663152508,156.0,201.4,127,35.0,71.0,0.28,160.0,
07:32:31,156.0,27.0,198.76,33.0,155.0,18.0,199.5,24.0,177.38,42.75999999999999,45.0,57.0,6.561990551655256,156.0,198.76,102,-12.0,-25.0,-0.12,160.0,
07:32:32,156.0,24.0,195.32,25.0,155.0,16.0,195.95,21.0,175.66,39.31999999999999,40.0,46.0,2.1144219068136056,156.0,195.32,86,-6.0,-16.0,-0.07,160.0,
07:32:33,157.23,31.0,191.4,40.0,155.43,21.0,193.5,24.0,174.31,34.170000000000016,52.0,64.0,2.2315980820957573,157.23,191.4,116,-12.0,30.0,-0.1,160.0,
07:32:34,162.0,90.0,188.96,53.0,158.0,16.0,190.08,48.0,175.48,26.960000000000008,106.0,101.0,1.729762989549012,162.0,188.96,207,5.0,91.0,0.02,160.0,
07:32:35,162.0,21.0,183.94,35.0,158.0,9.0,185.4,20.0,172.97,21.94,30.0,55.0,1.6431220283392356,162.0,183.94,85,-25.0,-122.0,-0.29,162.0,1.0
07:32:36,161.05,38.0,180.69,52.0,157.29,17.0,181.8,49.0,170.87,19.639999999999983,55.0,101.0,1.9874028278166675,161.05,180.69,156,-46.0,71.0,-0.29,161.0,4.0
07:32:37,156.0,45.0,176.75,51.0,155.0,30.0,177.56,41.0,166.37,20.75,75.0,92.0,3.583336434109094,156.0,176.75,167,-17.0,11.0,-0.1,161.0,
07:32:38,164.0,64.0,172.09,44.0,157.16,19.0,173.54,35.0,168.05,8.090000000000003,83.0,79.0,3.667086036625496,164.0,172.09,162,4.0,-5.0,0.02,161.0,
07:32:39,166.0,121.0,170.46,52.0,164.59,37.0,171.85,52.0,168.23,4.460000000000008,158.0,104.0,2.6089308154900928,166.0,170.46,262,54.0,100.0,0.21,166.0,3.0
07:32:40,166.0,70.0,167.53,34.0,164.63,41.0,169.05,38.0,166.76,1.5300000000000011,111.0,72.0,1.7657236476906355,166.0,167.53,183,39.0,-79.0,0.21,166.0,
07:32:41,165.62,21.0,169.35,46.0,161.96,57.0,172.4,40.0,167.48,3.7299999999999898,78.0,86.0,0.8040335813969363,165.62,169.35,164,-8.0,-19.0,-0.05,163.47,15.0
07:32:42,158.0,36.0,167.85,39.0,156.0,36.0,169.33,45.0,162.92,9.849999999999994,72.0,84.0,2.1830643600256243,158.0,167.85,156,-12.0,-8.0,-0.08,163.47,
07:32:43,158.0,39.0,162.55,47.0,156.0,53.0,164.82,44.0,160.28,4.550000000000011,92.0,91.0,3.398379025361097,158.0,162.55,183,1.0,27.0,0.01,163.47,
07:32:44,156.58,64.0,159.45,44.0,155.85,82.0,301.36,33.0,158.02,2.869999999999976,146.0,77.0,4.073416256659087,156.58,159.45,223,69.0,40.0,0.31,157.0,7.0
07:32:45,156.0,56.0,157.88,40.0,155.0,16.0,159.0,24.0,156.94,1.8799999999999957,72.0,64.0,4.227211847070705,156.0,157.88,136,8.0,-87.0,0.06,157.0,
07:32:46,156.0,35.0,157.0,40.0,155.0,16.0,242.75,24.0,156.5,1.0,51.0,64.0,2.6662558016843243,156.0,157.0,115,-13.0,-21.0,-0.11,156.0,6.0
07:32:47,155.77,53.0,157.0,70.0,130.48,29.0,335.69,36.0,156.39,1.2299999999999898,82.0,106.0,1.6174918856104303,155.77000000000004,157.0,188,-24.0,73.0,-0.13,156.0,5.0
07:32:48,156.0,41.0,217.42,31.0,155.0,18.0,451.87,15.0,186.71,61.41999999999999,59.0,46.0,13.3190791723758,156.0,217.42,105,13.0,-83.0,0.12,156.33,6.0
07:32:49,156.0,20.0,361.37,19.0,155.0,20.0,642.75,24.0,258.68,205.37,40.0,43.0,44.24557186883239,156.0,361.37,83,-3.0,-22.0,-0.04,156.33,
07:32:50,159.88,34.0,286.31,26.0,156.77,26.0,455.55,11.0,223.1,126.43,60.0,37.0,44.37994400627393,159.88,286.31,97,23.0,14.0,0.24,156.33,
07:32:51,166.0,42.0,404.43,7.0,162.0,42.0,498.85,20.0,285.21,238.43,84.0,27.0,52.18283022221011,166.0,404.43,111,57.0,14.0,0.51,156.33,
07:32:52,166.0,70.0,213.0,12.0,162.0,93.0,509.3,27.0,189.5,47.0,163.0,39.0,43.07935294314439,166.0,213.0,202,124.0,91.0,0.61,166.0,1.0
07:32:53,166.0,21.0,213.0,5.0,162.0,30.0,452.0,20.0,189.5,47.0,51.0,25.0,42.41338373674049,166.0,213.0,76,26.0,-126.0,0.34,166.0,1.0
07:32:54,166.0,18.0,213.0,8.0,162.0,48.0,452.0,32.0,189.5,47.0,66.0,40.0,41.66877991974332,166.0,213.0,106,26.0,30.0,0.25,166.0,2.0
07:32:55,162.0,48.0,217.0,12.0,156.0,16.0,418.12,25.0,189.5,55.0,64.0,37.0,42.80281322530103,162.0,217.0,101,27.0,-5.0,0.27,166.0,2.0
07:32:56,162.0,32.0,221.0,24.0,157.75,16.0,421.86,14.0,191.5,59.0,48.0,38.0,0.8944271910037132,162.0,221.0,86,10.0,-15.0,0.12,162.0,4.0
07:32:57,162.45,11.0,251.0,8.0,160.5,16.0,430.0,24.0,206.73,88.55000000000001,27.0,32.0,7.531837757148409,162.45,251.0,59,-5.0,-27.0,-0.08,162.0,
07:32:58,163.0,7.0,251.0,7.0,162.0,14.0,345.0,21.0,207.0,88.0,21.0,28.0,9.18292328183167,163.0,251.0,49,-7.0,-10.0,-0.14,162.0,
07:32:59,156.93,15.0,340.4,20.0,116.9,78.0,375.32,28.0,248.67,183.47,93.0,48.0,23.8162224124651,156.93,340.4,141,45.0,92.0,0.32,159.83,6.0
07:33:02,165.0,56.0,185.78,18.0,163.0,24.0,289.93,14.0,175.39,20.78,80.0,32.0,74.48400788088676,165.0,185.78,112,48.0,26.0,0.43,159.83,
07:33:03,165.0,49.0,182.13,23.0,163.0,21.0,185.08,13.0,173.57,17.129999999999995,70.0,36.0,81.72558822058122,165.0,182.13,106,34.0,-6.0,0.32,159.83,
07:33:04,165.0,63.0,181.0,9.0,163.0,27.0,182.0,45.0,173.0,16.0,90.0,54.0,89.71791420892488,165.0,181.0,144,36.0,38.0,0.25,159.83,
07:33:05,164.86,84.0,178.82,51.0,162.76,51.0,179.54,41.0,171.84,13.95999999999998,135.0,92.0,74.88794382275435,164.86,178.82,227,43.0,83.0,0.19,165.0,7.0
07:33:06,163.0,19.0,178.0,21.0,161.0,21.0,179.0,21.0,170.5,15.0,40.0,42.0,1.839470032378145,163.0,178.0,82,-2.0,-145.0,-0.02,163.0,1.0
07:33:07,161.5,32.0,174.18,44.0,156.29,92.0,175.55,40.0,167.84,12.680000000000009,124.0,84.0,2.287662562533534,161.5,174.18,208,40.0,126.0,0.19,162.33,3.0
07:33:08,161.0,25.0,165.82,45.0,160.0,26.0,166.96,49.0,163.41,4.819999999999993,51.0,94.0,3.8211150205166327,161.0,165.82,145,-43.0,-63.0,-0.3,161.0,1.0
07:33:09,155.3,111.0,161.33,55.0,152.37,116.0,162.46,65.0,158.31,6.030000000000001,227.0,120.0,5.542188196012327,155.30000000000004,161.33,347,107.0,168.0,0.31,158.0,2.0
07:33:10,155.27,111.0,158.8,30.0,148.67,116.0,160.63,49.0,157.04,3.530000000000001,227.0,79.0,5.841219906836154,155.27,158.8,306,148.0,-41.0,0.48,157.0,3.0
07:33:11,155.0,125.0,283.56,27.0,130.26,19.0,452.81,27.0,219.28,128.56,144.0,54.0,26.128504166905863,155.0,283.56,198,90.0,-108.0,0.45,155.0,10.0
07:33:14,161.0,37.0,305.27,22.0,157.0,36.0,329.82,28.0,233.14,144.26999999999998,73.0,50.0,96.25463770645028,161.0,305.27,123,23.0,-24.0,0.19,161.0,5.0
07:33:15,161.0,24.0,242.8,20.0,157.0,24.0,244.86,14.0,201.9,81.80000000000001,48.0,34.0,84.69011583413966,161.0,242.8,82,14.0,-41.0,0.17,161.0,
07:33:16,162.2,60.0,229.32,38.0,158.6,40.0,242.67,24.0,195.76,67.12,100.0,62.0,89.24548997008193,162.2,229.32,162,38.0,80.0,0.23,161.0,
07:33:17,162.07,30.0,222.06,32.0,159.22,36.0,241.83,24.0,192.06,59.99000000000001,66.0,56.0,59.877626205453446,162.07,222.06,122,10.0,-40.0,0.08,163.0,5.0
07:33:18,162.71,14.0,166.0,16.0,160.0,32.0,239.71,28.0,164.36,3.289999999999992,46.0,44.0,24.598956888453863,162.71,166.0,90,2.0,-32.0,0.02,165.0,1.0
07:33:19,161.0,44.0,165.21,28.0,157.0,44.0,199.78,23.0,163.11,4.210000000000008,88.0,51.0,18.33175987187306,161.0,165.21,139,37.0,49.0,0.27,165.0,
07:33:20,161.0,32.0,163.91,22.0,158.59,17.0,191.45,33.0,162.45,2.9099999999999966,49.0,55.0,16.827090360487684,161.0,163.91,104,-6.0,-35.0,-0.06,161.0,3.0
07:33:21,161.91,33.0,163.0,26.0,160.77,13.0,315.35,37.0,162.45,1.0900000000000034,46.0,63.0,12.978109646632657,161.91,163.0,109,-17.0,5.0,-0.16,161.0,
07:33:22,162.0,42.0,163.0,28.0,161.0,14.0,257.3,37.0,162.5,1.0,56.0,65.0,0.8236079164391584,162.0,163.0,121,-9.0,12.0,-0.07,161.0,
07:33:23,161.07,14.0,218.38,26.0,159.82,11.0,283.94,32.0,189.73,57.31,25.0,58.0,12.12382447909982,161.07,218.38,83,-33.0,-38.0,-0.4,162.17,6.0
07:33:24,160.0,5.0,229.2,10.0,159.0,5.0,403.0,15.0,194.6,69.19999999999999,10.0,25.0,16.357332606510713,160.0,229.2,35,-15.0,-48.0,-0.43,162.17,
07:33:25,156.15,26.0,307.28,29.0,116.45,29.0,486.43,28.0,231.71,151.12999999999997,55.0,57.0,28.54808872761915,156.15,307.28,112,-2.0,77.0,-0.02,156.3,10.0
07:33:26,155.0,20.0,314.31,32.0,113.0,40.0,511.97,33.0,234.66,159.31,60.0,65.0,30.46668098103258,155.0,314.31,125,-5.0,13.0,-0.04,156.3,
07:33:27,161.0,8.0,382.0,20.0,138.2,10.0,622.4,10.0,271.5,221.0,18.0,30.0,33.41838790247082,161.0,382.0,48,-12.0,-77.0,-0.25,156.3,
07:33:28,155.0,18.0,420.7,37.0,113.0,36.0,759.64,44.0,287.85,265.7,54.0,81.0,36.59812741111222,155.0,420.7,135,-27.0,87.0,-0.2,156.3,
07:33:29,155.0,24.0,391.31,51.0,105.22,72.0,445.63,54.0,273.16,236.31,96.0,105.0,25.115965639409524,155.0,391.31,201,-9.0,66.0,-0.04,156.3,
07:33:30,155.0,28.0,219.44,34.0,119.13,62.0,230.24,50.0,187.22,64.44,90.0,84.0,40.63264598817067,155.0,219.44,174,6.0,-27.0,0.03,156.3,
07:33:31,138.56,32.0,156.76,29.0,122.56,63.0,204.21,39.0,147.66,18.19999999999999,95.0,68.0,62.21169439904371,138.56,156.76,163,27.0,-11.0,0.17,155.0,2.0
07:33:32,152.4,40.0,422.9,60.0,119.17,46.0,590.06,67.0,287.65,270.5,86.0,127.0,65.0345067637174,152.4,422.9,213,-41.0,50.0,-0.19,155.67,3.0
07:33:33,161.0,42.0,264.95,42.0,132.29,68.0,376.67,60.0,212.98,103.95,110.0,102.0,58.61816851454852,161.0,264.95,212,8.0,-1.0,0.04,155.67,
07:33:34,161.0,27.0,219.89,18.0,149.0,18.0,317.75,40.0,190.44,58.88999999999999,45.0,58.0,51.745821087311086,161.0,219.89,103,-13.0,-109.0,-0.13,155.67,
07:33:35,161.0,129.0,217.64,22.0,160.0,22.0,259.36,44.0,189.32,56.63999999999999,151.0,66.0,51.57173159784349,161.0,217.64,217,85.0,114.0,0.39,161.0,2.0
07:33:36,161.07,82.0,214.25,24.0,160.8,69.0,246.0,48.0,187.66,53.18000000000001,151.0,72.0,42.66899928519543,161.07,214.25,223,79.0,6.0,0.35,161.0,
07:33:37,162.25,16.0,211.0,24.0,160.97,79.0,251.67,24.0,186.62,48.75,95.0,48.0,11.041969027307177,162.25,211.0,143,47.0,-80.0,0.33,162.0,3.0
07:33:38,161.37,43.0,211.82,22.0,160.92,78.0,271.0,44.0,186.6,50.44999999999999,121.0,66.0,1.7025040381778456,161.37,211.82,187,55.0,44.0,0.29,162.0,2.0
07:33:39,161.0,90.0,194.46,26.0,160.0,20.0,279.41,37.0,177.73,33.46000000000001,110.0,63.0,4.529302374539857,161.0,194.46,173,47.0,-14.0,0.27,162.0,
07:33:40,161.0,81.0,168.0,50.0,160.0,18.0,210.5,24.0,164.5,7.0,99.0,74.0,9.868237937950893,161.0,168.0,173,25.0,0.0,0.14,162.0,
07:33:41,160.36,56.0,167.71,35.0,158.16,38.0,176.32,31.0,164.04,7.349999999999994,94.0,66.0,11.218031021530216,160.36,167.71,160,28.0,-13.0,0.17,159.5,4.0
07:33:42,159.72,25.0,165.2,25.0,158.51,82.0,166.5,32.0,162.46,5.47999999999999,107.0,57.0,10.633135943832142,159.72,165.2,164,50.0,4.0,0.3,159.5,
07:33:43,159.27,44.0,162.79,29.0,158.0,60.0,164.29,35.0,161.03,3.519999999999982,104.0,64.0,6.725055390107638,159.27,162.79,168,40.0,4.0,0.24,159.33,6.0
07:33:44,129.09,34.0,157.12,25.0,85.31,95.0,180.94,31.0,143.1,28.03,129.0,56.0,9.007645641343634,129.09,157.12,185,73.0,17.0,0.39,157.0,6.0
07:33:49,114.0,70.0,149.0,35.0,113.0,7.0,151.0,35.0,131.5,35.0,77.0,70.0,15.034931659306707,114.0,149.0,147,7.0,0.0,0.05,157.0,
07:33:50,114.82,73.0,148.4,20.0,113.59,17.0,149.59,34.0,131.61,33.58000000000001,90.0,54.0,11.613430587041124,114.81999999999998,148.4,144,36.0,-3.0,0.25,149.0,1.0
07:33:51,136.04,24.0,148.31,26.0,129.31,70.0,149.71,56.0,142.17,12.27000000000001,94.0,82.0,6.815593884616448,136.04,148.31,176,12.0,32.0,0.07,148.5,4.0
07:33:52,137.44,18.0,150.8,20.0,136.99,81.0,161.05,43.0,144.12,13.360000000000014,99.0,63.0,6.430798550726059,137.44,150.8,162,36.0,-14.0,0.22,152.14,14.0
07:33:53,146.59,39.0,153.86,21.0,139.25,32.0,175.0,30.0,150.22,7.27000000000001,71.0,51.0,8.196720685738873,146.59,153.86,122,20.0,-40.0,0.16,152.14,
07:33:54,150.0,27.0,153.0,18.0,149.0,72.0,155.0,27.0,151.5,3.0,99.0,45.0,7.933866018532115,150.0,153.0,144,54.0,22.0,0.38,152.14,
07:33:55,151.76,58.0,154.89,38.0,151.88,85.0,304.0,46.0,153.33,3.1299999999999955,143.0,84.0,4.854675066368273,151.76,154.89,227,59.0,83.0,0.26,153.0,2.0
07:33:56,152.97,29.0,155.0,27.0,152.83,92.0,438.44,18.0,153.98,2.030000000000001,121.0,45.0,3.931208465601543,152.97,155.0,166,76.0,-61.0,0.46,154.67,3.0
07:33:57,153.61,76.0,238.66,41.0,138.79,94.0,410.62,58.0,196.13,85.04999999999998,170.0,99.0,19.676632587920498,153.61,238.66,269,71.0,103.0,0.26,155.0,1.0
07:33:58,154.73,110.0,252.11,45.0,100.29,70.0,384.73,45.0,203.42,97.38000000000002,180.0,90.0,25.799586624595594,154.73,252.11,270,90.0,1.0,0.33,155.0,
07:33:59,155.0,110.0,247.76,42.0,127.55,62.0,359.0,42.0,201.38,92.76,172.0,84.0,25.693031545537966,155.0,247.76,256,88.0,-14.0,0.34,155.0,
07:34:00,155.23,62.0,162.67,24.0,139.64,94.0,269.0,38.0,158.95,7.439999999999998,156.0,62.0,24.22550659945028,155.23,162.67,218,94.0,-38.0,0.43,156.0,2.0
07:34:01,156.13,23.0,161.08,52.0,155.06,106.0,405.27,44.0,158.6,4.950000000000017,129.0,96.0,22.904901877109378,156.13,161.07999999999998,225,33.0,7.0,0.15,156.0,
07:34:02,156.58,24.0,159.52,46.0,155.04,102.0,279.58,48.0,158.05,2.9399999999999977,126.0,94.0,24.03972649594855,156.58,159.52,220,32.0,-5.0,0.15,159.0,1.0
07:34:03,156.04,46.0,158.25,48.0,142.89,112.0,267.46,26.0,157.15,2.210000000000008,158.0,74.0,19.32822107696448,156.04,158.25,232,84.0,12.0,0.36,157.67,6.0
07:34:04,156.7,111.0,269.86,57.0,120.66,164.0,365.57,53.0,213.28,113.16000000000004,275.0,110.0,24.647483238659756,156.69999999999996,269.86,385,165.0,153.0,0.43,157.0,4.0
07:34:05,162.0,30.0,232.0,50.0,155.0,120.0,289.14,28.0,197.0,70.0,150.0,78.0,26.494122555767177,162.0,232.0,228,72.0,-157.0,0.32,157.0,
07:34:06,162.0,33.0,233.57,42.0,155.0,132.0,302.39,31.0,197.79,71.57,165.0,73.0,25.53756507578608,162.0,233.57,238,92.0,10.0,0.39,157.0,
07:34:07,162.0,21.0,231.29,21.0,155.0,84.0,233.0,14.0,196.64,69.28999999999999,105.0,35.0,20.89690575180945,162.0,231.29,140,70.0,-98.0,0.5,157.0,
07:34:08,162.0,54.0,228.94,54.0,155.63,164.0,233.0,36.0,195.47,66.94,218.0,90.0,7.450612726481292,162.0,228.94,308,128.0,168.0,0.42,157.0,
07:34:09,162.0,12.0,227.75,36.0,161.0,52.0,233.0,24.0,194.88,65.75,64.0,60.0,1.1742359217830889,162.0,227.75,124,4.0,-168.0,0.03,162.0,2.0
07:34:10,162.0,6.0,225.5,18.0,161.0,30.0,233.0,12.0,193.75,63.5,36.0,30.0,1.56359521616239,162.0,225.5,66,6.0,-58.0,0.09,162.0,
07:34:11,162.0,9.0,223.89,27.0,161.0,45.0,233.0,18.0,192.94,61.88999999999999,54.0,45.0,1.4476290961451757,162.0,223.89,99,9.0,33.0,0.09,162.0,
07:34:12,159.0,23.0,221.13,31.0,155.82,88.0,223.17,24.0,190.06,62.13,111.0,55.0,2.1191389760953308,159.0,221.13,166,56.0,67.0,0.34,161.17,6.0
07:34:13,157.0,16.0,218.87,23.0,155.0,96.0,220.24,17.0,187.93,61.870000000000005,112.0,40.0,2.8517661194436346,157.0,218.87,152,72.0,-14.0,0.47,161.17,
07:34:14,156.63,86.0,206.53,47.0,152.73,146.0,217.71,49.0,181.58,49.900000000000006,232.0,96.0,4.875794294267035,156.63,206.53,328,136.0,168.0,0.41,156.75,4.0
07:34:15,157.22,54.0,214.44,27.0,154.97,122.0,216.93,28.0,185.83,57.22,176.0,55.0,4.30192631271239,157.22,214.44,231,121.0,-97.0,0.52,158.0,5.0
07:34:16,156.0,9.0,212.67,27.0,155.0,108.0,215.0,18.0,184.33,56.66999999999999,117.0,45.0,3.2614459983276567,156.0,212.67,162,72.0,-69.0,0.44,158.0,
07:34:17,155.38,13.0,211.0,20.0,151.08,51.0,212.0,30.0,183.19,55.620000000000005,64.0,50.0,2.4382001558542483,155.38,211.0,114,14.0,-48.0,0.12,155.33,3.0
07:34:18,155.0,8.0,210.67,18.0,131.25,16.0,211.82,22.0,182.83,55.66999999999999,24.0,40.0,1.6074576199725483,155.0,210.67,64,-16.0,-50.0,-0.25,155.33,
07:34:19,155.0,3.0,210.0,9.0,125.0,6.0,211.0,6.0,182.5,55.0,9.0,15.0,1.3587052660558134,155.0,210.0,24,-6.0,-40.0,-0.25,155.33,
07:34:20,133.86,14.0,209.14,21.0,118.57,14.0,211.0,14.0,171.5,75.27999999999997,28.0,35.0,5.283213983931388,133.86,209.14,63,-7.0,39.0,-0.11,155.0,1.0
07:34:21,129.49,71.0,186.79,39.0,101.62,26.0,197.86,37.0,158.14,57.29999999999998,97.0,76.0,10.94471881776819,129.49,186.79,173,21.0,110.0,0.12,158.0,2.0
07:34:22,126.25,130.0,149.66,41.0,125.67,58.0,150.73,59.0,137.96,23.41,188.0,100.0,18.92123886007494,126.25,149.66,288,88.0,115.0,0.31,158.0,
07:34:25,145.56,9.0,148.0,14.0,141.12,16.0,149.25,8.0,146.78,2.4399999999999977,25.0,22.0,7.267427330218783,145.56,148.0,47,3.0,-111.0,0.06,147.67,3.0
07:34:26,134.86,14.0,149.0,7.0,87.0,14.0,151.0,7.0,141.93,14.139999999999986,28.0,14.0,3.612806388392687,134.86,149.0,42,14.0,-5.0,0.33,147.67,
07:34:27,129.5,128.0,163.44,39.0,128.0,32.0,158.57,40.0,146.47,33.94,160.0,79.0,1.982334482374505,129.5,163.44,239,81.0,168.0,0.34,152.5,14.0
07:34:28,132.26,35.0,420.67,9.0,129.5,32.0,635.73,22.0,276.46,288.41,67.0,31.0,58.683988190987925,132.26,420.67,98,36.0,-141.0,0.37,155.0,1.0
07:34:29,157.0,53.0,383.67,36.0,132.08,96.0,738.0,48.0,270.33,226.67,149.0,84.0,70.35157873139741,157.0,383.67,233,65.0,135.0,0.28,155.0,
07:34:30,157.57,23.0,343.0,47.0,155.58,113.0,615.78,54.0,250.28,185.43,136.0,101.0,67.26269493560311,157.57,343.0,237,35.0,4.0,0.15,155.0,
07:34:31,160.85,13.0,217.39,36.0,155.21,76.0,260.23,44.0,189.12,56.53999999999999,89.0,80.0,56.53454492608929,160.84999999999997,217.39,169,9.0,-68.0,0.05,155.0,
07:34:32,165.0,13.0,185.38,52.0,159.0,13.0,187.0,13.0,175.19,20.379999999999995,26.0,65.0,47.02586660551837,165.0,185.38,91,-39.0,-78.0,-0.43,155.0,
07:34:33,165.0,14.0,183.38,47.0,159.29,14.0,184.39,23.0,174.19,18.379999999999995,28.0,70.0,45.209665670075566,165.0,183.38,98,-42.0,7.0,-0.43,155.0,
07:34:34,165.0,8.0,180.62,8.0,160.0,8.0,182.0,32.0,172.81,15.620000000000005,16.0,40.0,33.061970146983214,165.0,180.62,56,-24.0,-42.0,-0.43,155.0,
07:34:35,165.0,12.0,177.17,36.0,160.0,12.0,180.33,24.0,171.08,12.169999999999987,24.0,60.0,7.233717578120435,165.0,177.17,84,-36.0,28.0,-0.43,155.0,
07:34:36,160.29,14.0,175.89,44.0,158.24,25.0,176.77,26.0,168.09,15.599999999999994,39.0,70.0,2.801467472595079,160.29,175.89,109,-31.0,25.0,-0.28,160.75,4.0
07:34:37,160.71,14.0,172.17,23.0,158.4,20.0,173.45,47.0,166.44,11.45999999999998,34.0,70.0,3.224045595212344,160.71,172.17,104,-36.0,-5.0,-0.35,160.75,
07:34:38,162.0,12.0,169.33,24.0,159.0,12.0,170.89,36.0,165.67,7.3300000000000125,24.0,60.0,3.0474366277263245,162.0,169.33,84,-36.0,-20.0,-0.43,160.75,
07:34:39,162.0,13.0,167.02,49.0,159.67,33.0,168.25,16.0,164.51,5.02000000000001,46.0,65.0,2.549131224556281,162.0,167.02,111,-19.0,27.0,-0.17,160.75,
07:34:40,162.0,13.0,166.23,52.0,159.77,43.0,166.71,31.0,164.12,4.22999999999999,56.0,83.0,1.5930568100377451,162.0,166.23,139,-27.0,28.0,-0.19,160.75,
07:34:41,161.12,16.0,164.44,36.0,159.67,12.0,165.44,36.0,162.78,3.319999999999993,28.0,72.0,1.4166262739366071,161.12,164.44,100,-44.0,-39.0,-0.44,161.33,3.0
07:34:42,161.55,69.0,163.52,23.0,159.9,20.0,164.21,56.0,162.54,1.9699999999999989,89.0,79.0,1.289817816595591,161.55,163.52,168,10.0,68.0,0.06,162.0,4.0
07:34:43,161.0,27.0,325.26,19.0,159.71,17.0,336.82,22.0,243.13,164.26,44.0,41.0,35.62718807315571,161.0,325.26,85,3.0,-83.0,0.04,163.0,1.0
07:34:44,162.71,126.0,274.22,32.0,161.0,42.0,324.53,19.0,218.47,111.51000000000002,168.0,51.0,38.07189212529382,162.71,274.22,219,117.0,134.0,0.53,163.0,
07:34:45,162.73,101.0,168.0,28.0,160.88,51.0,198.97,29.0,165.37,5.27000000000001,152.0,57.0,37.861279296928274,162.73,168.0,209,95.0,-10.0,0.45,162.5,12.0
07:34:46,160.0,21.0,163.86,7.0,159.0,7.0,165.0,14.0,161.93,3.8600000000000136,28.0,21.0,38.01820774313289,160.0,163.86,49,7.0,-160.0,0.14,162.5,
07:34:47,160.0,27.0,161.55,11.0,159.0,11.0,165.27,22.0,160.77,1.5500000000000114,38.0,33.0,38.347981433186405,160.0,161.55,71,5.0,22.0,0.07,160.0,2.0
07:34:48,159.46,13.0,220.65,17.0,157.17,69.0,292.71,35.0,190.05,61.19,82.0,52.0,24.94480146242917,159.46,220.65,134,30.0,63.0,0.22,160.5,2.0
07:34:49,160.29,14.0,317.46,26.0,157.05,74.0,398.0,24.0,238.87,157.17,88.0,50.0,33.23891574645612,160.29,317.46,138,38.0,4.0,0.28,160.5,
07:34:50,162.0,27.0,369.19,21.0,157.06,65.0,499.75,16.0,265.6,207.19,92.0,37.0,47.01662344320369,162.0,369.19,129,55.0,-9.0,0.43,160.5,
07:34:52,161.57,21.0,274.43,28.0,158.4,43.0,489.59,32.0,218.0,112.86,64.0,60.0,46.99570544209345,161.57,274.43,124,4.0,47.0,0.03,161.5,4.0
07:34:53,157.2,50.0,461.6,10.0,155.82,110.0,524.46,39.0,309.4,304.40000000000003,160.0,49.0,42.09671459864789,157.2,461.6,209,111.0,85.0,0.53,159.0,1.0
07:34:54,157.0,63.0,429.75,8.0,155.0,91.0,473.5,14.0,293.38,272.75,154.0,22.0,39.31814949867321,157.0,429.75,176,132.0,-33.0,0.75,159.0,
07:34:55,157.0,81.0,425.0,9.0,155.0,117.0,518.61,23.0,291.0,268.0,198.0,32.0,38.647686606057256,157.0,425.0,230,166.0,54.0,0.72,159.0,
07:34:56,157.0,54.0,297.5,8.0,155.0,78.0,518.0,18.0,227.25,140.5,132.0,26.0,41.97463138611242,157.0,297.5,158,106.0,-72.0,0.67,159.0,
07:34:57,157.0,120.0,169.88,25.0,155.0,182.0,210.57,46.0,163.44,12.879999999999995,302.0,71.0,60.95847832746495,157.0,169.88,373,231.0,168.0,0.62,157.0,1.0
07:34:58,157.0,82.0,169.0,11.0,155.0,164.0,170.0,22.0,163.0,12.0,246.0,33.0,64.49099844164309,157.0,169.0,279,213.0,-94.0,0.76,157.0,2.0
07:34:59,157.0,114.0,168.0,11.0,155.0,176.0,250.0,42.0,162.5,11.0,290.0,53.0,57.28242941775433,157.0,168.0,343,237.0,64.0,0.69,157.0,
07:35:00,157.0,135.0,165.22,9.0,155.0,144.0,246.72,25.0,161.11,8.219999999999999,279.0,34.0,28.964720782358697,157.0,165.22,313,245.0,-30.0,0.78,157.0,
07:35:01,158.6,115.0,258.47,47.0,156.61,164.0,319.47,36.0,208.53,99.87000000000003,279.0,83.0,20.598260363438484,158.6,258.47,362,196.0,49.0,0.54,164.8,5.0
07:35:02,161.0,84.0,217.68,31.0,157.0,105.0,231.86,35.0,189.34,56.68000000000001,189.0,66.0,21.24326081372636,161.0,217.68,255,123.0,-107.0,0.48,164.8,
07:35:03,162.22,131.0,223.08,66.0,157.84,190.0,233.46,61.0,192.65,60.860000000000014,321.0,127.0,20.52053678635145,162.22,223.08,448,194.0,168.0,0.43,164.8,
07:35:04,165.0,91.0,226.8,50.0,161.0,100.0,234.0,40.0,195.9,61.80000000000001,191.0,90.0,17.457383251793612,165.0,226.8,281,101.0,-167.0,0.36,165.0,3.0
07:35:05,165.0,61.0,223.3,50.0,161.0,100.0,283.5,40.0,194.15,58.30000000000001,161.0,90.0,7.347559458759435,165.0,223.3,251,71.0,-30.0,0.28,165.0,3.0
07:35:06,161.0,70.0,221.0,35.0,160.0,14.0,298.33,30.0,191.0,60.0,84.0,65.0,2.5730468320659807,161.0,221.0,149,19.0,-102.0,0.13,165.0,4.0
07:35:07,161.0,60.0,215.0,35.0,160.0,14.0,270.88,32.0,188.0,54.0,74.0,67.0,3.028076947503935,161.0,215.0,141,7.0,-8.0,0.05,161.0,2.0
07:35:08,161.0,28.0,215.0,20.0,160.0,8.0,520.18,17.0,188.0,54.0,36.0,37.0,3.573933407326529,161.0,215.0,73,-1.0,-68.0,-0.01,161.0,4.0
07:35:09,161.0,36.0,214.33,45.0,160.0,18.0,764.0,45.0,187.67,53.33000000000001,54.0,90.0,2.800576726319836,161.0,214.33,144,-36.0,71.0,-0.25,161.0,
07:35:10,160.46,26.0,214.0,50.0,159.46,13.0,657.02,47.0,187.23,53.53999999999999,39.0,97.0,1.4983157210695135,160.46,214.0,136,-58.0,-8.0,-0.43,161.0,4.0
07:35:11,157.0,119.0,213.2,50.0,155.0,70.0,412.0,50.0,185.1,56.19999999999999,189.0,100.0,1.215709669289418,157.0,213.2,289,89.0,153.0,0.31,157.89,9.0
07:35:12,157.0,90.0,200.13,55.0,155.0,83.0,238.35,69.0,178.56,43.13,173.0,124.0,3.940135784462678,157.0,200.13,297,49.0,8.0,0.16,157.89,
07:35:13,157.0,58.0,167.0,45.0,155.0,54.0,198.15,33.0,162.0,10.0,112.0,78.0,10.76014265704698,157.0,167.0,190,34.0,-107.0,0.18,157.89,
07:35:14,157.0,76.0,209.87,45.0,155.0,66.0,210.76,41.0,183.43,52.870000000000005,142.0,86.0,10.166279063649688,157.0,209.87,228,56.0,38.0,0.25,157.89,
07:35:15,157.0,72.0,208.68,31.0,155.0,54.0,209.85,41.0,182.84,51.68000000000001,126.0,72.0,9.472184542121305,157.0,208.68,198,54.0,-30.0,0.27,157.89,
07:35:16,157.0,96.0,206.63,38.0,155.0,72.0,207.43,42.0,181.82,49.63,168.0,80.0,8.992385667886003,157.0,206.63,248,88.0,50.0,0.35,157.89,
07:35:17,157.0,112.0,182.63,52.0,155.0,84.0,185.43,46.0,169.82,25.629999999999995,196.0,98.0,9.618389678111464,157.0,182.63,294,98.0,46.0,0.33,157.89,
07:35:18,157.0,88.0,179.0,55.0,155.0,60.0,181.0,33.0,168.0,22.0,148.0,88.0,7.600488142218331,157.0,179.0,236,60.0,-58.0,0.25,157.89,
07:35:19,158.92,52.0,177.92,62.0,156.73,75.0,179.3,50.0,168.42,19.0,127.0,112.0,7.479050741905719,158.92000000000002,177.92,239,15.0,3.0,0.06,157.89,
07:35:20,160.84,37.0,173.69,65.0,157.38,53.0,174.57,61.0,167.27,12.849999999999994,90.0,126.0,6.083015699470069,160.84,173.69,216,-36.0,-23.0,-0.17,162.0,2.0
07:35:21,157.0,92.0,166.97,33.0,155.0,208.0,169.19,21.0,161.98,9.97,300.0,54.0,3.008075796917033,157.0,166.97,354,246.0,138.0,0.69,159.33,3.0
07:35:22,157.0,60.0,163.13,23.0,155.0,160.0,165.33,15.0,160.07,6.129999999999996,220.0,38.0,3.8459420172433023,157.0,163.13,258,182.0,-96.0,0.71,159.33,
07:35:23,157.0,54.0,159.43,28.0,155.0,144.0,160.12,33.0,158.21,2.430000000000007,198.0,61.0,4.472085643186733,157.0,159.43,259,137.0,1.0,0.53,158.0,3.0
07:35:24,157.0,28.0,158.0,55.0,155.0,176.0,331.65,49.0,157.5,1.0,204.0,104.0,3.9106303839657737,157.0,158.0,308,100.0,49.0,0.32,157.0,5.0
07:35:25,158.24,29.0,308.0,52.0,155.43,94.0,432.4,50.0,233.12,149.76,123.0,102.0,32.99666240697687,158.24,308.0,225,21.0,-83.0,0.09,158.0,5.0
07:35:26,160.08,48.0,259.85,41.0,158.17,12.0,308.0,40.0,209.97,99.77,60.0,81.0,35.450595622640854,160.08,259.85,141,-21.0,-84.0,-0.15,158.0,
07:35:27,161.26,46.0,255.54,39.0,160.33,21.0,294.35,31.0,208.4,94.28,67.0,70.0,33.92779612648021,161.26,255.54,137,-3.0,-4.0,-0.02,158.0,
07:35:28,162.1,20.0,268.0,14.0,160.0,14.0,269.0,28.0,215.05,105.9,34.0,42.0,28.21375320654819,162.1,268.0,76,-8.0,-61.0,-0.11,162.0,2.0
07:35:29,163.0,24.0,247.4,30.0,160.0,24.0,268.73,44.0,205.2,84.4,48.0,74.0,11.080526612034763,163.0,247.4,122,-26.0,46.0,-0.21,162.0,
07:35:30,160.5,28.0,201.35,37.0,159.08,74.0,227.86,29.0,180.93,40.85,102.0,66.0,13.329739307278578,160.5,201.35,168,36.0,46.0,0.21,160.43,7.0
07:35:31,159.0,100.0,166.3,20.0,157.0,14.0,174.25,32.0,162.65,7.300000000000011,114.0,52.0,21.957659939073764,159.0,166.3,166,62.0,-2.0,0.37,160.43,
07:35:32,159.0,80.0,165.12,16.0,157.0,14.0,326.93,28.0,162.06,6.1200000000000045,94.0,44.0,24.254974129031808,159.0,165.12,138,50.0,-28.0,0.36,160.43,
07:35:33,159.0,65.0,165.0,24.0,157.0,12.0,244.2,54.0,162.0,6.0,77.0,78.0,18.942266759815183,159.0,165.0,155,-1.0,17.0,-0.01,159.0,5.0
07:35:34,159.0,14.0,164.17,12.0,157.0,6.0,325.67,30.0,161.58,5.169999999999988,20.0,42.0,8.441944681173718,159.0,164.17,62,-22.0,-93.0,-0.35,159.0,4.0
07:35:35,155.31,39.0,162.73,11.0,145.5,6.0,384.0,30.0,159.02,7.4199999999999875,45.0,41.0,1.417363750064223,155.31,162.73,86,4.0,24.0,0.05,157.17,6.0
07:35:36,155.0,27.0,161.67,3.0,143.09,11.0,363.82,11.0,158.33,6.669999999999988,38.0,14.0,1.7819427600222983,155.0,161.67,52,24.0,-34.0,0.46,155.0,3.0
07:35:37,155.0,81.0,159.89,9.0,144.0,45.0,161.0,9.0,157.44,4.889999999999986,126.0,18.0,2.016675482073318,155.0,159.89,144,108.0,92.0,0.75,155.0,
07:35:38,155.0,81.0,160.33,9.0,144.0,45.0,482.35,23.0,157.67,5.3300000000000125,126.0,32.0,1.667624058352306,155.0,160.33,158,94.0,14.0,0.59,159.0,1.0
07:35:39,155.0,98.0,160.08,12.0,144.0,60.0,349.0,36.0,157.54,5.0800000000000125,158.0,48.0,0.6677200011944693,155.0,160.08,206,110.0,48.0,0.53,155.0,1.0
07:35:40,155.26,46.0,196.26,35.0,151.23,73.0,348.86,21.0,175.76,41.0,119.0,56.0,8.064041790566078,155.26,196.26,175,63.0,-31.0,0.36,157.0,1.0
07:35:41,156.64,86.0,163.25,81.0,152.58,109.0,164.14,35.0,159.94,6.610000000000014,195.0,116.0,7.944664876506515,156.64,163.25,311,79.0,136.0,0.25,156.0,3.0
07:35:42,157.0,59.0,159.66,53.0,155.0,33.0,161.22,37.0,158.33,2.6599999999999966,92.0,90.0,7.835417665957336,157.0,159.66,182,2.0,-129.0,0.01,157.0,7.0
07:35:43,155.0,42.0,157.7,46.0,154.0,42.0,197.31,36.0,156.35,2.6999999999999886,84.0,82.0,8.031172392620904,155.0,157.7,166,2.0,-16.0,0.01,157.0,2.0
07:35:44,154.75,36.0,198.27,33.0,127.56,54.0,324.47,34.0,176.51,43.52000000000001,90.0,67.0,9.905279905181752,154.75,198.27,157,23.0,-9.0,0.15,155.8,5.0
07:35:45,155.2,10.0,301.8,30.0,154.0,30.0,658.3,10.0,228.5,146.60000000000002,40.0,40.0,30.466201437002294,155.2,301.8,80,0.0,-77.0,0.0,155.8,
07:35:46,132.14,22.0,231.56,27.0,106.05,37.0,520.8,10.0,181.85,99.42000000000002,59.0,37.0,29.13884726614973,132.14,231.56,96,22.0,16.0,0.23,154.75,4.0
07:35:47,137.0,30.0,153.0,24.0,122.33,66.0,579.36,11.0,145.0,16.0,96.0,35.0,32.11064574249483,137.0,153.0,131,61.0,35.0,0.47,154.75,
07:35:48,116.38,65.0,153.0,20.0,100.11,47.0,367.11,19.0,134.69,36.620000000000005,112.0,39.0,36.81734713419749,116.38,153.0,151,73.0,20.0,0.48,153.0,2.0
07:35:49,118.36,80.0,205.61,31.0,110.69,52.0,259.2,25.0,161.99,87.25000000000001,132.0,56.0,37.07359073518506,118.36,205.61,188,76.0,37.0,0.4,153.71,7.0
07:35:50,136.2,55.0,262.73,11.0,103.0,9.0,359.46,13.0,199.46,126.53000000000004,64.0,24.0,26.44977447918976,136.2,262.73,88,40.0,-100.0,0.45,153.71,
07:35:51,126.66,100.0,296.37,19.0,80.9,20.0,508.53,17.0,211.51,169.71,120.0,36.0,33.636005262218625,126.66,296.37,156,84.0,68.0,0.54,153.71,
07:35:55,157.5,12.0,235.32,25.0,154.1,10.0,376.9,20.0,196.41,77.82,22.0,45.0,79.10563298526857,157.5,235.32,67,-23.0,-4.0,-0.34,153.71,
07:35:56,164.14,28.0,190.0,27.0,158.33,33.0,257.78,18.0,177.07,25.860000000000014,61.0,45.0,82.45747831458351,164.14,190.0,106,16.0,39.0,0.15,165.0,3.0
07:35:57,159.46,13.0,190.0,18.0,157.13,30.0,304.0,12.0,174.73,30.539999999999992,43.0,30.0,71.30438275449842,159.46,190.0,73,13.0,-33.0,0.18,159.0,3.0
07:35:58,160.0,27.0,189.72,29.0,159.0,9.0,406.0,25.0,174.86,29.72,36.0,54.0,70.96230034321044,160.0,189.72,90,-18.0,17.0,-0.2,159.0,
07:35:59,161.29,21.0,187.96,25.0,159.0,7.0,189.0,24.0,174.62,26.670000000000016,28.0,49.0,9.486077693124704,161.29,187.96,77,-21.0,-13.0,-0.27,159.0,
07:36:00,163.08,39.0,186.54,39.0,159.0,13.0,188.0,52.0,174.81,23.45999999999998,52.0,91.0,1.0392641627599228,163.08,186.54,143,-39.0,66.0,-0.27,159.0,
07:36:01,163.59,34.0,185.93,42.0,157.9,29.0,188.0,56.0,174.76,22.340000000000003,63.0,98.0,0.0907193474236908,163.59,185.93,161,-35.0,18.0,-0.22,164.0,3.0
07:36:02,164.48,31.0,183.8,30.0,160.2,10.0,188.0,40.0,174.14,19.32000000000002,41.0,70.0,0.2924380276177515,164.48,183.8,111,-29.0,-50.0,-0.26,165.0,1.0
07:36:03,165.0,48.0,181.25,36.0,161.0,12.0,188.0,48.0,173.12,16.25,60.0,84.0,0.7056202944905146,165.0,181.25,144,-24.0,33.0,-0.17,165.0,
07:36:04,162.2,15.0,179.4,35.0,157.07,114.0,182.0,28.0,170.8,17.200000000000017,129.0,63.0,1.6691554750821338,162.2,179.4,192,66.0,48.0,0.34,164.2,5.0
07:36:05,159.0,7.0,177.29,21.0,157.0,112.0,179.0,28.0,168.14,18.289999999999992,119.0,49.0,2.720610225665621,159.0,177.29,168,70.0,-24.0,0.42,164.2,
07:36:06,157.0,84.0,176.17,18.0,155.0,18.0,179.0,24.0,166.58,19.169999999999987,102.0,42.0,3.206412325324973,157.0,176.17,144,60.0,-24.0,0.42,157.67,3.0
07:36:07,157.0,98.0,174.88,25.0,155.0,21.0,176.17,24.0,165.94,17.879999999999995,119.0,49.0,3.0057744426346344,157.0,174.88,168,70.0,24.0,0.42,157.67,
07:36:08,162.0,12.0,172.68,38.0,158.05,114.0,173.65,46.0,167.34,10.680000000000009,126.0,84.0,1.888597363123036,162.0,172.68,210,42.0,42.0,0.2,157.67,
07:36:09,162.18,11.0,169.69,51.0,161.02,51.0,171.33,42.0,165.93,7.509999999999991,62.0,93.0,0.952774894712828,162.18,169.69,155,-31.0,-55.0,-0.2,157.67,
07:36:10,161.94,32.0,166.96,70.0,160.88,68.0,169.46,57.0,164.45,5.02000000000001,100.0,127.0,1.0643636596553427,161.94,166.96,227,-27.0,72.0,-0.12,164.0,1.0
07:36:11,160.94,31.0,162.18,55.0,159.83,12.0,259.74,19.0,161.56,1.240000000000009,43.0,74.0,2.1994612976805747,160.94,162.18,117,-31.0,-110.0,-0.26,161.0,5.0
07:36:12,159.18,11.0,375.81,53.0,157.03,128.0,456.38,48.0,267.5,216.63,139.0,101.0,45.96980780903916,159.18,375.81,240,38.0,123.0,0.16,160.0,1.0
07:36:13,159.0,11.0,279.85,52.0,157.0,154.0,426.32,47.0,219.42,120.85000000000002,165.0,99.0,46.760580300077535,159.0,279.85,264,66.0,24.0,0.25,160.0,
07:36:14,156.95,44.0,350.96,54.0,154.79,103.0,437.0,54.0,253.96,194.01,147.0,108.0,49.2230882818216,156.95,350.96,255,39.0,-9.0,0.15,157.14,14.0
07:36:15,157.89,28.0,311.56,43.0,155.65,31.0,344.23,44.0,234.73,153.67000000000002,59.0,87.0,41.12709787962196,157.89,311.56,146,-28.0,-109.0,-0.19,157.14,
07:36:16,158.0,30.0,238.88,59.0,157.0,15.0,240.38,32.0,198.44,80.88,45.0,91.0,27.36326917603244,158.0,238.88,136,-46.0,-10.0,-0.34,157.14,
07:36:17,159.56,18.0,232.42,57.0,157.29,14.0,233.76,51.0,195.99,72.85999999999999,32.0,108.0,24.54900344209524,159.56,232.42,140,-76.0,4.0,-0.54,157.14,
07:36:18,161.0,30.0,211.05,41.0,159.0,10.0,220.5,30.0,186.02,50.05000000000001,40.0,71.0,29.05056230092634,161.0,211.05000000000004,111,-31.0,-29.0,-0.28,157.14,
07:36:19,161.0,24.0,206.36,28.0,159.0,8.0,207.14,28.0,183.68,45.360000000000014,32.0,56.0,20.531740549695257,161.0,206.36,88,-24.0,-23.0,-0.27,157.14,
07:36:20,160.33,18.0,203.12,41.0,157.89,37.0,204.04,47.0,181.73,42.78999999999999,55.0,88.0,7.547540659049074,160.33,203.12,143,-33.0,55.0,-0.23,161.0,3.0
07:36:21,157.08,50.0,201.55,22.0,155.46,70.0,202.86,35.0,179.31,44.47,120.0,57.0,6.442695864310095,157.08,201.55,177,63.0,34.0,0.36,161.0,
07:36:22,157.28,72.0,198.37,41.0,155.74,106.0,199.26,70.0,177.82,41.09,178.0,111.0,3.2920160995958,157.28,198.37,289,67.0,112.0,0.23,158.25,4.0
07:36:23,157.91,33.0,194.96,52.0,156.45,62.0,197.15,52.0,176.44,37.05000000000001,95.0,104.0,2.925291438472016,157.91,194.96,199,-9.0,-90.0,-0.05,158.0,4.0
07:36:24,157.0,36.0,188.19,42.0,155.0,60.0,190.81,32.0,172.6,31.19,96.0,74.0,3.40488619486722,157.0,188.19,170,22.0,-29.0,0.13,158.0,
07:36:25,158.33,33.0,180.9,58.0,157.42,71.0,182.75,56.0,169.61,22.569999999999997,104.0,114.0,3.977829810335928,158.33,180.9,218,-10.0,48.0,-0.05,158.0,
07:36:26,160.0,20.0,177.53,34.0,158.67,48.0,180.5,40.0,168.76,17.53,68.0,74.0,4.021353006140732,160.0,177.53,142,-6.0,-76.0,-0.04,158.0,
07:36:27,160.0,60.0,171.81,32.0,157.0,40.0,174.6,30.0,165.91,11.810000000000002,100.0,62.0,4.013941952743846,160.0,171.81,162,38.0,20.0,0.23,158.0,
07:36:28,161.0,13.0,168.54,52.0,160.0,78.0,170.11,38.0,164.77,7.539999999999992,91.0,90.0,3.105889566613236,161.0,168.54,181,1.0,19.0,0.01,158.0,
07:36:29,161.36,14.0,166.23,62.0,160.0,84.0,167.39,61.0,163.79,4.869999999999976,98.0,123.0,2.521987311624887,161.36,166.23,221,-25.0,40.0,-0.11,158.0,
07:36:30,158.41,46.0,161.14,58.0,157.03,38.0,162.44,57.0,159.78,2.7299999999999898,84.0,115.0,3.276395885725167,158.41,161.14,199,-31.0,-22.0,-0.16,160.29,7.0
07:36:31,156.89,19.0,158.38,32.0,155.38,16.0,161.25,32.0,157.63,1.490000000000009,35.0,64.0,3.5172261798179405,156.89,158.38,99,-29.0,-100.0,-0.29,157.0,3.0
07:36:32,156.0,8.0,158.0,32.0,155.0,40.0,162.0,32.0,157.0,2.0,48.0,64.0,3.536174486644662,156.0,158.0,112,-16.0,13.0,-0.14,157.0,
07:36:33,156.0,10.0,157.91,22.0,155.0,50.0,161.79,38.0,156.95,1.9099999999999968,60.0,60.0,2.8994568456862013,156.0,157.91,120,0.0,8.0,0.0,158.0,2.0
07:36:34,143.47,60.0,151.11,36.0,122.15,68.0,155.47,30.0,147.29,7.640000000000015,128.0,66.0,4.856629489676609,143.47,151.11,194,62.0,74.0,0.32,153.38,8.0
07:36:37,120.48,54.0,150.59,39.0,99.25,32.0,152.03,29.0,135.54,30.11,86.0,68.0,10.097550693113432,120.48,150.59,154,18.0,-5.0,0.12,147.0,2.0
07:36:38,115.53,94.0,149.08,12.0,98.91,46.0,151.0,84.0,132.31,33.55000000000001,140.0,96.0,5.985546758650817,115.53,149.08,236,44.0,82.0,0.19,147.0,
07:36:41,159.86,35.0,241.33,6.0,147.0,20.0,307.38,21.0,200.6,81.47,55.0,27.0,33.50976753127356,159.86,241.33,82,28.0,33.0,0.34,162.56,9.0
07:36:42,138.39,23.0,216.22,27.0,119.5,16.0,383.27,22.0,177.31,77.83000000000001,39.0,49.0,36.58181064408918,138.39,216.22,88,-10.0,6.0,-0.11,162.33,3.0
07:36:43,117.0,15.0,154.0,11.0,108.0,6.0,252.0,15.0,135.5,37.0,21.0,26.0,36.21578109056874,117.0,154.0,47,-5.0,-41.0,-0.11,154.0,4.0
07:36:48,128.95,19.0,151.0,16.0,45.65,23.0,154.0,14.0,139.97,22.05000000000001,42.0,30.0,8.113955262385693,128.95,151.0,72,12.0,-18.0,0.17,151.0,4.0
07:36:50,121.68,19.0,151.54,41.0,47.78,32.0,208.33,12.0,136.61,29.859999999999985,51.0,53.0,15.582431453402789,121.68,151.54,104,-2.0,34.0,-0.02,151.2,5.0
07:36:51,138.96,28.0,153.0,31.0,139.0,3.0,154.0,14.0,145.98,14.039999999999992,31.0,45.0,17.79878282355275,138.96,153.0,76,-14.0,-28.0,-0.18,153.0,2.0
07:36:52,141.36,66.0,152.2,30.0,141.0,24.0,153.1,40.0,146.78,10.839999999999977,90.0,70.0,19.180371998477927,141.36,152.2,160,20.0,84.0,0.12,153.0,
07:36:53,145.67,12.0,151.2,15.0,142.09,33.0,153.0,30.0,148.43,5.530000000000001,45.0,45.0,20.18884469205695,145.67,151.2,90,0.0,-70.0,0.0,153.0,
07:36:54,148.39,92.0,151.36,66.0,147.75,80.0,153.06,64.0,149.88,2.9700000000000277,172.0,130.0,5.212094588550305,148.39,151.36,302,42.0,168.0,0.14,151.0,6.0
07:36:55,151.2,40.0,153.0,29.0,149.8,40.0,154.0,10.0,152.1,1.8000000000000114,80.0,39.0,2.453992665024729,151.2,153.0,119,41.0,-168.0,0.34,153.0,1.0
07:36:56,151.0,36.0,153.43,14.0,150.0,24.0,154.75,16.0,152.21,2.430000000000007,60.0,30.0,2.34892528616706,151.0,153.43,90,30.0,-29.0,0.33,153.0,5.0
07:36:57,152.88,32.0,154.57,14.0,150.4,20.0,165.0,22.0,153.72,1.6899999999999975,52.0,36.0,2.0959890266876,152.88,154.57,88,16.0,-2.0,0.18,154.0,2.0
07:36:58,154.0,80.0,183.53,36.0,33.93,107.0,266.5,20.0,168.76,29.53,187.0,56.0,7.629330245833782,154.0,183.53,243,131.0,155.0,0.54,155.0,4.0
07:36:59,154.0,56.0,314.0,7.0,81.6,57.0,335.97,31.0,234.0,160.0,113.0,38.0,35.27104081254183,154.0,314.0,151,75.0,-92.0,0.5,155.0,
07:37:00,155.92,26.0,291.5,6.0,130.67,48.0,531.08,12.0,223.71,135.58,74.0,18.0,39.38867921116407,155.92,291.5,92,56.0,-59.0,0.61,155.0,
07:37:01,165.0,38.0,281.15,13.0,162.83,48.0,503.07,27.0,223.08,116.14999999999998,86.0,40.0,36.62815829385893,165.0,281.15,126,46.0,34.0,0.37,165.0,2.0
07:37:02,165.0,19.0,355.1,10.0,164.0,40.0,522.0,50.0,260.05,190.1,59.0,60.0,33.28046949788993,165.0,355.1,119,-1.0,-7.0,-0.01,165.0,1.0
07:37:03,165.0,12.0,302.39,18.0,164.0,48.0,364.7,30.0,233.69,137.39,60.0,48.0,14.997707491479463,165.0,302.39,108,12.0,-11.0,0.11,165.0,
07:37:04,164.0,27.0,172.89,27.0,161.11,9.0,323.08,25.0,168.44,8.889999999999986,36.0,52.0,33.38042285532017,164.0,172.89,88,-16.0,-20.0,-0.18,164.5,2.0
07:37:05,160.5,66.0,169.95,43.0,159.06,49.0,200.92,38.0,165.23,9.449999999999989,115.0,81.0,41.73979959223551,160.5,169.95,196,34.0,108.0,0.17,160.75,4.0
07:37:06,161.0,33.0,166.47,32.0,159.0,22.0,169.17,23.0,163.73,5.469999999999999,55.0,55.0,45.40324349647265,161.0,166.47,110,0.0,-86.0,0.0,160.75,
07:37:07,160.88,32.0,164.69,39.0,157.46,52.0,166.0,26.0,162.78,3.8100000000000014,84.0,65.0,30.77388714478541,160.88,164.69,149,19.0,39.0,0.13,163.0,3.0
07:37:08,157.33,24.0,163.29,21.0,156.13,92.0,166.0,14.0,160.31,5.95999999999998,116.0,35.0,3.014791866778179,157.33,163.29,151,81.0,2.0,0.54,158.0,4.0
07:37:09,157.67,66.0,160.94,36.0,156.04,184.0,164.68,34.0,159.31,3.2700000000000102,250.0,70.0,2.4370309805154733,157.67,160.94,320,180.0,168.0,0.56,158.0,
07:37:10,157.0,12.0,158.0,15.0,156.0,80.0,163.67,6.0,157.5,1.0,92.0,21.0,2.5410686728210403,157.0,158.0,113,71.0,-168.0,0.63,157.0,2.0
07:37:11,156.11,36.0,172.75,8.0,155.57,56.0,395.75,4.0,164.43,16.639999999999986,92.0,12.0,2.7579757069257296,156.11,172.75,104,80.0,-9.0,0.77,157.0,2.0
07:37:12,156.0,160.0,209.3,10.0,155.0,120.0,216.6,10.0,182.65,53.30000000000001,280.0,20.0,10.27547565808959,156.0,209.3,300,260.0,168.0,0.87,157.0,
07:37:13,156.18,98.0,205.91,11.0,155.62,156.0,249.18,11.0,181.05,49.72999999999999,254.0,22.0,12.02658804482763,156.18,205.91,276,232.0,-24.0,0.84,157.0,
07:37:14,157.0,24.0,213.62,8.0,156.0,128.0,262.0,8.0,185.31,56.620000000000005,152.0,16.0,12.410673631998776,157.0,213.62,168,136.0,-108.0,0.81,157.0,
07:37:15,157.0,15.0,192.6,5.0,156.0,80.0,232.6,5.0,174.8,35.599999999999994,95.0,10.0,8.338562226186765,157.0,192.6,105,85.0,-63.0,0.81,157.0,
07:37:16,161.0,26.0,177.85,13.0,157.38,39.0,189.15,13.0,169.42,16.849999999999994,65.0,26.0,6.44458920335413,161.0,177.84999999999997,91,39.0,-14.0,0.43,157.0,
07:37:17,161.0,20.0,174.88,34.0,158.0,30.0,175.23,26.0,167.94,13.879999999999995,50.0,60.0,7.440438831143585,161.0,174.88,110,-10.0,19.0,-0.09,157.0,
07:37:18,156.56,90.0,168.38,26.0,155.6,75.0,173.88,34.0,162.47,11.819999999999991,165.0,60.0,8.645176111565926,156.56,168.38,225,105.0,115.0,0.47,159.2,5.0
07:37:19,163.36,88.0,169.4,25.0,155.98,191.0,173.94,53.0,166.38,6.039999999999992,279.0,78.0,4.507251934382076,163.36,169.4,357,201.0,132.0,0.56,159.2,
07:37:20,165.0,102.0,171.09,43.0,159.0,51.0,173.37,63.0,168.05,6.090000000000003,153.0,106.0,2.675737281571417,165.0,171.09,259,47.0,-98.0,0.18,159.2,
07:37:21,157.17,131.0,168.07,28.0,155.75,118.0,171.4,20.0,162.62,10.900000000000006,249.0,48.0,2.770626282989378,157.17,168.07,297,201.0,38.0,0.68,163.0,9.0
07:37:22,156.0,220.0,168.53,15.0,155.0,180.0,169.87,15.0,162.27,12.53,400.0,30.0,2.6769516245146905,156.0,168.53,430,370.0,133.0,0.86,156.0,4.0
07:37:23,155.97,143.0,165.0,14.0,154.51,221.0,167.57,14.0,160.49,9.03,364.0,28.0,3.133571444852017,155.97,165.0,392,336.0,-38.0,0.86,155.8,5.0
07:37:24,158.0,91.0,161.69,13.0,155.0,351.0,162.69,13.0,159.85,3.6899999999999977,442.0,26.0,3.2330604695848764,158.0,161.69,468,416.0,76.0,0.89,155.8,
07:37:25,158.0,98.0,160.07,14.0,155.0,378.0,237.28,25.0,159.04,2.069999999999993,476.0,39.0,1.5455516814370502,158.0,160.07,515,437.0,47.0,0.85,159.5,2.0
07:37:26,158.0,91.0,190.71,14.0,155.0,343.0,342.79,53.0,174.36,32.71000000000001,434.0,67.0,6.349855903876258,158.0,190.71,501,367.0,-14.0,0.73,159.5,
07:37:27,158.0,75.0,357.51,47.0,155.0,368.0,373.32,25.0,257.76,199.51,443.0,72.0,42.65548440704882,158.0,357.51000000000005,515,371.0,14.0,0.72,158.0,1.0
07:37:28,158.0,78.0,166.0,75.0,155.0,398.0,221.48,25.0,162.0,8.0,476.0,100.0,42.46739714180733,158.0,166.0,576,376.0,61.0,0.65,158.0,2.0
07:37:29,158.0,24.0,165.33,30.0,155.0,156.0,173.0,12.0,161.67,7.3300000000000125,180.0,42.0,42.23077053523871,158.0,165.33,222,138.0,-168.0,0.62,158.0,
07:37:30,158.33,30.0,162.81,80.0,155.22,276.0,173.0,32.0,160.57,4.47999999999999,306.0,112.0,42.01907626304968,158.33,162.81,418,194.0,168.0,0.46,158.4,5.0
07:37:31,157.12,40.0,161.67,60.0,155.11,225.0,173.0,24.0,159.4,4.549999999999983,265.0,84.0,43.32464483408937,157.12,161.67,349,181.0,-69.0,0.52,158.4,
07:37:32,155.0,312.0,160.33,60.0,134.0,12.0,240.09,23.0,157.67,5.3300000000000125,324.0,83.0,1.7719678326640051,155.0,160.33,407,241.0,58.0,0.59,157.0,5.0
07:37:33,155.0,390.0,158.2,75.0,128.08,25.0,331.43,23.0,156.6,3.1999999999999886,415.0,98.0,2.0686396496239823,155.0,158.2,513,317.0,106.0,0.62,157.0,
07:37:34,155.52,128.0,291.0,16.0,154.64,108.0,586.9,20.0,223.26,135.48,236.0,36.0,28.97521095695407,155.52,291.0,272,200.0,-168.0,0.74,155.0,5.0
07:37:35,157.0,94.0,445.69,26.0,155.0,210.0,551.5,14.0,301.35,288.69,304.0,40.0,63.51379243912286,157.0,445.69,344,264.0,72.0,0.77,157.0,4.0
07:37:36,157.4,105.0,406.32,63.0,155.02,276.0,448.05,73.0,281.86,248.92,381.0,136.0,67.59006783544434,157.4,406.32,517,245.0,168.0,0.47,157.0,
07:37:37,159.43,98.0,353.15,26.0,156.0,84.0,379.84,50.0,256.29,193.72,182.0,76.0,56.88205314508223,159.43,353.15,258,106.0,-168.0,0.41,157.0,
07:37:38,160.0,98.0,332.14,14.0,156.0,84.0,334.0,14.0,246.07,172.14,182.0,28.0,30.53573693232163,160.0,332.14,210,154.0,-48.0,0.73,157.0,
07:37:39,160.13,90.0,208.14,51.0,157.47,114.0,270.3,23.0,184.14,48.00999999999999,204.0,74.0,44.62828105585018,160.13,208.14,278,130.0,68.0,0.47,157.0,
07:37:40,160.11,37.0,185.67,21.0,157.0,56.0,193.09,33.0,172.89,25.55999999999997,93.0,54.0,47.40318501957404,160.11,185.67,147,39.0,-131.0,0.27,160.67,3.0
07:37:41,160.0,49.0,183.32,22.0,156.0,60.0,185.84,38.0,171.66,23.319999999999997,109.0,60.0,41.49649322533146,160.0,183.32,169,49.0,22.0,0.29,160.0,1.0
07:37:42,160.0,37.0,181.15,54.0,156.14,56.0,180.69,36.0,170.57,21.15000000000001,93.0,90.0,32.328220334562,160.0,181.15,183,3.0,14.0,0.02,160.0,3.0
07:37:43,160.0,8.0,173.06,16.0,157.0,8.0,174.9,20.0,166.53,13.060000000000002,16.0,36.0,6.586886214289442,160.0,173.06,52,-20.0,-131.0,-0.38,160.0,
07:37:44,160.0,9.0,171.53,43.0,157.0,9.0,172.85,13.0,165.77,11.53,18.0,56.0,3.16366559547598,160.0,171.53,74,-38.0,22.0,-0.51,160.0,
07:37:45,160.0,9.0,166.52,33.0,157.0,9.0,168.44,45.0,163.26,6.52000000000001,18.0,78.0,3.48658428838306,160.0,166.52,96,-60.0,22.0,-0.62,160.0,
07:37:46,158.93,14.0,163.07,46.0,156.2,44.0,163.83,54.0,161.0,4.139999999999986,58.0,100.0,3.608286296845213,158.93,163.07,158,-42.0,62.0,-0.27,160.0,1.0
07:37:47,157.0,13.0,161.52,42.0,156.0,113.0,174.0,37.0,159.26,4.52000000000001,126.0,79.0,3.0844172869445443,157.0,161.52,205,47.0,47.0,0.23,159.0,5.0
07:37:48,158.04,49.0,161.54,52.0,156.43,70.0,229.86,28.0,159.79,3.5,119.0,80.0,2.6936462277001336,158.04,161.54,199,39.0,-6.0,0.2,159.0,
07:37:49,159.0,16.0,161.0,32.0,158.0,55.0,188.57,23.0,160.0,2.0,71.0,55.0,1.583357192803878,159.0,161.0,126,16.0,-73.0,0.13,159.0,
07:37:50,158.03,29.0,169.27,45.0,156.96,50.0,211.04,46.0,163.65,11.240000000000007,79.0,91.0,1.7447206080068391,158.03,169.27,170,-12.0,44.0,-0.07,158.2,5.0
07:37:51,156.76,17.0,180.72,50.0,155.91,68.0,182.56,45.0,168.74,23.960000000000008,85.0,95.0,4.003969280601809,156.76,180.72,180,-10.0,10.0,-0.06,158.2,
07:37:52,157.99,170.0,179.44,36.0,156.55,22.0,180.33,48.0,168.72,21.44999999999999,192.0,84.0,4.428052619380436,157.99,179.44,276,108.0,96.0,0.39,158.0,5.0
07:37:53,159.41,41.0,178.79,56.0,157.99,188.0,195.54,74.0,169.1,19.379999999999995,229.0,130.0,4.062932438522816,159.41,178.79,359,99.0,83.0,0.28,158.0,
07:37:54,158.1,84.0,177.8,40.0,157.22,60.0,179.0,40.0,167.95,19.700000000000017,144.0,80.0,2.265164453191022,158.1,177.8,224,64.0,-135.0,0.29,159.25,4.0
07:37:55,158.0,120.0,176.43,42.0,157.0,72.0,177.75,48.0,167.21,18.430000000000007,192.0,90.0,0.7600855215039152,158.0,176.43,282,102.0,58.0,0.36,159.25,
07:37:56,159.74,76.0,173.17,46.0,157.88,50.0,174.54,26.0,166.46,13.429999999999978,126.0,72.0,1.0798009075751318,159.74,173.17,198,54.0,-84.0,0.27,159.25,
07:37:57,160.67,54.0,170.38,32.0,158.72,50.0,171.71,34.0,165.52,9.710000000000008,104.0,66.0,1.372140663343364,160.66999999999996,170.38,170,38.0,-28.0,0.22,166.0,2.0
07:37:58,160.03,67.0,167.95,40.0,158.24,50.0,168.64,44.0,163.99,7.9199999999999875,117.0,84.0,1.5405615859162745,160.03,167.95,201,33.0,31.0,0.16,166.0,
07:37:59,159.5,80.0,163.08,52.0,158.06,97.0,164.86,58.0,161.29,3.5800000000000125,177.0,110.0,2.3459603577216632,159.5,163.07999999999998,287,67.0,86.0,0.23,160.0,4.0
07:38:00,159.0,36.0,161.0,26.0,158.0,81.0,162.38,32.0,160.0,2.0,117.0,58.0,2.747939227858264,159.0,161.0,175,59.0,-112.0,0.34,160.0,
07:38:01,158.0,107.0,160.53,43.0,156.0,42.0,173.0,30.0,159.27,2.530000000000001,149.0,73.0,2.6601936019776757,158.0,160.53,222,76.0,47.0,0.34,158.4,10.0
07:38:02,158.0,30.0,275.82,17.0,156.0,40.0,395.25,12.0,216.91,117.82,70.0,29.0,25.00699342184096,158.0,275.82,99,41.0,-123.0,0.41,158.4,
07:38:03,163.0,33.0,253.0,18.0,161.5,48.0,408.8,15.0,208.0,90.0,81.0,33.0,28.81041877515827,163.0,253.0,114,48.0,15.0,0.42,158.4,
07:38:04,164.45,33.0,265.56,25.0,162.0,78.0,422.05,20.0,215.01,101.11,111.0,45.0,29.58500414061127,164.45,265.56,156,66.0,42.0,0.42,165.0,1.0
07:38:05,149.14,35.0,356.27,11.0,150.62,29.0,402.73,22.0,252.71,207.13,64.0,33.0,33.44324744997076,149.14,356.27,97,31.0,-59.0,0.32,160.62,13.0
07:38:06,121.17,36.0,220.67,12.0,64.86,42.0,367.25,16.0,170.92,99.5,78.0,28.0,29.11837134868596,121.17,220.67,106,50.0,9.0,0.47,154.0,1.0
07:38:07,118.61,56.0,154.0,9.0,78.1,94.0,316.71,14.0,136.3,35.39,150.0,23.0,44.4768812980405,118.61,154.0,173,127.0,67.0,0.73,154.0,
07:38:08,128.0,54.0,152.21,39.0,43.22,99.0,247.56,18.0,140.1,24.210000000000008,153.0,57.0,50.12821131857782,128.0,152.21,210,96.0,37.0,0.46,154.0,
07:38:09,136.8,90.0,154.09,43.0,53.33,99.0,201.19,27.0,145.45,17.289999999999992,189.0,70.0,48.657237180094825,136.8,154.09,259,119.0,49.0,0.46,152.0,5.0
07:38:10,138.29,21.0,150.0,10.0,128.89,27.0,156.0,5.0,144.14,11.710000000000008,48.0,15.0,13.639271241529508,138.29,150.0,63,33.0,-168.0,0.52,152.0,
07:38:11,127.91,56.0,154.07,14.0,104.94,77.0,349.71,21.0,140.99,26.16,133.0,35.0,3.597850747323666,127.91,154.07,168,98.0,105.0,0.58,150.0,2.0
07:38:12,128.65,138.0,191.97,37.0,110.71,133.0,256.44,27.0,160.31,63.31999999999999,271.0,64.0,8.189204479069664,128.65,191.97,335,207.0,167.0,0.62,153.8,5.0
07:38:13,129.64,198.0,154.0,44.0,117.73,121.0,203.0,11.0,141.82,24.360000000000014,319.0,55.0,7.900029746780354,129.64,154.0,374,264.0,39.0,0.71,153.8,
07:38:14,131.65,77.0,154.0,34.0,127.72,134.0,293.0,14.0,142.82,22.349999999999994,211.0,48.0,8.076498622547696,131.65,154.0,259,163.0,-115.0,0.63,154.0,2.0
07:38:15,132.38,16.0,152.57,28.0,131.0,144.0,241.5,16.0,142.47,20.19,160.0,44.0,8.206952540377888,132.38,152.57,204,116.0,-55.0,0.57,154.0,
07:38:16,135.63,126.0,152.0,75.0,134.97,174.0,154.0,30.0,143.82,16.370000000000005,300.0,105.0,7.894090827955726,135.63,152.0,405,195.0,168.0,0.48,154.0,
07:38:17,139.74,100.0,152.0,53.0,139.06,72.0,154.0,24.0,145.87,12.259999999999993,172.0,77.0,1.5785277951359316,139.74,152.0,249,95.0,-156.0,0.38,152.0,1.0
07:38:18,145.05,84.0,152.77,26.0,143.55,102.0,238.25,16.0,148.91,7.719999999999999,186.0,42.0,2.6619673176084686,145.05,152.77,228,144.0,-21.0,0.63,152.4,5.0
07:38:19,148.74,46.0,154.0,7.0,146.96,46.0,270.55,11.0,151.37,5.259999999999991,92.0,18.0,3.651865276815988,148.74,154.0,110,74.0,-118.0,0.67,152.4,
07:38:20,154.82,56.0,228.1,20.0,149.28,142.0,406.64,22.0,191.46,73.28,198.0,42.0,19.872574820591485,154.82,228.1,240,156.0,130.0,0.65,154.0,1.0
07:38:21,161.27,44.0,211.0,16.0,156.97,130.0,372.0,8.0,186.14,49.72999999999999,174.0,24.0,22.12092109293824,161.27,211.0,198,150.0,-42.0,0.76,159.0,2.0
07:38:22,166.0,25.0,270.0,9.0,160.29,42.0,406.25,8.0,218.0,104.0,67.0,17.0,29.13718122948732,166.0,270.0,84,50.0,-114.0,0.6,166.0,2.0
07:38:23,164.07,29.0,171.68,37.0,157.3,47.0,186.19,31.0,167.87,7.610000000000014,76.0,68.0,25.178363131863534,164.07,171.68,144,8.0,60.0,0.06,166.0,
07:38:24,164.22,9.0,170.65,23.0,158.73,22.0,171.23,26.0,167.44,6.430000000000007,31.0,49.0,20.777608620820214,164.22,170.65,80,-18.0,-64.0,-0.23,166.0,
07:38:25,161.5,16.0,169.6,20.0,157.09,44.0,171.0,50.0,165.55,8.099999999999994,60.0,70.0,22.30690812282121,161.5,169.6,130,-10.0,50.0,-0.08,163.33,3.0
07:38:26,160.0,19.0,168.06,48.0,157.28,71.0,170.11,36.0,164.03,8.060000000000002,90.0,84.0,23.206591089601904,160.0,168.06,174,6.0,44.0,0.03,160.0,1.0
07:38:27,160.0,5.0,165.4,10.0,159.0,15.0,167.0,25.0,162.7,5.400000000000006,20.0,35.0,2.201265545089906,160.0,165.4,55,-15.0,-119.0,-0.27,160.0,
07:38:28,160.0,4.0,164.55,11.0,159.0,12.0,166.76,17.0,162.27,4.550000000000011,16.0,28.0,2.128842408446643,160.0,164.55,44,-12.0,-11.0,-0.27,160.0,
07:38:29,159.6,15.0,163.5,60.0,158.39,69.0,165.0,24.0,161.55,3.9000000000000057,84.0,84.0,1.58483437620525,159.6,163.5,168,0.0,124.0,0.0,159.5,2.0
07:38:30,158.59,34.0,160.48,52.0,157.92,146.0,184.83,23.0,159.53,1.8899999999999864,180.0,75.0,1.657250735405742,158.59,160.48,255,105.0,87.0,0.41,159.0,2.0
07:38:31,158.0,140.0,162.44,25.0,156.0,60.0,218.28,25.0,160.22,4.439999999999998,200.0,50.0,1.3464880244560309,158.0,162.44,250,150.0,-5.0,0.6,159.0,
07:38:32,158.86,99.0,160.0,24.0,157.93,160.0,161.0,36.0,159.43,1.1399999999999864,259.0,60.0,1.2599206324225547,158.86,160.0,319,199.0,69.0,0.62,159.0,5.0
07:38:33,158.39,46.0,160.5,30.0,157.83,92.0,271.0,25.0,159.45,2.1100000000000136,138.0,55.0,0.907292676044783,158.39,160.5,193,83.0,-126.0,0.43,159.0,3.0
07:38:34,158.0,53.0,161.0,12.0,156.0,16.0,238.5,16.0,159.5,3.0,69.0,28.0,0.3344099280894897,158.0,161.0,97,41.0,-96.0,0.42,158.0,3.0
07:38:35,158.8,90.0,302.14,44.0,157.47,90.0,391.14,42.0,230.47,143.33999999999995,180.0,86.0,31.67338677817693,158.8,302.14,266,94.0,168.0,0.35,161.0,3.0
07:38:36,159.48,65.0,327.31,26.0,157.39,127.0,516.21,39.0,243.39,167.83,192.0,65.0,42.67723889850394,159.48,327.31,257,127.0,-9.0,0.49,161.0,4.0
07:38:37,158.0,51.0,246.0,10.0,156.0,85.0,247.0,20.0,202.0,88.0,136.0,30.0,39.03292930334554,158.0,246.0,166,106.0,-91.0,0.64,158.0,4.0
07:38:38,158.0,37.0,245.17,12.0,156.0,108.0,247.0,24.0,201.58,87.16999999999999,145.0,36.0,32.34558192396549,158.0,245.17,181,109.0,15.0,0.6,158.0,5.0
07:38:39,159.84,93.0,243.42,24.0,156.45,66.0,376.92,48.0,201.63,83.57999999999998,159.0,72.0,19.810687267229152,159.84,243.42,231,87.0,50.0,0.38,158.0,
07:38:40,161.08,102.0,242.67,18.0,160.6,35.0,330.78,36.0,201.87,81.58999999999997,137.0,54.0,18.613826312716053,161.08,242.67,191,83.0,-40.0,0.43,158.0,
07:38:41,163.79,106.0,241.41,34.0,161.11,175.0,400.06,68.0,202.6,77.62,281.0,102.0,0.4091821110070484,163.79,241.41000000000005,383,179.0,168.0,0.47,158.0,
07:38:42,164.56,90.0,232.92,26.0,161.78,9.0,255.9,21.0,198.74,68.35999999999999,99.0,47.0,1.479401906166406,164.56,232.92,146,52.0,-168.0,0.36,164.0,4.0
07:38:43,165.0,70.0,192.53,17.0,162.0,7.0,210.45,22.0,178.76,27.53,77.0,39.0,10.147006947862677,165.0,192.53,116,38.0,-30.0,0.33,164.0,
07:38:44,165.0,80.0,191.0,24.0,162.0,8.0,192.0,16.0,178.0,26.0,88.0,40.0,12.515010187769647,165.0,191.0,128,48.0,12.0,0.38,164.0,
07:38:45,165.0,150.0,190.63,43.0,162.0,17.0,191.43,42.0,177.81,25.629999999999995,167.0,85.0,12.39330141649039,165.0,190.63,252,82.0,124.0,0.33,165.0,4.0
07:38:46,165.0,84.0,187.81,37.0,162.0,16.0,188.95,43.0,176.41,22.81,100.0,80.0,9.4275357331589,165.0,187.81,180,20.0,-72.0,0.11,165.0,2.0
07:38:47,165.0,36.0,184.69,26.0,162.0,9.0,185.57,23.0,174.85,19.69,45.0,49.0,1.5481052935742068,165.0,184.69,94,-4.0,-86.0,-0.04,165.0,
07:38:48,164.79,38.0,180.64,33.0,157.64,33.0,182.0,33.0,172.71,15.849999999999994,71.0,66.0,2.212527965923518,164.79,180.64,137,5.0,43.0,0.04,164.4,5.0
07:38:49,161.0,12.0,178.83,36.0,156.0,144.0,181.34,35.0,169.92,17.830000000000013,156.0,71.0,3.1136473788782224,161.0,178.83,227,85.0,90.0,0.37,164.4,
07:38:50,161.0,14.0,175.25,32.0,156.62,87.0,176.25,32.0,168.12,14.25,101.0,64.0,3.414948023030081,161.0,175.25,165,37.0,-62.0,0.22,164.4,
07:38:51,156.0,132.0,171.15,26.0,62.0,63.0,172.54,24.0,163.58,15.150000000000006,195.0,50.0,4.344229505907752,156.0,171.15000000000003,245,145.0,80.0,0.59,158.75,4.0
07:38:52,156.0,144.0,163.24,34.0,67.36,84.0,164.68,40.0,159.62,7.240000000000009,228.0,74.0,5.203969638651102,156.0,163.24,302,154.0,57.0,0.51,158.75,
07:38:53,156.0,180.0,159.29,35.0,108.88,51.0,160.77,31.0,157.64,3.289999999999992,231.0,66.0,5.281579309260197,156.0,159.29,297,165.0,-5.0,0.56,158.75,
07:38:54,156.63,134.0,159.27,26.0,147.06,97.0,161.53,43.0,157.95,2.640000000000015,231.0,69.0,4.447405985516469,156.63,159.27,300,162.0,3.0,0.54,159.17,6.0
07:38:55,159.84,73.0,161.77,31.0,158.84,99.0,219.63,57.0,160.8,1.9300000000000068,172.0,88.0,2.4155372073327883,159.84,161.77,260,84.0,-40.0,0.32,159.0,3.0
07:38:56,160.77,105.0,162.0,33.0,159.27,33.0,243.73,55.0,161.39,1.2299999999999898,138.0,88.0,1.6685772382510375,160.77,162.0,226,50.0,-34.0,0.22,161.17,6.0
07:38:57,161.0,90.0,318.4,50.0,160.0,30.0,444.78,32.0,239.7,157.39999999999998,120.0,82.0,35.92980698528723,161.0,318.4,202,38.0,-24.0,0.19,161.17,
07:38:58,161.61,96.0,320.0,70.0,160.43,46.0,474.55,62.0,240.81,158.39,142.0,132.0,43.95291856065966,161.61,320.0,274,10.0,72.0,0.04,162.0,4.0
07:38:59,162.1,41.0,321.56,45.0,160.34,29.0,388.22,27.0,241.83,159.46,70.0,72.0,43.65227061677281,162.1,321.56,142,-2.0,-132.0,-0.01,166.0,1.0
07:39:00,161.0,30.0,322.0,40.0,159.29,14.0,511.11,28.0,241.5,161.0,44.0,68.0,35.59412353184096,161.0,322.0,112,-24.0,-30.0,-0.21,162.0,5.0
07:39:01,160.0,21.0,329.71,35.0,158.0,7.0,559.43,21.0,244.86,169.70999999999998,28.0,56.0,1.9252662153425648,160.0,329.71,84,-28.0,-28.0,-0.33,162.0,
07:39:03,160.0,27.0,428.75,51.0,158.0,36.0,531.89,27.0,294.37,268.75,63.0,78.0,42.157361990522034,160.0,428.75,141,-15.0,78.0,-0.11,162.0,
07:39:04,160.0,27.0,459.94,31.0,158.0,36.0,506.73,41.0,309.97,299.94,63.0,72.0,41.12398752552943,160.0,459.94,135,-9.0,-6.0,-0.07,162.0,
07:39:05,160.0,24.0,180.0,24.0,158.0,32.0,353.71,28.0,170.0,20.0,56.0,52.0,65.40135587279451,160.0,180.0,108,4.0,-27.0,0.04,162.0,
07:39:06,160.0,18.0,438.0,18.0,158.0,24.0,629.5,30.0,299.0,278.0,42.0,48.0,64.47929644467209,160.0,438.0,90,-6.0,-18.0,-0.07,162.0,
07:39:08,160.82,17.0,354.54,41.0,159.8,40.0,467.0,36.0,257.68,193.72000000000003,57.0,77.0,72.53964915823555,160.82,354.54,134,-20.0,53.0,-0.15,161.0,2.0
07:39:09,161.0,6.0,348.8,15.0,160.0,18.0,376.29,17.0,254.9,187.8,24.0,32.0,71.07251845826144,161.0,348.8,56,-8.0,-78.0,-0.14,161.0,
07:39:10,160.0,7.0,246.0,21.0,158.0,28.0,374.0,14.0,203.0,86.0,35.0,35.0,60.25818517014852,160.0,246.0,70,0.0,14.0,0.0,160.33,3.0
07:39:11,162.18,22.0,244.0,20.0,156.91,22.0,245.17,18.0,203.09,81.82,44.0,38.0,66.04455374972203,162.18,244.0,82,6.0,12.0,0.07,158.67,3.0
07:39:12,159.85,54.0,242.12,32.0,156.4,40.0,243.54,26.0,200.99,82.27000000000001,94.0,58.0,29.566947255338096,159.85,242.12,152,36.0,70.0,0.24,158.67,
07:39:13,158.0,60.0,239.36,22.0,156.0,32.0,241.3,10.0,198.68,81.36000000000001,92.0,32.0,23.975787161216488,158.0,239.36,124,60.0,-28.0,0.48,158.67,
07:39:14,159.17,69.0,209.21,28.0,157.74,77.0,225.68,28.0,184.19,50.04000000000002,146.0,56.0,7.921903180420958,159.17,209.21,202,90.0,78.0,0.45,158.67,
07:39:15,160.96,28.0,198.8,10.0,159.11,28.0,223.95,19.0,179.88,37.84,56.0,29.0,10.5710846179551,160.96,198.8,85,27.0,-117.0,0.32,158.67,
07:39:16,162.95,42.0,196.35,20.0,162.29,28.0,197.15,34.0,179.65,33.400000000000006,70.0,54.0,10.376380390096063,162.95,196.35,124,16.0,39.0,0.13,164.33,6.0
07:39:17,161.46,13.0,192.95,19.0,160.16,25.0,193.75,16.0,177.2,31.48999999999998,38.0,35.0,8.626172384086324,161.46,192.95,73,3.0,-51.0,0.04,161.75,4.0
07:39:18,162.28,46.0,187.18,28.0,158.97,36.0,188.67,33.0,174.73,24.90000000000001,82.0,61.0,3.5185721535840355,162.28,187.18,143,21.0,70.0,0.15,161.4,5.0
07:39:19,163.0,65.0,185.32,19.0,160.0,26.0,186.17,36.0,174.16,22.319999999999997,91.0,55.0,2.669200254753924,163.0,185.32,146,36.0,3.0,0.25,161.4,
07:39:20,163.0,70.0,179.39,28.0,160.0,28.0,181.19,31.0,171.2,16.389999999999986,98.0,59.0,3.198760697517028,163.0,179.39,157,39.0,11.0,0.25,161.4,
07:39:21,158.65,62.0,171.22,32.0,157.42,97.0,173.12,33.0,164.93,12.569999999999991,159.0,65.0,4.711627107484372,158.65,171.22,224,94.0,67.0,0.42,160.0,2.0
07:39:22,158.55,66.0,167.39,23.0,157.05,76.0,169.62,26.0,162.97,8.839999999999975,142.0,49.0,5.372063849209492,158.55,167.39,191,93.0,-33.0,0.49,160.0,
07:39:23,158.57,42.0,162.5,46.0,157.14,84.0,162.61,46.0,160.54,3.930000000000007,126.0,92.0,5.720030594322507,158.57,162.5,218,34.0,27.0,0.16,158.67,9.0
07:39:24,156.04,49.0,159.79,48.0,153.3,40.0,160.2,40.0,157.92,3.75,89.0,88.0,5.037684984195392,156.04,159.79,177,1.0,-41.0,0.01,158.0,1.0
07:39:25,153.0,24.0,155.53,17.0,151.0,24.0,156.74,19.0,154.26,2.530000000000001,48.0,36.0,4.201622305727866,153.0,155.53,84,12.0,-93.0,0.14,156.0,4.0
07:39:26,153.0,17.0,177.5,16.0,142.86,28.0,191.0,20.0,165.25,24.5,45.0,36.0,4.2945395562260105,153.0,177.5,81,9.0,-3.0,0.11,154.33,6.0
07:39:27,156.72,61.0,247.65,43.0,152.1,59.0,391.77,26.0,202.19,90.93,120.0,69.0,19.509991542796357,156.72,247.65,189,51.0,108.0,0.27,154.33,
07:39:28,160.21,71.0,247.0,55.0,158.6,53.0,248.0,44.0,203.61,86.78999999999999,124.0,99.0,24.29618344514175,160.21,247.0,223,25.0,34.0,0.11,160.2,5.0
07:39:29,161.5,80.0,247.0,65.0,159.85,52.0,268.95,42.0,204.25,85.5,132.0,107.0,24.203522884075664,161.5,247.0,239,25.0,16.0,0.1,161.0,1.0
07:39:30,162.0,40.0,247.0,20.0,161.0,16.0,336.0,8.0,204.5,85.0,56.0,28.0,17.19080568210717,162.0,247.0,84,28.0,-155.0,0.33,161.0,
07:39:31,162.0,150.0,245.0,75.0,161.0,60.0,300.46,52.0,203.5,83.0,210.0,127.0,0.8986378580739358,162.0,245.0,337,83.0,168.0,0.25,161.0,
07:39:32,162.36,77.0,183.58,67.0,161.71,98.0,256.83,35.0,172.97,21.22,175.0,102.0,13.867783889286974,162.36,183.58,277,73.0,-60.0,0.26,166.0,1.0
07:39:33,162.0,80.0,173.0,40.0,161.0,32.0,345.88,17.0,167.5,11.0,112.0,57.0,18.643723608763665,162.0,173.0,169,55.0,-108.0,0.33,166.0,
07:39:34,162.09,33.0,173.0,30.0,161.73,44.0,192.0,6.0,167.55,10.909999999999997,77.0,36.0,19.1170429198654,162.09,173.0,113,41.0,-56.0,0.36,166.0,
07:39:35,162.86,14.0,173.0,40.0,161.95,81.0,600.75,8.0,167.93,10.139999999999986,95.0,48.0,15.605670443783564,162.86,173.0,143,47.0,30.0,0.33,162.4,5.0
07:39:36,162.0,70.0,171.05,42.0,161.0,40.0,172.56,18.0,166.52,9.050000000000011,110.0,60.0,2.555803200558266,162.0,171.05,170,50.0,27.0,0.29,162.4,
07:39:37,162.0,42.0,169.89,45.0,161.0,36.0,172.0,9.0,165.94,7.889999999999986,78.0,54.0,0.8265409850604372,162.0,169.89,132,24.0,-38.0,0.18,162.0,3.0
07:39:38,162.0,52.0,167.92,65.0,161.0,52.0,172.0,13.0,164.96,5.919999999999988,104.0,78.0,1.2042632602487475,162.0,167.92,182,26.0,50.0,0.14,162.0,
07:39:39,162.0,52.0,166.72,61.0,161.0,52.0,170.24,17.0,164.36,4.719999999999999,104.0,78.0,1.3922356122385526,162.0,166.72,182,26.0,0.0,0.14,162.0,
07:39:40,161.5,56.0,163.36,22.0,160.5,56.0,344.76,55.0,162.43,1.8600000000000136,112.0,77.0,1.5878664931239663,161.5,163.36,189,35.0,7.0,0.19,162.0,4.0
07:39:42,160.93,45.0,359.51,47.0,159.89,63.0,435.97,39.0,260.22,198.58,108.0,86.0,83.08974425282554,160.93,359.51000000000005,194,22.0,32.0,0.11,160.75,4.0
07:39:43,161.84,111.0,222.0,36.0,159.46,39.0,223.0,9.0,191.92,60.16,150.0,45.0,79.40769685616095,161.84,222.0,195,105.0,1.0,0.54,160.75,
07:39:44,162.0,153.0,221.67,18.0,160.0,27.0,222.1,29.0,191.83,59.66999999999999,180.0,47.0,74.94292781844028,162.0,221.67,227,133.0,32.0,0.59,160.75,
07:39:45,162.0,136.0,219.35,20.0,160.0,24.0,221.64,22.0,190.68,57.35,160.0,42.0,69.33453454087613,162.0,219.35,202,118.0,-25.0,0.58,160.75,
07:39:46,162.0,254.0,192.38,52.0,160.09,46.0,218.11,28.0,177.19,30.379999999999995,300.0,80.0,32.93024855660776,162.0,192.38,380,220.0,168.0,0.58,162.0,2.0
07:39:47,162.0,165.0,184.72,29.0,160.75,24.0,227.37,27.0,173.36,22.72,189.0,56.0,8.99004060057446,162.0,184.72,245,133.0,-135.0,0.54,162.0,
07:39:48,162.0,135.0,216.83,24.0,160.0,27.0,243.0,30.0,189.42,54.83000000000001,162.0,54.0,8.568303799467987,162.0,216.83,216,108.0,-29.0,0.5,162.0,
07:39:49,162.0,173.0,214.47,38.0,160.0,36.0,215.88,32.0,188.24,52.47,209.0,70.0,7.926469579830479,162.0,214.47,279,139.0,63.0,0.5,162.0,1.0
07:39:50,162.05,105.0,210.16,38.0,161.2,60.0,211.57,42.0,186.1,48.10999999999999,165.0,80.0,7.156718521779277,162.05,210.16,245,85.0,-34.0,0.35,162.0,2.0
07:39:51,164.8,10.0,188.71,28.0,162.0,120.0,205.27,30.0,176.76,23.91,130.0,58.0,7.24396852560657,164.8,188.71,188,72.0,-57.0,0.38,162.0,
07:39:52,165.0,13.0,182.54,41.0,162.0,170.0,185.25,48.0,173.77,17.539999999999992,183.0,89.0,7.111850673346464,165.0,182.54,272,94.0,84.0,0.35,162.0,
07:39:53,162.67,36.0,181.0,30.0,161.81,120.0,186.0,40.0,171.83,18.330000000000013,156.0,70.0,7.399138463360502,162.67,181.0,226,86.0,-46.0,0.38,165.0,1.0
07:39:54,162.0,206.0,172.62,52.0,160.0,17.0,190.65,63.0,167.31,10.620000000000005,223.0,115.0,7.015819980585551,162.0,172.62,338,108.0,112.0,0.32,162.0,3.0
07:39:55,162.0,92.0,164.11,27.0,160.0,10.0,170.17,29.0,163.06,2.1100000000000136,102.0,56.0,5.412220431577626,162.0,164.11,158,46.0,-168.0,0.29,162.0,7.0
07:39:56,162.0,52.0,164.0,26.0,160.81,43.0,185.46,26.0,163.0,2.0,95.0,52.0,4.94037751593824,162.0,164.0,147,43.0,-11.0,0.29,162.0,
07:39:57,161.57,42.0,164.0,18.0,160.93,45.0,190.71,28.0,162.79,2.430000000000007,87.0,46.0,3.963731827456233,161.57,164.0,133,41.0,-14.0,0.31,161.8,5.0
07:39:58,161.23,39.0,183.71,28.0,160.78,23.0,209.82,22.0,172.47,22.480000000000015,62.0,50.0,4.217502815646887,161.23,183.71,112,12.0,-21.0,0.11,164.0,2.0
07:39:59,162.0,30.0,337.95,38.0,161.0,60.0,534.0,28.0,249.97,175.95,90.0,66.0,38.07609709515904,162.0,337.95,156,24.0,44.0,0.15,164.0,
07:40:00,164.0,18.0,167.0,24.0,161.6,45.0,526.58,48.0,165.5,3.0,63.0,72.0,37.78304288963474,164.0,167.0,135,-9.0,-21.0,-0.07,164.0,
07:40:01,162.3,20.0,167.0,16.0,161.38,26.0,466.62,26.0,164.65,4.699999999999989,46.0,42.0,37.57409187192657,162.3,167.0,88,4.0,-47.0,0.05,162.6,5.0
07:40:02,161.46,59.0,289.9,20.0,160.6,25.0,430.62,21.0,225.68,128.43999999999997,84.0,41.0,39.55944299405604,161.46,289.9,125,43.0,37.0,0.34,162.6,
07:40:03,161.0,55.0,194.82,11.0,159.09,11.0,317.8,20.0,177.91,33.81999999999999,66.0,31.0,38.83050051183951,161.0,194.82,97,35.0,-28.0,0.36,162.6,
07:40:04,161.0,45.0,192.11,9.0,159.83,29.0,337.0,18.0,176.56,31.110000000000014,74.0,27.0,25.13721643300981,161.0,192.11,101,47.0,4.0,0.47,162.6,
07:40:05,161.0,33.0,191.0,7.0,160.0,42.0,270.0,14.0,176.0,30.0,75.0,21.0,23.811544469017065,161.0,191.0,96,54.0,-5.0,0.56,161.0,1.0
07:40:06,160.71,34.0,185.14,22.0,159.8,40.0,222.29,14.0,172.92,24.42999999999998,74.0,36.0,22.3605541076239,160.71,185.14,110,38.0,14.0,0.35,160.67,6.0
07:40:07,160.0,28.0,182.71,17.0,158.0,14.0,184.06,32.0,171.35,22.710000000000008,42.0,49.0,2.717401332152351,160.0,182.71,91,-7.0,-19.0,-0.08,160.67,
07:40:08,162.31,65.0,178.21,39.0,159.11,55.0,180.15,39.0,170.26,15.900000000000006,120.0,78.0,2.785519700160886,162.31,178.21,198,42.0,107.0,0.21,160.67,
07:40:09,164.29,56.0,174.28,39.0,159.53,60.0,175.98,45.0,169.28,9.990000000000007,116.0,84.0,2.630954199522553,164.29,174.28,200,32.0,2.0,0.16,166.0,5.0
07:40:10,161.58,57.0,170.57,51.0,159.63,57.0,171.64,33.0,166.07,8.98999999999998,114.0,84.0,2.567923285455911,161.58,170.57,198,30.0,-2.0,0.15,166.0,
07:40:11,162.0,117.0,167.35,31.0,160.77,70.0,168.23,44.0,164.68,5.349999999999994,187.0,75.0,2.836277489948356,162.0,167.35,262,112.0,64.0,0.43,166.0,
07:40:12,162.0,108.0,163.75,32.0,161.0,72.0,165.74,19.0,162.88,1.75,180.0,51.0,3.0974957627071724,162.0,163.75,231,129.0,-31.0,0.56,166.0,
07:40:13,162.0,42.0,163.44,16.0,161.0,48.0,165.86,14.0,162.72,1.4399999999999975,90.0,30.0,2.700885040128497,162.0,163.44,120,60.0,-111.0,0.5,162.0,5.0
07:40:14,161.58,43.0,163.0,18.0,160.78,54.0,171.56,36.0,162.29,1.4199999999999875,97.0,54.0,1.5964241291056769,161.58,163.0,151,43.0,31.0,0.28,162.0,4.0
07:40:15,159.67,30.0,161.57,7.0,159.0,36.0,201.0,26.0,160.62,1.9000000000000057,66.0,33.0,1.451592229240545,159.67,161.57,99,33.0,-52.0,0.33,160.45,11.0
07:40:16,159.0,18.0,161.0,3.0,158.0,6.0,360.0,6.0,160.0,2.0,24.0,9.0,1.3074096527072765,159.0,161.0,33,15.0,-66.0,0.45,160.45,
07:40:17,159.0,11.0,301.47,17.0,158.0,22.0,360.0,10.0,230.24,142.47000000000003,33.0,27.0,30.80354330267839,159.0,301.47,60,6.0,27.0,0.1,159.33,6.0
07:40:18,159.0,9.0,359.44,18.0,158.0,18.0,474.0,6.0,259.22,200.44,27.0,24.0,47.01492082307456,159.0,359.44,51,3.0,-9.0,0.06,159.33,
07:40:19,158.9,20.0,358.0,16.0,156.39,41.0,591.0,16.0,258.45,199.1,61.0,32.0,50.12329977166262,158.9,358.0,93,29.0,42.0,0.31,158.5,2.0
07:40:20,159.31,51.0,290.08,24.0,156.43,84.0,364.17,24.0,224.7,130.76999999999998,135.0,48.0,40.4069179720496,159.31,290.08,183,87.0,90.0,0.48,159.0,1.0
07:40:21,161.43,14.0,276.0,12.0,159.74,23.0,579.4,10.0,218.71,114.57,37.0,22.0,19.21818227616589,161.43,276.0,59,15.0,-124.0,0.25,159.0,
07:40:22,162.4,20.0,275.88,16.0,159.04,23.0,562.85,13.0,219.14,113.48,43.0,29.0,20.94071942412529,162.4,275.88,72,14.0,13.0,0.19,163.0,4.0
07:40:23,161.27,11.0,275.0,18.0,157.0,48.0,545.0,12.0,218.14,113.73,59.0,30.0,17.320276268002875,161.27,275.0,89,29.0,17.0,0.33,160.67,3.0
07:40:24,158.0,12.0,273.29,14.0,156.0,144.0,285.53,19.0,215.64,115.29000000000002,156.0,33.0,3.3267521699022646,158.0,273.29,189,123.0,100.0,0.65,160.67,
07:40:25,158.0,16.0,270.08,24.0,156.0,114.0,273.0,24.0,214.04,112.07999999999998,130.0,48.0,2.1979945404733816,158.0,270.08,178,82.0,-11.0,0.46,160.67,
07:40:26,158.0,14.0,267.43,28.0,156.0,77.0,271.0,14.0,212.71,109.43,91.0,42.0,2.702439638539864,158.0,267.43,133,49.0,-45.0,0.37,160.67,
07:40:27,156.36,78.0,260.69,51.0,148.24,191.0,263.02,42.0,208.52,104.32999999999998,269.0,93.0,3.582764295896767,156.36,260.69,362,176.0,168.0,0.49,156.0,1.0
07:40:28,162.0,80.0,247.74,19.0,159.8,10.0,248.19,31.0,204.87,85.74000000000001,90.0,50.0,4.39604708800466,162.0,247.74,140,40.0,-168.0,0.29,156.0,
07:40:29,162.0,91.0,243.42,19.0,161.0,14.0,246.92,37.0,202.71,81.41999999999999,105.0,56.0,4.875771733782853,162.0,243.42,161,49.0,21.0,0.3,162.0,3.0
07:40:30,162.0,88.0,239.8,15.0,161.0,8.0,241.44,9.0,200.9,77.80000000000001,96.0,24.0,4.729394252962799,162.0,239.8,120,72.0,-41.0,0.6,162.0,
07:40:31,165.62,116.0,235.17,30.0,161.99,166.0,236.66,29.0,200.39,69.54999999999998,282.0,59.0,3.3215613798271435,165.62,235.17,341,223.0,168.0,0.65,162.0,
07:40:32,166.0,77.0,230.0,24.0,162.0,121.0,231.2,15.0,198.0,64.0,198.0,39.0,2.5779701317044985,166.0,230.0,237,159.0,-104.0,0.67,162.0,
07:40:33,166.0,47.0,184.22,23.0,162.0,77.0,214.55,20.0,175.11,18.22,124.0,43.0,11.478543897200728,166.0,184.22000000000003,167,81.0,-70.0,0.49,166.0,2.0
07:40:34,164.57,84.0,194.98,48.0,161.98,135.0,198.28,18.0,179.78,30.41,219.0,66.0,12.383740549606442,164.57,194.98,285,153.0,118.0,0.54,165.33,6.0
07:40:35,162.0,88.0,182.0,27.0,161.0,9.0,210.13,30.0,172.0,20.0,97.0,57.0,13.2277825050146,162.0,182.0,154,40.0,-131.0,0.26,162.0,1.0
07:40:36,162.0,63.0,179.59,17.0,161.0,7.0,186.1,21.0,170.79,17.590000000000003,70.0,38.0,11.102388481762569,162.0,179.59,108,32.0,-46.0,0.3,162.0,5.0
07:40:37,162.0,20.0,175.95,19.0,161.0,5.0,177.08,13.0,168.97,13.949999999999989,25.0,32.0,4.242670149796902,162.0,175.95,57,-7.0,-51.0,-0.12,162.0,
07:40:38,162.43,21.0,172.47,36.0,161.92,39.0,174.0,32.0,167.45,10.039999999999992,60.0,68.0,4.787271665570964,162.43,172.47,128,-8.0,71.0,-0.06,162.0,
07:40:39,162.43,49.0,166.76,25.0,161.98,124.0,167.89,35.0,164.59,4.329999999999984,173.0,60.0,2.90549479434749,162.43,166.76,233,113.0,105.0,0.48,165.0,1.0
07:40:40,162.0,118.0,163.05,38.0,161.0,11.0,164.94,17.0,162.53,1.0500000000000114,129.0,55.0,3.322149906307888,162.0,163.05,184,74.0,-49.0,0.4,162.0,3.0
07:40:41,162.0,36.0,163.0,16.0,161.0,4.0,164.0,4.0,162.5,1.0,40.0,20.0,2.918307728801495,162.0,163.0,60,20.0,-124.0,0.33,162.0,
07:40:42,162.0,84.0,163.0,40.0,161.0,10.0,425.75,16.0,162.5,1.0,94.0,56.0,2.1722407785472084,162.0,163.0,150,38.0,90.0,0.25,162.0,1.0
07:40:43,162.0,36.0,357.44,18.0,161.0,7.0,593.67,24.0,259.72,195.44,43.0,42.0,43.25046323451313,162.0,357.44,85,1.0,-65.0,0.01,162.0,4.0
07:40:47,166.0,24.0,387.8,40.0,162.0,48.0,487.6,40.0,276.9,221.8,72.0,80.0,48.13677679280033,166.0,387.8,152,-8.0,-21.0,-0.05,162.0,
07:40:48,166.0,13.0,371.14,28.0,164.65,34.0,429.0,21.0,268.57,205.14,47.0,49.0,45.453316490657535,166.0,371.14,96,-2.0,-56.0,-0.02,166.0,1.0
07:40:49,165.67,15.0,326.18,39.0,164.78,54.0,338.91,46.0,245.92,160.51000000000002,69.0,85.0,53.55855860644396,165.67,326.18,154,-16.0,58.0,-0.1,166.0,1.0
07:40:50,165.0,40.0,244.86,42.0,162.0,56.0,290.71,38.0,204.93,79.86000000000001,96.0,80.0,59.11488365885456,165.0,244.86,176,16.0,22.0,0.09,165.0,1.0
07:40:51,162.0,40.0,198.93,30.0,161.0,8.0,234.94,36.0,180.47,36.93000000000001,48.0,66.0,41.469525799072365,162.0,198.93,114,-18.0,-62.0,-0.16,164.4,5.0
07:40:52,162.0,45.0,178.9,29.0,161.0,9.0,180.12,43.0,170.45,16.900000000000006,54.0,72.0,42.1303823861111,162.0,178.9,126,-18.0,12.0,-0.14,164.4,
07:40:53,162.0,36.0,167.38,40.0,160.04,23.0,178.76,46.0,164.69,5.379999999999996,59.0,86.0,33.201598154305046,162.0,167.38,145,-27.0,19.0,-0.19,162.0,4.0
07:40:54,162.2,10.0,179.0,50.0,160.22,18.0,201.0,50.0,170.6,16.80000000000001,28.0,100.0,15.968597934695488,162.2,179.0,128,-72.0,-17.0,-0.56,162.0,
07:40:55,157.78,27.0,178.56,45.0,152.29,55.0,353.25,40.0,168.17,20.78,82.0,85.0,5.871361000650936,157.78,178.56,167,-3.0,39.0,-0.02,159.0,8.0
07:40:56,156.0,103.0,178.0,55.0,135.69,26.0,410.0,55.0,167.0,22.0,129.0,110.0,2.4790058491189786,156.0,178.0,239,19.0,72.0,0.08,159.0,
07:40:57,156.0,80.0,177.5,40.0,139.54,26.0,221.64,33.0,166.75,21.5,106.0,73.0,2.1651027689157085,156.0,177.5,179,33.0,-60.0,0.18,159.0,
07:40:58,156.47,75.0,176.55,55.0,145.76,68.0,192.0,44.0,166.51,20.080000000000013,143.0,99.0,1.6869588020951525,156.47,176.55,242,44.0,63.0,0.18,159.0,
07:40:59,160.65,74.0,175.38,65.0,156.51,88.0,196.64,56.0,168.02,14.72999999999999,162.0,121.0,0.7568685486704839,160.65,175.38,283,41.0,41.0,0.14,159.0,
07:41:00,162.0,90.0,172.67,75.0,160.2,75.0,175.67,75.0,167.33,10.669999999999987,165.0,150.0,0.5868304695281703,162.0,172.67,315,15.0,32.0,0.05,159.0,
07:41:01,162.0,53.0,170.33,60.0,161.0,60.0,171.67,60.0,166.17,8.330000000000013,113.0,120.0,0.7299178035688308,162.0,170.33,233,-7.0,-82.0,-0.03,162.0,3.0
07:41:02,162.0,33.0,167.18,55.0,160.92,49.0,169.18,55.0,164.59,5.180000000000007,82.0,110.0,1.2993767736753596,162.0,167.18,192,-28.0,-41.0,-0.15,162.0,
07:41:03,160.18,55.0,165.0,52.0,158.18,44.0,166.0,65.0,162.59,4.819999999999993,99.0,117.0,2.188401242909407,160.18,165.0,216,-18.0,24.0,-0.08,161.2,5.0
07:41:04,160.66,136.0,163.34,95.0,159.81,167.0,164.64,94.0,162.0,2.680000000000007,303.0,189.0,2.2747263571621392,160.66,163.34,492,114.0,168.0,0.23,161.29,7.0
07:41:05,160.81,63.0,162.33,18.0,157.87,30.0,184.26,39.0,161.57,1.5200000000000102,93.0,57.0,1.9398917495491323,160.81,162.33,150,36.0,-168.0,0.24,160.45,11.0
07:41:06,158.0,13.0,161.38,26.0,157.0,52.0,399.85,26.0,159.69,3.3799999999999955,65.0,52.0,1.7704858090280249,158.0,161.38,117,13.0,-33.0,0.11,160.45,
07:41:07,159.35,95.0,275.52,31.0,157.71,14.0,420.0,31.0,217.43,116.17,109.0,62.0,25.052955514269428,159.35,275.52,171,47.0,54.0,0.27,159.33,3.0
07:41:08,160.0,72.0,306.33,27.0,158.0,9.0,415.43,35.0,233.17,146.32999999999998,81.0,62.0,35.61921840804418,160.0,306.33,143,19.0,-28.0,0.13,159.33,
07:41:09,160.0,72.0,246.0,18.0,158.0,9.0,311.67,18.0,203.0,86.0,81.0,36.0,33.12254096532977,160.0,246.0,117,45.0,-26.0,0.38,159.33,
07:41:10,160.0,66.0,209.42,24.0,158.0,9.0,335.45,29.0,184.71,49.41999999999999,75.0,53.0,28.596039935626493,160.0,209.42,128,22.0,11.0,0.17,160.0,3.0
07:41:11,160.0,31.0,244.0,18.0,158.0,9.0,366.0,42.0,202.0,84.0,40.0,60.0,18.20617120648763,160.0,244.0,100,-20.0,-28.0,-0.2,160.0,2.0
07:41:12,160.9,10.0,241.68,31.0,159.22,23.0,326.45,22.0,201.29,80.78,33.0,53.0,17.548926747808302,160.9,241.68,86,-20.0,-14.0,-0.23,160.0,5.0
07:41:13,157.0,7.0,240.0,35.0,156.0,30.0,243.0,14.0,198.5,83.0,37.0,49.0,7.560558841775317,157.0,240.0,86,-12.0,0.0,-0.14,160.0,
07:41:14,157.0,11.0,238.12,34.0,156.0,64.0,239.81,43.0,197.56,81.12,75.0,77.0,7.0148962928861405,157.0,238.12,152,-2.0,66.0,-0.01,160.0,
07:41:15,157.0,11.0,235.64,55.0,156.0,60.0,239.0,22.0,196.32,78.63999999999999,71.0,77.0,2.4320937481820177,157.0,235.64,148,-6.0,-4.0,-0.04,160.0,
07:41:16,156.23,26.0,234.3,50.0,152.36,47.0,239.0,20.0,195.27,78.07000000000002,73.0,70.0,2.308586147395636,156.23,234.3,143,3.0,-5.0,0.02,156.5,2.0
07:41:17,156.09,46.0,205.17,54.0,155.25,40.0,210.7,30.0,180.63,49.079999999999984,86.0,84.0,7.383835724063076,156.09,205.17,170,2.0,27.0,0.01,156.0,4.0
07:41:18,159.6,10.0,164.19,32.0,155.27,22.0,185.12,34.0,161.89,4.590000000000003,32.0,66.0,15.294117496604882,159.6,164.19,98,-34.0,-72.0,-0.35,163.2,5.0
07:41:19,156.0,9.0,290.16,38.0,155.0,27.0,341.2,30.0,223.08,134.16000000000005,36.0,68.0,22.52571574889357,156.0,290.16,104,-32.0,6.0,-0.31,163.2,
07:41:20,166.0,49.0,331.43,28.0,156.0,7.0,335.0,28.0,248.71,165.43,56.0,56.0,34.41270521188278,166.0,331.43,112,0.0,8.0,0.0,163.2,
07:41:21,166.0,29.0,294.76,25.0,156.0,7.0,366.56,16.0,230.38,128.76,36.0,41.0,36.25060233982242,166.0,294.76,77,-5.0,-35.0,-0.06,166.0,4.0
07:41:22,166.0,24.0,231.5,32.0,156.0,8.0,256.0,20.0,198.75,65.5,32.0,52.0,33.515706318082216,166.0,231.5,84,-20.0,7.0,-0.24,166.0,
07:41:23,166.0,42.0,229.0,58.0,156.9,20.0,230.29,56.0,197.5,63.0,62.0,114.0,21.787657744694137,166.0,229.0,176,-52.0,92.0,-0.3,166.0,
07:41:24,166.0,12.0,226.56,18.0,158.0,12.0,227.44,18.0,196.28,60.56,24.0,36.0,23.934151959071663,166.0,226.56,60,-12.0,-116.0,-0.2,166.0,
07:41:25,162.8,20.0,220.46,46.0,157.0,16.0,223.04,47.0,191.63,57.66,36.0,93.0,15.591422962640122,162.8,220.46,129,-57.0,69.0,-0.44,162.8,5.0
07:41:26,166.0,51.0,196.75,71.0,159.75,73.0,203.06,49.0,181.37,30.75,124.0,120.0,7.091341904036805,166.0,196.75,244,4.0,115.0,0.02,162.8,
07:41:27,166.0,19.0,192.0,35.0,160.0,56.0,196.0,7.0,179.0,26.0,75.0,42.0,8.518516889691009,166.0,192.0,117,33.0,-127.0,0.28,166.0,1.0
07:41:28,160.22,54.0,192.0,40.0,158.25,64.0,207.29,17.0,176.11,31.78,118.0,57.0,8.650576281378818,160.22,192.0,175,61.0,58.0,0.35,162.0,6.0
07:41:29,161.64,44.0,186.7,37.0,159.62,45.0,191.88,51.0,174.17,25.06,89.0,88.0,6.823033049894807,161.64,186.7,177,1.0,2.0,0.01,162.0,
07:41:30,162.0,48.0,189.47,38.0,160.0,44.0,191.33,45.0,175.74,27.47,92.0,83.0,2.8765899951086187,162.0,189.47,175,9.0,-2.0,0.05,162.0,
07:41:31,162.0,18.0,188.02,41.0,160.0,36.0,189.38,32.0,175.01,26.02000000000001,54.0,73.0,1.8308823009576167,162.0,188.02,127,-19.0,-48.0,-0.15,162.0,3.0
07:41:32,162.0,7.0,187.0,35.0,161.0,21.0,189.0,28.0,174.5,25.0,28.0,63.0,0.8158615078311089,162.0,187.0,91,-35.0,-36.0,-0.38,162.0,
07:41:33,162.0,14.0,183.73,59.0,161.0,42.0,184.97,61.0,172.86,21.72999999999999,56.0,120.0,1.0708081060399677,162.0,183.73,176,-64.0,85.0,-0.36,162.0,
07:41:34,161.04,23.0,180.68,57.0,160.06,47.0,182.29,51.0,170.86,19.64000000000001,70.0,108.0,1.952224372340784,161.04,180.68,178,-38.0,2.0,-0.21,161.5,2.0
07:41:35,161.0,18.0,178.57,35.0,160.0,36.0,180.17,41.0,169.79,17.569999999999993,54.0,76.0,2.2588337698826484,161.0,178.57,130,-22.0,-48.0,-0.17,161.5,
07:41:36,160.37,49.0,176.02,62.0,159.75,16.0,177.17,48.0,168.19,15.650000000000006,65.0,110.0,2.4900502002898013,160.37,176.02,175,-45.0,45.0,-0.26,161.6,5.0
07:41:37,160.0,44.0,172.39,54.0,159.0,11.0,173.65,49.0,166.19,12.389999999999986,55.0,103.0,2.5428861555257387,160.0,172.39,158,-48.0,-17.0,-0.3,161.6,
07:41:38,160.51,53.0,168.08,65.0,159.52,23.0,169.14,66.0,164.29,7.570000000000022,76.0,131.0,2.663058392143458,160.51,168.08,207,-55.0,49.0,-0.27,161.6,
07:41:39,162.7,40.0,165.49,51.0,159.68,57.0,166.53,59.0,164.1,2.7900000000000205,97.0,110.0,2.470813631168212,162.7,165.49,207,-13.0,0.0,-0.06,163.25,4.0
07:41:40,160.0,48.0,162.97,40.0,158.0,108.0,165.11,56.0,161.49,2.969999999999999,156.0,96.0,2.50583718544678,160.0,162.97,252,60.0,45.0,0.24,163.25,
07:41:41,158.33,97.0,161.64,42.0,156.75,131.0,162.64,42.0,159.99,3.309999999999974,228.0,84.0,2.4579300234077013,158.33,161.64,312,144.0,60.0,0.46,160.0,4.0
07:41:42,158.0,72.0,160.7,30.0,156.0,45.0,163.07,28.0,159.35,2.6999999999999886,117.0,58.0,2.28337031599562,158.0,160.7,175,59.0,-137.0,0.34,160.0,
07:41:43,157.54,70.0,159.83,54.0,145.27,90.0,181.91,34.0,158.69,2.2900000000000205,160.0,88.0,2.153364808844692,157.54,159.83000000000004,248,72.0,73.0,0.29,158.0,9.0
07:41:44,156.0,59.0,158.1,30.0,90.2,70.0,426.6,10.0,157.05,2.0999999999999943,129.0,40.0,1.636178474363873,156.0,158.1,169,89.0,-79.0,0.53,156.0,3.0
07:41:45,156.0,26.0,273.69,16.0,121.92,52.0,543.54,13.0,214.84,117.69,78.0,29.0,25.099131060655548,156.0,273.69,107,49.0,-62.0,0.46,156.0,3.0
07:41:46,156.0,20.0,266.2,30.0,127.8,25.0,267.33,18.0,211.1,110.2,45.0,48.0,29.95022754504474,156.0,266.2,93,-3.0,-14.0,-0.03,156.0,
07:41:47,157.64,22.0,251.15,41.0,136.15,26.0,255.91,43.0,204.39,93.51000000000002,48.0,84.0,28.86276719235268,157.64,251.15,132,-36.0,39.0,-0.27,156.0,
07:41:48,165.0,13.0,187.64,42.0,160.29,14.0,211.9,39.0,176.32,22.639999999999983,27.0,81.0,25.023062362547627,165.0,187.64,108,-54.0,-24.0,-0.5,156.0,
07:41:49,165.0,16.0,183.77,52.0,161.0,16.0,184.73,60.0,174.38,18.77000000000001,32.0,112.0,19.415601458619445,165.0,183.77,144,-80.0,36.0,-0.56,156.0,
07:41:50,165.0,9.0,180.78,27.0,161.0,9.0,181.9,30.0,172.89,15.78,18.0,57.0,18.386895605293244,165.0,180.78,75,-39.0,-69.0,-0.52,156.0,
07:41:51,163.43,23.0,178.0,42.0,161.75,32.0,180.0,42.0,170.72,14.569999999999991,55.0,84.0,13.931362101386876,163.43,178.0,139,-29.0,64.0,-0.21,165.0,1.0
07:41:52,162.0,56.0,176.65,46.0,161.0,14.0,178.79,43.0,169.33,14.650000000000006,70.0,89.0,2.794471327454341,162.0,176.65,159,-19.0,20.0,-0.12,165.0,
07:41:53,162.0,44.0,171.68,40.0,161.0,11.0,172.82,33.0,166.84,9.680000000000009,55.0,73.0,2.959234698358004,162.0,171.68,128,-18.0,-31.0,-0.14,165.0,
07:41:54,162.78,18.0,170.9,31.0,161.97,29.0,171.84,25.0,166.84,8.120000000000005,47.0,56.0,2.598351400401272,162.78,170.9,103,-9.0,-25.0,-0.09,165.0,
07:41:55,162.43,14.0,168.91,33.0,161.6,20.0,170.71,42.0,165.67,6.47999999999999,34.0,75.0,2.074572245058833,162.43,168.91,109,-41.0,6.0,-0.38,162.4,5.0
07:41:56,162.0,10.0,166.6,30.0,161.0,10.0,167.8,30.0,164.3,4.599999999999994,20.0,60.0,1.8522229887271755,162.0,166.6,80,-40.0,-29.0,-0.5,162.4,
07:41:57,160.56,18.0,164.14,44.0,159.11,53.0,165.14,37.0,162.35,3.579999999999984,71.0,81.0,1.9060823696709717,160.56,164.14,152,-10.0,72.0,-0.07,160.25,4.0
07:41:58,159.15,53.0,162.44,36.0,157.96,47.0,163.92,39.0,160.8,3.289999999999992,100.0,75.0,2.4447228881759537,159.15,162.44,175,25.0,23.0,0.14,160.0,2.0
07:41:59,159.0,27.0,162.04,26.0,158.0,36.0,164.67,27.0,160.52,3.039999999999992,63.0,53.0,2.2283334579843066,159.0,162.04,116,10.0,-59.0,0.09,160.0,
07:42:00,158.71,38.0,160.45,22.0,157.8,60.0,162.55,33.0,159.58,1.739999999999981,98.0,55.0,1.8505944990659664,158.71,160.45,153,43.0,37.0,0.28,158.75,4.0
07:42:01,160.27,74.0,164.09,33.0,123.98,57.0,201.52,31.0,162.18,3.819999999999993,131.0,64.0,1.1688370288340122,160.27,164.09,195,67.0,42.0,0.34,160.29,14.0
07:42:02,162.0,32.0,163.0,16.0,156.0,32.0,261.92,12.0,162.5,1.0,64.0,28.0,1.210570113613211,162.0,163.0,92,36.0,-103.0,0.39,160.29,
