Time,Bid1_Price,Bid1_Volume,Ask1_Price,Ask1_Volume,Bid2_Price,Bid2_Volume,Ask2_Price,Ask2_Volume,Mid-Price,Bid_Ask_Spread,Market_Depth_Bid,Market_Depth_Ask,Historical_Volatility,Weighted_Avg_Bid_Price,Weighted_Avg_Ask_Price,Total_volume,Cumulative_Volume_Difference,Total_Volume_Change_Corrected,Order_imbalance,Weighted_Avg_Price,Trade_Volume
07:30:03,328.0,8.0,359.4,5.0,296.25,28.0,362.0,10.0,343.7,31.399999999999977,36.0,15.0,,328.0,359.4,51,21.0,-12.0,0.41,,
07:30:04,328.0,2.0,358.0,1.0,303.0,7.0,360.0,2.0,343.0,30.0,9.0,3.0,45.98008264455383,328.0,358.0,12,6.0,-39.0,0.5,,
07:30:05,328.0,4.0,357.0,2.0,303.0,14.0,360.0,4.0,342.5,29.0,18.0,6.0,8.810391591751163,328.0,357.0,24,12.0,12.0,0.5,,
07:30:06,328.0,4.0,356.0,2.0,303.0,14.0,360.0,4.0,342.0,28.0,18.0,6.0,7.093870593688594,328.0,356.0,24,12.0,0.0,0.5,,
07:30:07,328.0,4.0,356.0,2.0,303.0,14.0,360.0,4.0,342.0,28.0,18.0,6.0,0.7231873892705476,328.0,356.0,24,12.0,0.0,0.5,,
07:30:08,328.0,2.0,360.0,2.0,303.0,7.0,361.0,1.0,344.0,32.0,9.0,3.0,0.83666002653405,328.0,360.0,12,6.0,-12.0,0.5,356.0,1.0
07:30:09,328.75,16.0,359.0,8.0,308.56,18.0,360.0,8.0,343.88,30.25,34.0,16.0,0.9934183408816052,328.75,359.0,50,18.0,38.0,0.36,356.0,
07:30:10,329.0,42.0,372.0,10.0,328.0,14.0,400.67,9.0,350.5,43.0,56.0,19.0,3.5046939952012948,329.0,372.0,75,37.0,25.0,0.49,362.11,9.0
07:30:11,371.37,76.0,390.0,32.0,346.0,14.0,451.0,24.0,380.68,18.629999999999995,90.0,56.0,16.236548894392534,371.37,390.0,146,34.0,71.0,0.23,362.11,
07:30:12,375.0,60.0,387.2,20.0,369.0,6.0,426.6,20.0,381.1,12.199999999999989,66.0,40.0,19.228700424105604,375.0,387.2,106,26.0,-40.0,0.25,362.11,
07:30:13,375.0,56.0,382.64,22.0,369.0,7.0,411.58,24.0,378.82,7.639999999999986,63.0,46.0,18.251363784659983,375.0,382.64,109,17.0,3.0,0.16,375.0,2.0
07:30:14,375.0,27.0,389.0,16.0,369.0,4.0,414.0,12.0,382.0,14.0,31.0,28.0,13.533225779539684,375.0,389.0,59,3.0,-50.0,0.05,375.0,3.0
07:30:15,375.0,25.0,389.0,20.0,370.14,7.0,414.0,15.0,382.0,14.0,32.0,35.0,1.3069812546466062,375.0,389.0,67,-3.0,8.0,-0.04,375.0,
07:30:16,375.0,25.0,388.89,18.0,372.8,10.0,407.75,16.0,381.94,13.889999999999986,35.0,34.0,1.3691311113248563,375.0,388.89,69,1.0,2.0,0.01,375.0,
07:30:17,375.0,30.0,387.71,14.0,374.0,12.0,388.91,22.0,381.36,12.70999999999998,42.0,36.0,1.3706494810846592,375.0,387.71,78,6.0,9.0,0.08,375.0,
07:30:18,375.0,22.0,387.0,20.0,374.0,10.0,388.0,10.0,381.0,12.0,32.0,30.0,0.4569463863493287,375.0,387.0,62,2.0,-16.0,0.03,375.0,1.0
07:30:19,375.0,28.0,386.73,22.0,374.0,14.0,387.4,20.0,380.86,11.730000000000018,42.0,42.0,0.5243281415274975,375.0,386.7300000000001,84,0.0,22.0,0.0,375.0,
07:30:20,375.0,44.0,385.82,22.0,374.0,22.0,387.0,44.0,380.41,10.819999999999991,66.0,66.0,0.5735677815198876,375.0,385.82,132,0.0,48.0,0.0,375.0,
07:30:21,375.0,44.0,384.0,22.0,373.45,44.0,387.0,44.0,379.5,9.0,88.0,66.0,0.7155277772369271,375.0,384.0,154,22.0,22.0,0.14,375.0,
07:30:22,375.0,20.0,384.0,10.0,374.0,30.0,391.2,20.0,379.5,9.0,50.0,30.0,0.7219972299099279,375.0,384.0,80,20.0,-74.0,0.25,375.0,
07:30:23,375.0,48.0,384.0,24.0,374.0,72.0,394.0,48.0,379.5,9.0,120.0,72.0,0.6417008648876932,375.0,384.0,192,48.0,112.0,0.25,375.0,
07:30:24,375.0,52.0,383.54,26.0,374.0,78.0,393.69,52.0,379.27,8.54000000000002,130.0,78.0,0.4439932431891523,375.0,383.54,208,52.0,16.0,0.25,375.0,
07:30:25,375.0,56.0,382.17,48.0,374.0,84.0,387.0,36.0,378.58,7.170000000000016,140.0,84.0,0.3983716857378512,375.0,382.17,224,56.0,16.0,0.25,375.0,
07:30:26,375.0,56.0,377.5,52.0,374.0,84.0,380.5,32.0,376.25,2.5,140.0,84.0,1.3774795824249464,375.0,377.5,224,56.0,0.0,0.25,375.0,
07:30:27,374.0,60.0,380.0,20.0,370.65,17.0,393.86,56.0,377.0,6.0,77.0,76.0,1.4308913306039688,374.0,380.0,153,1.0,-71.0,0.01,375.0,4.0
07:30:28,374.0,81.0,391.67,72.0,369.86,70.0,395.69,64.0,382.83,17.670000000000016,151.0,136.0,2.561821617520934,374.0,391.67,287,15.0,134.0,0.05,374.0,5.0
07:30:29,371.0,32.0,390.18,44.0,369.96,83.0,391.91,46.0,380.59,19.180000000000007,115.0,90.0,2.6890239865046848,371.0,390.18000000000006,205,25.0,-82.0,0.12,371.33,3.0
07:30:30,370.0,96.0,388.14,57.0,369.0,18.0,389.27,33.0,379.07,18.139999999999983,114.0,90.0,2.676512656423941,370.0,388.14,204,24.0,-1.0,0.12,371.33,
07:30:31,370.0,142.0,386.25,64.0,369.0,60.0,387.7,80.0,378.12,16.25,202.0,144.0,2.270125547188418,370.0,386.25,346,58.0,142.0,0.17,370.0,3.0
07:30:32,370.0,60.0,385.51,45.0,369.0,36.0,386.2,30.0,377.76,15.509999999999993,96.0,75.0,2.07620567381883,370.0,385.51,171,21.0,-175.0,0.12,370.0,
07:30:33,375.0,15.0,383.2,55.0,370.0,75.0,384.4,50.0,379.1,8.199999999999989,90.0,105.0,1.098758390183028,375.0,383.2,195,-15.0,24.0,-0.08,370.0,
07:30:34,373.44,16.0,381.75,48.0,369.95,58.0,384.0,36.0,377.59,8.310000000000002,74.0,84.0,0.7171262092530821,373.44,381.75,158,-10.0,-37.0,-0.06,375.0,1.0
07:30:35,369.84,19.0,380.0,28.0,368.14,21.0,389.52,29.0,374.92,10.160000000000023,40.0,57.0,1.555352050179558,369.84,380.0,97,-17.0,-61.0,-0.18,369.71,7.0
07:30:36,369.0,13.0,378.23,60.0,367.0,39.0,382.28,57.0,373.62,9.230000000000018,52.0,117.0,2.251581666295473,369.0,378.2300000000001,169,-65.0,72.0,-0.38,369.71,
07:30:37,369.0,13.0,375.78,58.0,367.0,39.0,376.81,59.0,372.39,6.779999999999973,52.0,117.0,2.7779542832808084,369.0,375.78,169,-65.0,0.0,-0.38,369.71,
07:30:38,367.55,40.0,374.05,74.0,366.26,38.0,375.08,61.0,370.8,6.5,78.0,135.0,2.5796569539375813,367.55,374.05,213,-57.0,44.0,-0.27,368.0,2.0
07:30:39,368.0,22.0,372.9,50.0,367.0,33.0,373.98,49.0,370.45,4.899999999999977,55.0,99.0,1.8838073149871024,368.0,372.9,154,-44.0,-59.0,-0.29,368.0,
07:30:40,367.07,29.0,371.32,44.0,365.29,21.0,372.42,48.0,369.19,4.25,50.0,92.0,1.7316610522845246,367.0700000000001,371.32,142,-42.0,-12.0,-0.3,368.0,2.0
07:30:41,367.0,36.0,369.5,60.0,365.0,24.0,371.0,60.0,368.25,2.5,60.0,120.0,1.584291639818673,367.0,369.5,180,-60.0,38.0,-0.33,368.0,
07:30:42,366.68,25.0,368.18,55.0,353.62,58.0,371.0,55.0,367.43,1.5,83.0,110.0,1.427858536410204,366.68,368.18,193,-27.0,13.0,-0.14,366.5,4.0
07:30:43,350.24,123.0,364.52,56.0,342.66,76.0,368.69,55.0,357.38,14.279999999999973,199.0,111.0,5.242432641436578,350.24,364.52,310,88.0,117.0,0.28,365.0,1.0
07:30:44,350.0,121.0,358.57,37.0,337.0,22.0,361.58,43.0,354.28,8.569999999999993,143.0,80.0,6.940067002558393,350.0,358.57,223,63.0,-87.0,0.28,365.0,
07:30:45,350.0,143.0,357.0,62.0,343.79,53.0,358.0,52.0,353.5,7.0,196.0,114.0,7.158196001787026,350.0,357.0,310,82.0,87.0,0.26,365.0,
07:30:46,350.0,154.0,356.79,78.0,337.0,26.0,357.88,50.0,353.4,6.7900000000000205,180.0,128.0,5.944360352468546,350.0,356.79,308,52.0,-2.0,0.17,365.0,
07:30:47,350.0,121.0,355.0,72.0,341.48,91.0,357.0,22.0,352.5,5.0,212.0,94.0,1.8800319146227829,350.0,355.0,306,118.0,-2.0,0.39,365.0,
07:30:48,352.83,29.0,355.0,111.0,350.98,57.0,357.0,28.0,353.91,2.170000000000016,86.0,139.0,0.6679970059815432,352.83,355.0,225,-53.0,-81.0,-0.24,355.0,1.0
07:30:49,354.77,47.0,355.87,60.0,350.45,47.0,358.67,57.0,355.32,1.1000000000000227,94.0,117.0,1.0289703591456285,354.77,355.87,211,-23.0,-14.0,-0.11,355.44,9.0
07:30:50,356.22,27.0,358.94,99.0,348.66,35.0,359.88,68.0,357.58,2.7199999999999704,62.0,167.0,1.9816710120502092,356.22,358.94,229,-105.0,18.0,-0.46,357.0,1.0
07:30:51,344.0,15.0,358.94,99.0,340.04,25.0,359.88,68.0,351.47,14.939999999999998,40.0,167.0,2.4029211389473657,344.0,358.94,207,-127.0,-22.0,-0.61,357.0,3.0
07:30:52,341.0,10.0,359.0,80.0,340.0,20.0,360.0,50.0,350.0,18.0,30.0,130.0,3.015630945590022,341.0,359.0,160,-100.0,-47.0,-0.62,357.0,
07:30:53,341.89,38.0,368.0,20.0,340.11,18.0,371.0,30.0,354.95,26.110000000000014,56.0,50.0,3.0728537225192016,341.89,368.0,106,6.0,-54.0,0.06,359.38,13.0
07:30:54,342.29,85.0,369.7,37.0,340.64,28.0,371.37,38.0,356.0,27.409999999999968,113.0,75.0,3.167009630550573,342.29,369.7,188,38.0,82.0,0.2,368.0,2.0
07:30:55,366.31,145.0,371.0,39.0,342.45,74.0,372.0,26.0,368.66,4.689999999999998,219.0,65.0,7.376749284068128,366.31,371.0,284,154.0,96.0,0.54,368.0,
07:30:56,369.0,143.0,371.0,33.0,356.9,60.0,372.0,22.0,370.0,2.0,203.0,55.0,8.89476924939588,369.0,371.0,258,148.0,-26.0,0.57,368.0,
07:30:57,369.0,130.0,372.44,25.0,368.0,50.0,384.78,27.0,370.72,3.4399999999999977,180.0,52.0,7.88597996446842,369.0,372.44,232,128.0,-26.0,0.55,371.0,1.0
07:30:58,369.0,130.0,370.25,32.0,368.0,50.0,372.65,40.0,369.62,1.25,180.0,72.0,6.193916370116418,369.0,370.25,252,108.0,20.0,0.43,371.0,
07:30:59,369.0,78.0,371.4,40.0,368.0,55.0,374.75,51.0,370.2,2.3999999999999773,133.0,91.0,0.7698051701533863,369.0,371.4,224,42.0,-28.0,0.19,369.0,7.0
07:31:00,369.0,84.0,371.0,28.0,368.0,70.0,372.07,56.0,370.0,2.0,154.0,84.0,0.4013975585311569,369.0,371.0,238,70.0,14.0,0.29,369.0,
07:31:01,369.0,50.0,370.0,55.0,368.0,55.0,371.0,22.0,369.5,1.0,105.0,77.0,0.4879754092111748,369.0,370.0,182,28.0,-56.0,0.15,369.0,2.0
07:31:02,366.72,95.0,369.74,95.0,360.31,128.0,374.26,86.0,368.23,3.019999999999982,223.0,181.0,0.7692203845419999,366.72,369.74,404,42.0,177.5,0.1,368.5,10.0
07:31:03,365.0,60.0,369.0,52.0,350.0,104.0,376.0,65.0,367.0,4.0,164.0,117.0,1.3492516444292657,365.0,369.0,281,47.0,-123.0,0.17,365.0,4.0
07:31:04,365.56,54.0,367.82,34.0,355.0,72.0,376.0,60.0,366.69,2.259999999999991,126.0,94.0,1.4676273368928716,365.56,367.82,220,32.0,-61.0,0.15,368.0,2.0
07:31:05,365.33,39.0,375.51,37.0,354.89,76.0,380.68,25.0,370.42,10.180000000000009,115.0,62.0,1.5967372983666588,365.33,375.51,177,53.0,-43.0,0.3,365.62,8.0
07:31:06,365.0,11.0,380.45,33.0,353.0,88.0,382.0,11.0,372.73,15.449999999999989,99.0,44.0,2.5425046705945484,365.0,380.45,143,55.0,-34.0,0.38,365.62,
07:31:07,365.0,9.0,379.44,27.0,353.0,72.0,382.0,9.0,372.22,14.439999999999998,81.0,36.0,2.843285071883382,365.0,379.44,117,45.0,-26.0,0.38,365.62,
07:31:08,365.0,8.0,379.0,24.0,353.0,64.0,382.0,8.0,372.0,14.0,72.0,32.0,2.4605426230802383,365.0,379.0,104,40.0,-13.0,0.38,365.62,
07:31:09,365.0,11.0,377.48,23.0,353.0,88.0,379.95,22.0,371.24,12.480000000000018,99.0,45.0,0.9040022123835172,365.0,377.48,144,54.0,40.0,0.38,365.62,
07:31:10,365.0,12.0,370.6,30.0,353.0,96.0,375.5,18.0,367.8,5.600000000000023,108.0,48.0,1.9737578372217832,365.0,370.6,156,60.0,12.0,0.38,365.62,
07:31:11,353.7,43.0,368.45,60.0,348.58,71.0,376.6,20.0,361.07,14.75,114.0,80.0,4.706939557716348,353.7,368.45,194,34.0,38.0,0.18,365.0,1.0
07:31:12,354.0,14.0,366.69,32.0,349.0,98.0,369.88,24.0,360.34,12.689999999999998,112.0,56.0,5.519003533247256,354.0,366.69,168,56.0,-26.0,0.33,365.0,
07:31:13,354.0,16.0,363.0,48.0,349.0,124.0,371.89,19.0,358.5,9.0,140.0,67.0,5.451320940835956,354.0,363.0,207,73.0,39.0,0.35,365.0,
07:31:14,355.24,17.0,361.29,51.0,349.29,76.0,371.55,47.0,358.26,6.050000000000011,93.0,98.0,3.8810410974373215,355.24,361.29,191,-5.0,-16.0,-0.03,365.0,
07:31:15,356.41,17.0,360.33,45.0,348.77,114.0,368.41,17.0,358.37,3.919999999999959,131.0,62.0,1.303905671434093,356.41,360.33,193,69.0,2.0,0.36,360.0,1.0
07:31:16,348.13,71.0,359.45,22.0,347.26,27.0,366.91,11.0,353.79,11.319999999999991,98.0,33.0,2.4261430295838498,348.13,359.45,131,65.0,-62.0,0.5,357.0,1.0
07:31:17,348.0,70.0,357.1,20.0,346.09,44.0,361.19,42.0,352.55,9.100000000000025,114.0,62.0,2.886560236682876,348.0,357.1,176,52.0,45.0,0.3,357.0,
07:31:18,348.19,43.0,357.0,18.0,347.06,53.0,365.0,9.0,352.59,8.810000000000002,96.0,27.0,2.966331067160071,348.19,357.0,123,69.0,-53.0,0.56,357.0,
07:31:19,349.91,22.0,360.73,15.0,348.0,77.0,367.62,32.0,355.32,10.819999999999991,99.0,47.0,2.4290491967021053,349.91,360.7300000000001,146,52.0,23.0,0.36,357.0,2.0
07:31:20,350.95,79.0,366.29,17.0,349.36,44.0,369.62,26.0,358.62,15.340000000000032,123.0,43.0,2.528543058759159,350.95,366.29,166,80.0,20.0,0.48,364.5,2.0
07:31:21,358.81,43.0,392.16,67.0,354.19,48.0,537.26,54.0,375.49,33.35000000000002,91.0,121.0,9.595057581901123,358.81,392.16,212,-30.0,46.0,-0.14,368.67,3.0
07:31:22,368.29,17.0,377.47,51.0,367.0,60.0,438.43,56.0,372.88,9.180000000000009,77.0,107.0,10.4898450894185,368.29,377.47,184,-30.0,-28.0,-0.16,368.0,1.0
07:31:23,367.44,27.0,370.31,52.0,366.36,44.0,426.38,34.0,368.88,2.8700000000000045,71.0,86.0,8.859069928609697,367.44,370.31,157,-15.0,-27.0,-0.1,367.67,3.0
07:31:24,366.3,23.0,368.33,18.0,360.43,42.0,371.71,24.0,367.32,2.0299999999999727,65.0,42.0,6.463367543316427,366.3,368.33,107,23.0,-50.0,0.21,367.0,3.0
07:31:25,365.6,40.0,373.47,17.0,359.67,72.0,499.09,33.0,369.54,7.870000000000003,112.0,50.0,3.305468196790852,365.6,373.47,162,62.0,55.0,0.38,366.0,2.0
07:31:26,366.0,102.0,380.42,19.0,365.0,34.0,441.0,21.0,373.21,14.420000000000016,136.0,40.0,2.577650092622309,366.0,380.42,176,96.0,14.0,0.55,366.0,
07:31:27,366.08,26.0,378.67,9.0,365.6,20.0,535.75,12.0,372.37,12.590000000000032,46.0,21.0,2.460737694268897,366.08,378.67,67,25.0,-109.0,0.37,366.0,
07:31:28,366.47,45.0,377.44,16.0,363.36,110.0,379.38,16.0,371.95,10.96999999999997,155.0,32.0,2.4115907613017,366.47,377.44,187,123.0,120.0,0.66,366.71,7.0
07:31:29,365.0,10.0,375.0,16.0,363.0,150.0,379.8,10.0,370.0,10.0,160.0,26.0,1.576239195044853,365.0,375.0,186,134.0,-1.0,0.72,366.71,
07:31:30,365.0,5.0,373.86,14.0,363.0,75.0,374.27,11.0,369.43,8.860000000000014,80.0,25.0,1.6093539076274268,365.0,373.86,105,55.0,-81.0,0.52,365.0,1.0
07:31:31,367.82,228.0,371.83,18.0,363.34,104.0,373.42,55.0,369.82,4.009999999999991,332.0,73.0,1.344220963977194,367.82,371.83,405,259.0,177.5,0.64,369.0,4.0
07:31:32,369.0,91.0,370.0,7.0,364.0,56.0,371.0,35.0,369.5,1.0,147.0,42.0,1.038243709345667,369.0,370.0,189,105.0,-178.5,0.56,369.0,
07:31:33,369.0,156.0,370.98,45.0,364.0,96.0,377.88,16.0,369.99,1.9800000000000184,252.0,61.0,0.2692025259835147,369.0,370.9800000000001,313,191.0,124.0,0.61,370.5,2.0
07:31:34,369.0,117.0,370.67,36.0,364.39,62.0,381.0,9.0,369.83,1.670000000000016,179.0,45.0,0.2383904360411877,369.0,370.67,224,134.0,-89.0,0.6,370.5,
07:31:35,369.34,61.0,378.1,10.0,368.69,39.0,502.26,19.0,373.72,8.760000000000048,100.0,29.0,1.7687481448741715,369.34,378.1,129,71.0,-95.0,0.55,369.0,4.0
07:31:36,370.0,56.0,376.5,18.0,369.0,72.0,406.11,18.0,373.25,6.5,128.0,36.0,2.0473812541868397,370.0,376.5,164,92.0,35.0,0.56,369.0,
07:31:37,371.0,21.0,375.87,23.0,369.73,67.0,386.76,17.0,373.43,4.8700000000000045,88.0,40.0,1.95608793258266,371.0,375.87,128,48.0,-36.0,0.38,369.0,
07:31:38,373.0,37.0,385.0,16.0,370.0,99.0,388.0,80.0,379.0,12.0,136.0,96.0,3.2877089287214964,373.0,385.0,232,40.0,104.0,0.17,369.0,
07:31:39,373.0,112.0,385.0,14.0,370.0,28.0,388.0,70.0,379.0,12.0,140.0,84.0,3.035366534702933,373.0,385.0,224,56.0,-8.0,0.25,369.0,
07:31:40,372.4,80.0,385.0,17.0,369.2,90.0,388.0,85.0,378.7,12.600000000000025,170.0,102.0,3.048463547427497,372.4,385.0,272,68.0,48.0,0.25,373.0,8.0
07:31:41,370.0,13.0,385.0,8.0,369.0,72.0,388.0,40.0,377.5,15.0,85.0,48.0,2.37178835480614,370.0,385.0,133,37.0,-139.0,0.28,370.0,1.0
07:31:42,370.0,4.0,385.0,4.0,369.0,36.0,388.0,20.0,377.5,15.0,40.0,24.0,0.7765307463286709,370.0,385.0,64,16.0,-69.0,0.25,370.0,
07:31:43,369.2,30.0,385.0,10.0,368.82,66.0,388.0,50.0,377.1,15.800000000000011,96.0,60.0,0.835463942964561,369.2,385.0,156,36.0,92.0,0.23,369.25,4.0
07:31:44,374.42,31.0,388.0,40.0,368.88,24.0,500.95,22.0,381.21,13.579999999999984,55.0,62.0,1.6804820736900912,374.42,388.0,117,-7.0,-39.0,-0.06,369.0,3.0
07:31:45,375.0,44.0,388.0,55.0,369.0,33.0,497.27,41.0,381.5,13.0,77.0,96.0,2.192993388041474,375.0,388.0,173,-19.0,56.0,-0.11,369.0,
07:31:46,375.0,68.0,385.92,65.0,368.65,51.0,408.54,71.0,380.46,10.920000000000016,119.0,136.0,2.097088457837075,375.0,385.92,255,-17.0,82.0,-0.07,369.0,
07:31:47,375.0,36.0,385.55,33.0,371.59,51.0,386.67,45.0,380.27,10.550000000000011,87.0,78.0,1.7571482578295323,375.0,385.55,165,9.0,-90.0,0.05,369.0,
07:31:48,375.0,40.0,386.4,50.0,373.0,110.0,387.8,50.0,380.7,11.399999999999975,150.0,100.0,0.5149465991666446,375.0,386.4,250,50.0,85.0,0.2,369.0,
07:31:49,375.0,16.0,385.75,20.0,373.0,44.0,389.0,20.0,380.38,10.75,60.0,40.0,0.4943885111866142,375.0,385.75,100,20.0,-150.0,0.2,369.0,
07:31:50,375.0,26.0,382.0,40.0,373.0,88.0,393.0,40.0,378.5,7.0,114.0,80.0,0.8873668914227969,375.0,382.0,194,34.0,94.0,0.18,375.0,1.0
07:31:51,373.17,105.0,381.93,54.0,371.61,69.0,392.0,55.0,377.55,8.759999999999991,174.0,109.0,1.3791120331551685,373.17,381.93,283,65.0,89.0,0.23,373.67,9.0
07:31:52,373.0,110.0,380.2,40.0,369.0,30.0,387.4,50.0,376.6,7.199999999999989,140.0,90.0,1.7737192562503832,373.0,380.2,230,50.0,-53.0,0.22,373.67,
07:31:53,373.0,139.0,377.64,66.0,369.0,42.0,380.75,60.0,375.32,4.639999999999986,181.0,126.0,1.9179937434709016,373.0,377.64,307,55.0,77.0,0.18,373.0,5.0
07:31:54,373.0,48.0,376.25,40.0,369.0,24.0,379.0,32.0,374.62,3.25,72.0,72.0,1.5841148948209418,373.0,376.25,144,0.0,-163.0,0.0,373.0,
07:31:55,371.56,50.0,374.11,54.0,368.57,42.0,377.67,66.0,372.84,2.550000000000012,92.0,120.0,1.8186478493632785,371.56,374.11000000000007,212,-28.0,68.0,-0.13,373.0,6.0
07:31:56,368.81,31.0,370.46,37.0,367.53,51.0,373.77,40.0,369.63,1.6499999999999773,82.0,77.0,2.6987626794503,368.81,370.46,159,5.0,-53.0,0.03,369.0,3.0
07:31:57,367.18,103.0,376.33,36.0,365.92,78.0,385.65,46.0,371.76,9.149999999999975,181.0,82.0,2.2797543727326786,367.18,376.33,263,99.0,104.0,0.38,368.0,6.0
07:31:58,368.64,143.0,388.8,100.0,367.3,103.0,516.25,40.0,378.72,20.160000000000025,246.0,140.0,3.42570868580413,368.64,388.8,386,106.0,123.0,0.27,368.0,
07:31:59,369.0,143.0,388.62,80.0,368.0,99.0,428.02,51.0,378.81,19.620000000000005,242.0,131.0,4.190915174516637,369.0,388.62,373,111.0,-13.0,0.3,368.0,
07:32:00,369.0,115.0,386.89,45.0,368.0,81.0,390.0,45.0,377.94,17.889999999999986,196.0,90.0,4.348582527674247,369.0,386.89,286,106.0,-87.0,0.37,369.0,2.0
07:32:01,369.0,99.0,385.0,45.0,368.0,81.0,390.0,45.0,377.0,16.0,180.0,90.0,2.935009369660291,369.0,385.0,270,90.0,-16.0,0.33,369.0,
07:32:02,369.93,153.0,383.18,72.0,368.0,135.0,388.87,75.0,376.55,13.25,288.0,147.0,1.0110044510256444,369.93,383.18,435,141.0,165.0,0.32,370.0,2.0
07:32:03,370.0,69.0,383.0,45.0,368.0,53.0,388.89,45.0,376.5,13.0,122.0,90.0,0.9955149421247697,370.0,383.0,212,32.0,-178.5,0.15,370.0,2.0
07:32:04,370.0,44.0,385.08,60.0,368.29,28.0,389.67,60.0,377.54,15.079999999999984,72.0,120.0,0.6268014039500022,370.0,385.08,192,-48.0,-20.0,-0.25,370.0,4.0
07:32:05,370.0,17.0,388.0,45.0,369.0,36.0,392.0,45.0,379.0,18.0,53.0,90.0,1.029378453239481,370.0,388.0,143,-37.0,-49.0,-0.26,370.0,2.0
07:32:06,370.0,10.0,387.0,10.0,369.0,40.0,390.1,50.0,378.5,17.0,50.0,60.0,1.1274395770921453,370.0,387.0,110,-10.0,-33.0,-0.09,370.0,
07:32:07,373.48,46.0,386.62,16.0,369.29,34.0,391.0,80.0,380.05,13.139999999999986,80.0,96.0,1.360926155231705,373.48,386.62,176,-16.0,66.0,-0.09,370.0,
07:32:08,374.0,40.0,385.0,10.0,370.0,10.0,394.6,50.0,379.5,11.0,50.0,60.0,0.9618315860865512,374.0,385.0,110,-10.0,-66.0,-0.09,370.0,
07:32:09,374.0,52.0,383.9,40.0,370.0,13.0,393.28,29.0,378.95,9.899999999999975,65.0,69.0,0.592663479551244,374.0,383.9,134,-4.0,24.0,-0.03,370.0,
07:32:10,374.0,36.0,381.11,27.0,370.0,9.0,382.29,24.0,377.56,7.110000000000014,45.0,51.0,0.9539234770115356,374.0,381.11000000000007,96,-6.0,-38.0,-0.06,370.0,
07:32:11,374.0,44.0,378.0,32.0,370.0,11.0,379.24,41.0,376.0,4.0,55.0,73.0,1.635533552084382,374.0,378.0,128,-18.0,32.0,-0.14,370.0,
07:32:12,371.08,63.0,376.39,72.0,367.72,50.0,380.69,42.0,373.73,5.310000000000002,113.0,114.0,2.342513607216315,371.08,376.39,227,-1.0,99.0,-0.0,372.0,7.0
07:32:13,369.0,32.0,375.38,32.0,367.0,32.0,379.0,8.0,372.19,6.379999999999996,64.0,40.0,2.752822188226742,369.0,375.38,104,24.0,-123.0,0.23,372.0,
07:32:14,369.0,59.0,371.5,36.0,367.0,72.0,373.83,58.0,370.25,2.5,131.0,94.0,2.918497901317304,369.0,371.5,225,37.0,121.0,0.16,369.0,3.0
07:32:15,369.0,8.0,370.0,32.0,367.2,20.0,384.24,34.0,369.5,1.0,28.0,66.0,2.6355132327487114,369.0,370.0,94,-38.0,-131.0,-0.4,369.0,
07:32:16,368.4,10.0,382.4,25.0,367.04,25.0,385.64,28.0,375.4,14.0,35.0,53.0,2.4327206991336943,368.4,382.4,88,-18.0,-6.0,-0.2,369.0,1.0
07:32:17,369.85,81.0,382.0,39.0,369.28,50.0,385.0,39.0,375.93,12.149999999999975,131.0,78.0,2.924676050435935,369.85,382.0,209,53.0,121.0,0.25,369.0,
07:32:18,372.0,142.0,382.0,48.0,369.24,74.0,385.0,48.0,377.0,10.0,216.0,96.0,3.473475205035092,372.0,382.0,312,120.0,103.0,0.38,369.0,
07:32:19,372.0,100.0,382.0,30.0,369.0,40.0,385.0,30.0,377.0,10.0,140.0,60.0,3.133253899701332,372.0,382.0,200,80.0,-112.0,0.4,369.0,
07:32:20,372.0,80.0,379.83,36.0,369.0,48.0,381.33,36.0,375.92,7.829999999999984,128.0,72.0,0.717425954362966,372.0,379.83,200,56.0,0.0,0.28,372.0,4.0
07:32:21,372.0,72.0,376.08,36.0,369.0,48.0,377.17,36.0,374.04,4.079999999999984,120.0,72.0,1.209388275118284,372.0,376.08,192,48.0,-8.0,0.25,372.0,
07:32:22,370.96,46.0,377.18,34.0,368.33,48.0,384.86,28.0,374.07,6.220000000000027,94.0,62.0,1.4829632497110592,370.96,377.18,156,32.0,-36.0,0.21,372.0,6.0
07:32:23,369.0,52.0,387.1,31.0,366.0,91.0,389.38,29.0,378.05,18.100000000000023,143.0,60.0,1.77525491127151,369.0,387.1,203,83.0,47.0,0.41,372.0,
07:32:24,368.75,55.0,385.77,26.0,366.23,91.0,390.0,26.0,377.26,17.019999999999982,146.0,52.0,1.8218040509323727,368.75,385.77,198,94.0,-5.0,0.47,372.0,
07:32:25,369.12,72.0,384.2,20.0,366.7,70.0,393.6,20.0,376.66,15.079999999999984,142.0,40.0,1.85680639809152,369.12,384.2,182,102.0,-16.0,0.56,370.0,4.0
07:32:26,367.95,261.0,383.27,30.0,366.87,105.0,392.53,30.0,375.61,15.319999999999991,366.0,60.0,1.545816936119413,367.95,383.2699999999999,426,306.0,177.5,0.72,368.0,2.0
07:32:27,368.05,221.0,382.0,62.0,367.12,80.0,383.0,22.0,375.02,13.949999999999989,301.0,84.0,1.223335603991653,368.05,382.0,385,217.0,-41.0,0.56,368.0,
07:32:28,369.0,132.0,381.65,37.0,368.0,120.0,382.25,40.0,375.32,12.649999999999975,252.0,77.0,0.9479873416842642,369.0,381.65,329,175.0,-56.0,0.53,368.0,
07:32:29,369.01,189.0,376.14,21.0,368.06,181.0,377.0,33.0,372.58,7.129999999999996,370.0,54.0,1.5066253681634207,369.01,376.14,424,316.0,95.0,0.75,368.0,
07:32:30,369.76,46.0,373.67,27.0,368.78,183.0,375.58,24.0,371.71,3.910000000000025,229.0,51.0,1.776504995769345,369.76,373.67,280,178.0,-144.0,0.64,369.83,6.0
07:32:31,368.73,74.0,372.85,20.0,367.9,134.0,378.33,30.0,370.79,4.1200000000000045,208.0,50.0,2.009485008651036,368.73,372.85,258,158.0,-22.0,0.61,369.0,7.0
07:32:32,368.0,40.0,382.0,8.0,367.0,28.0,386.0,16.0,375.0,14.0,68.0,24.0,2.0046820196712707,368.0,382.0,92,44.0,-166.0,0.48,369.0,
07:32:33,368.0,87.0,382.0,16.0,367.0,56.0,386.0,32.0,375.0,14.0,143.0,48.0,1.9185489308311268,368.0,382.0,191,95.0,99.0,0.5,369.0,
07:32:34,368.0,88.0,381.45,22.0,367.0,56.0,385.08,26.0,374.73,13.449999999999989,144.0,48.0,2.0338706940199787,368.0,381.45,192,96.0,1.0,0.5,369.0,
07:32:35,368.0,99.0,380.56,36.0,367.0,63.0,382.0,18.0,374.28,12.560000000000002,162.0,54.0,1.79634350835059,368.0,380.56,216,108.0,24.0,0.5,369.0,
07:32:36,368.0,99.0,378.89,36.0,367.0,63.0,386.0,52.0,373.44,10.889999999999986,162.0,88.0,0.6565820588421377,368.0,378.89,250,74.0,34.0,0.3,369.0,
07:32:37,368.0,132.0,377.92,48.0,367.0,84.0,386.0,48.0,372.96,9.920000000000016,216.0,96.0,0.8621020821186693,368.0,377.92,312,120.0,62.0,0.38,368.0,4.0
07:32:38,369.45,77.0,380.82,56.0,367.36,136.0,386.56,54.0,375.14,11.370000000000005,213.0,110.0,0.9007774419873944,369.45,380.82,323,103.0,11.0,0.32,376.0,4.0
07:32:39,376.0,30.0,383.38,32.0,368.0,105.0,385.93,58.0,379.69,7.3799999999999955,135.0,90.0,2.6961676505724874,376.0,383.38,225,45.0,-98.0,0.2,376.0,
07:32:40,376.0,24.0,379.0,48.0,368.0,84.0,384.0,24.0,377.5,3.0,108.0,72.0,2.8318862971513683,376.0,379.0,180,36.0,-45.0,0.2,376.0,
07:32:41,373.5,32.0,378.18,34.0,367.85,91.0,383.73,44.0,375.84,4.680000000000007,123.0,78.0,2.530687653582281,373.5,378.18,201,45.0,21.0,0.22,372.0,4.0
07:32:42,368.0,35.0,377.0,22.0,367.0,77.0,385.0,44.0,372.5,9.0,112.0,66.0,2.682886505239039,368.0,377.0,178,46.0,-23.0,0.26,368.0,4.0
07:32:43,373.88,48.0,375.65,34.0,367.7,23.0,386.41,68.0,374.76,1.7699999999999818,71.0,102.0,2.7231636014007155,373.88,375.65,173,-31.0,-5.0,-0.18,374.0,1.0
07:32:44,370.4,15.0,381.96,27.0,367.09,69.0,388.74,62.0,376.18,11.560000000000002,84.0,89.0,1.87229271215628,370.4,381.96,173,-5.0,0.0,-0.03,370.0,5.0
07:32:45,367.0,33.0,387.0,9.0,366.0,9.0,389.0,36.0,377.0,20.0,42.0,45.0,1.7376651000677603,367.0,387.0,87,-3.0,-86.0,-0.03,367.0,5.0
07:32:46,366.0,9.0,387.0,9.0,364.0,54.0,389.0,36.0,376.5,21.0,63.0,45.0,1.816403038973881,366.0,387.0,108,18.0,21.0,0.17,367.0,
07:32:47,365.23,39.0,387.0,12.0,363.63,68.0,389.47,53.0,376.12,21.769999999999985,107.0,65.0,0.8324181641421502,365.23,387.0,172,42.0,64.0,0.24,366.0,1.0
07:32:48,367.95,44.0,385.94,51.0,366.62,103.0,389.97,65.0,376.95,17.99000000000001,147.0,116.0,0.414366987094701,367.95,385.94,263,31.0,91.0,0.12,368.0,2.0
07:32:49,370.0,8.0,383.83,24.0,368.0,32.0,384.83,24.0,376.92,13.829999999999984,40.0,48.0,0.379894722250782,370.0,383.83,88,-8.0,-175.0,-0.09,368.0,
07:32:50,370.0,13.0,381.77,13.0,368.0,52.0,387.23,65.0,375.88,11.769999999999982,65.0,78.0,0.4754787061414285,370.0,381.77,143,-13.0,55.0,-0.09,368.0,
07:32:51,373.27,11.0,378.91,11.0,368.46,26.0,388.0,69.0,376.09,5.640000000000043,37.0,80.0,0.5043510681994313,373.2699999999999,378.91,117,-43.0,-26.0,-0.37,368.0,
07:32:52,373.23,13.0,384.29,28.0,368.38,37.0,393.21,61.0,378.76,11.060000000000002,50.0,89.0,1.1354514520639074,373.23,384.29,139,-39.0,22.0,-0.28,376.0,1.0
07:32:53,367.77,22.0,388.0,16.0,366.78,46.0,417.0,32.0,377.89,20.230000000000015,68.0,48.0,1.216581275539805,367.77,388.0,116,20.0,-23.0,0.17,368.14,7.0
07:32:54,368.9,48.0,385.18,11.0,367.75,40.0,387.54,13.0,377.04,16.28000000000003,88.0,24.0,1.213124066200182,368.8999999999999,385.18000000000006,112,64.0,-4.0,0.57,368.14,
07:32:55,370.23,73.0,383.0,19.0,368.63,54.0,463.12,32.0,376.62,12.769999999999982,127.0,51.0,1.057331546864125,370.23,383.0,178,76.0,66.0,0.43,368.14,
07:32:56,371.0,50.0,382.11,18.0,369.0,40.0,428.53,30.0,376.56,11.110000000000014,90.0,48.0,0.9394040664134192,371.0,382.11,138,42.0,-40.0,0.3,368.14,
07:32:57,371.0,70.0,378.64,14.0,369.0,56.0,382.0,28.0,374.82,7.639999999999986,126.0,42.0,1.121061996498866,371.0,378.64,168,84.0,30.0,0.5,368.14,
07:32:58,371.0,55.0,376.09,11.0,366.94,51.0,382.0,22.0,373.55,5.089999999999975,106.0,33.0,1.4812899783614002,371.0,376.09,139,73.0,-29.0,0.53,368.14,
07:32:59,374.26,81.0,382.64,28.0,370.36,70.0,391.43,70.0,378.45,8.379999999999995,151.0,98.0,1.8771920519738872,374.26,382.64,249,53.0,110.0,0.21,375.0,1.0
07:33:00,375.0,54.0,383.0,18.0,372.0,45.0,392.0,45.0,379.0,8.0,99.0,63.0,2.322612752912979,375.0,383.0,162,36.0,-87.0,0.22,375.0,
07:33:01,375.0,42.0,383.0,14.0,372.0,35.0,392.0,35.0,379.0,8.0,77.0,49.0,2.58606457769215,375.0,383.0,126,28.0,-36.0,0.22,375.0,
07:33:02,375.0,76.0,383.0,22.0,372.0,55.0,392.0,55.0,379.0,8.0,131.0,77.0,2.387729046603524,375.0,383.0,208,54.0,82.0,0.26,375.0,
07:33:03,375.0,56.0,383.0,16.0,372.0,40.0,392.0,40.0,379.0,8.0,96.0,56.0,0.2459674775134107,375.0,383.0,152,40.0,-56.0,0.26,375.0,
07:33:04,375.0,28.0,383.0,8.0,372.0,20.0,392.0,20.0,379.0,8.0,48.0,28.0,0.0,375.0,383.0,76,20.0,-76.0,0.26,375.0,
07:33:05,375.0,40.0,383.0,12.0,372.0,30.0,392.0,30.0,379.0,8.0,70.0,42.0,0.0,375.0,383.0,112,28.0,36.0,0.25,375.0,
07:33:06,375.0,48.0,383.0,12.0,372.0,30.0,392.0,30.0,379.0,8.0,78.0,42.0,0.0,375.0,383.0,120,36.0,8.0,0.3,375.0,
07:33:07,375.0,32.0,383.0,8.0,372.0,20.0,392.0,20.0,379.0,8.0,52.0,28.0,0.0,375.0,383.0,80,24.0,-40.0,0.3,375.0,
07:33:08,375.0,30.0,383.0,8.0,372.0,20.0,392.0,20.0,379.0,8.0,50.0,28.0,0.0,375.0,383.0,78,22.0,-2.0,0.28,375.0,1.0
07:33:09,375.0,17.0,383.0,12.0,372.0,30.0,391.77,26.0,379.0,8.0,47.0,38.0,0.0,375.0,383.0,85,9.0,7.0,0.11,375.0,
07:33:10,375.08,48.0,383.0,22.0,372.63,57.0,392.0,55.0,379.04,7.920000000000016,105.0,77.0,0.017888543660953,375.08,383.0,182,28.0,97.0,0.15,375.0,
07:33:11,377.0,13.0,383.0,26.0,375.0,78.0,392.0,65.0,380.0,6.0,91.0,91.0,0.443080128187125,377.0,383.0,182,0.0,0.0,0.0,375.0,
07:33:12,375.1,21.0,382.38,32.0,371.42,104.0,389.75,40.0,378.74,7.279999999999973,125.0,72.0,0.486703194970322,375.1,382.38,197,53.0,15.0,0.27,375.4,5.0
07:33:13,375.0,18.0,380.8,20.0,371.0,117.0,381.94,34.0,377.9,5.800000000000011,135.0,54.0,0.7514519279330673,375.0,380.8,189,81.0,-8.0,0.43,375.4,
07:33:14,375.0,22.0,378.43,42.0,371.0,143.0,379.83,24.0,376.71,3.430000000000007,165.0,66.0,1.2410560019573242,375.0,378.43,231,99.0,42.0,0.43,375.4,
07:33:15,374.88,25.0,376.69,52.0,371.2,49.0,379.0,26.0,375.79,1.8100000000000025,74.0,78.0,1.6551344356257456,374.88,376.69,152,-4.0,-79.0,-0.03,375.0,2.0
07:33:16,372.0,16.0,375.26,46.0,371.0,208.0,376.52,50.0,373.63,3.259999999999991,224.0,96.0,1.9841950508944224,372.0,375.26,320,128.0,168.0,0.4,375.0,
07:33:17,371.01,115.0,372.1,40.0,369.33,78.0,375.09,33.0,371.55,1.0900000000000318,193.0,73.0,2.533294297943604,371.01,372.1,266,120.0,-54.0,0.45,371.11,9.0
07:33:18,370.06,51.0,372.48,29.0,368.25,48.0,385.44,45.0,371.27,2.420000000000016,99.0,74.0,2.4454038521261414,370.06,372.48,173,25.0,-93.0,0.14,370.67,6.0
07:33:19,370.0,40.0,373.0,24.0,369.0,48.0,389.0,60.0,371.5,3.0,88.0,84.0,1.9499282038047396,370.0,373.0,172,4.0,-1.0,0.02,370.0,4.0
07:33:20,369.75,12.0,373.0,16.0,368.38,29.0,389.0,40.0,371.38,3.25,41.0,56.0,0.9920836658230896,369.75,373.0,97,-15.0,-75.0,-0.15,369.4,5.0
07:33:21,368.44,16.0,370.85,26.0,366.85,41.0,376.19,42.0,369.64,2.410000000000025,57.0,68.0,0.8056488068586968,368.44,370.85,125,-11.0,28.0,-0.09,369.0,1.0
07:33:22,364.52,23.0,367.62,13.0,362.1,49.0,370.0,26.0,366.07,3.1000000000000227,72.0,39.0,2.309647159198265,364.52,367.62,111,33.0,-14.0,0.3,367.25,4.0
07:33:23,363.07,30.0,368.9,10.0,361.35,43.0,380.0,44.0,365.98,5.829999999999984,73.0,54.0,2.7382622226500555,363.07,368.9,127,19.0,16.0,0.15,367.5,2.0
07:33:24,362.0,70.0,367.59,46.0,359.41,34.0,373.29,14.0,364.79,5.589999999999975,104.0,60.0,2.797654374648911,362.0,367.59,164,44.0,37.0,0.27,367.5,
07:33:25,362.0,22.0,366.11,47.0,358.0,33.0,367.32,19.0,364.05,4.110000000000014,55.0,66.0,2.1485646371454603,362.0,366.11,121,-11.0,-43.0,-0.09,367.5,
07:33:26,362.0,24.0,364.73,52.0,358.0,36.0,365.0,20.0,363.37,2.730000000000018,60.0,72.0,1.1831398902884689,362.0,364.73,132,-12.0,11.0,-0.09,367.5,
07:33:27,359.12,57.0,368.29,56.0,357.25,53.0,373.0,42.0,363.7,9.170000000000016,110.0,98.0,1.03916793637589,359.12,368.29,208,12.0,76.0,0.06,362.17,6.0
07:33:28,367.38,32.0,373.0,70.0,361.52,40.0,378.64,56.0,370.19,5.6200000000000045,72.0,126.0,2.827879063890795,367.38,373.0,198,-54.0,-10.0,-0.27,362.17,
07:33:29,369.0,56.0,373.0,70.0,367.0,14.0,376.41,34.0,371.0,4.0,70.0,104.0,3.7913810148799647,369.0,373.0,174,-34.0,-24.0,-0.2,362.17,
07:33:30,369.36,56.0,372.2,70.0,367.0,14.0,373.52,46.0,370.78,2.839999999999975,70.0,116.0,3.913664523179349,369.36,372.2,186,-46.0,12.0,-0.25,362.17,
07:33:31,370.0,40.0,371.0,30.0,367.0,10.0,373.04,54.0,370.5,1.0,50.0,84.0,3.108485161617004,370.0,371.0,134,-34.0,-52.0,-0.25,362.17,
07:33:32,370.0,25.0,374.95,57.0,367.0,13.0,377.93,56.0,372.47,4.949999999999989,38.0,113.0,0.8824228011523998,370.0,374.95,151,-75.0,17.0,-0.5,370.0,3.0
07:33:33,371.0,12.0,376.0,45.0,367.33,9.0,380.15,26.0,373.5,5.0,21.0,71.0,1.2842118205318764,371.0,376.0,92,-50.0,-59.0,-0.54,370.0,
07:33:34,374.31,32.0,381.73,30.0,369.55,20.0,384.89,54.0,378.02,7.420000000000016,52.0,84.0,3.037067664704567,374.31,381.7300000000001,136,-32.0,44.0,-0.24,375.5,6.0
07:33:35,377.0,30.0,379.33,24.0,371.0,30.0,380.22,36.0,378.17,2.329999999999984,60.0,60.0,3.426918440814481,377.0,379.33,120,0.0,-16.0,0.0,375.5,
07:33:36,377.0,18.0,379.0,24.0,371.0,36.0,380.0,48.0,378.0,2.0,54.0,72.0,2.806023877303013,377.0,379.0,126,-18.0,6.0,-0.14,377.0,2.0
07:33:37,374.82,11.0,377.91,22.0,370.84,25.0,381.09,44.0,376.36,3.090000000000032,36.0,66.0,1.9930127947393717,374.82,377.91,102,-30.0,-24.0,-0.29,373.0,3.0
07:33:38,371.0,32.0,374.47,30.0,370.0,14.0,378.78,54.0,372.73,3.4700000000000277,46.0,84.0,2.3162534403632917,371.0,374.47,130,-38.0,28.0,-0.29,373.0,
07:33:39,371.0,36.0,372.5,32.0,370.0,12.0,373.8,40.0,371.75,1.5,48.0,72.0,2.991900733646526,371.0,372.5,120,-24.0,-10.0,-0.2,373.0,
07:33:40,369.59,37.0,371.5,40.0,368.77,22.0,380.58,38.0,370.55,1.910000000000025,59.0,78.0,3.165165082581685,369.59,371.5,137,-19.0,17.0,-0.14,370.75,4.0
07:33:41,368.83,35.0,371.0,52.0,364.57,35.0,385.62,52.0,369.91,2.170000000000016,70.0,104.0,2.536611913555956,368.83,371.0,174,-34.0,37.0,-0.2,369.44,9.0
07:33:42,362.22,23.0,374.83,48.0,353.08,36.0,386.36,44.0,368.53,12.609999999999957,59.0,92.0,1.6262472136774602,362.2200000000001,374.83,151,-33.0,-23.0,-0.22,368.17,6.0
07:33:43,362.0,18.0,383.62,39.0,352.89,27.0,386.4,30.0,372.81,21.620000000000005,45.0,69.0,1.651484180969856,362.0,383.62,114,-24.0,-37.0,-0.21,368.17,
07:33:44,362.0,22.0,378.0,44.0,349.0,33.0,381.24,59.0,370.0,16.0,55.0,103.0,1.5588136514649922,362.0,378.0,158,-48.0,44.0,-0.3,368.17,
07:33:45,362.0,14.0,375.86,28.0,347.43,7.0,378.57,28.0,368.93,13.860000000000014,21.0,56.0,1.6735829827031514,362.0,375.86,77,-35.0,-81.0,-0.45,368.17,
07:33:46,350.15,13.0,371.41,34.0,347.08,12.0,375.89,36.0,360.78,21.260000000000048,25.0,70.0,4.477437883432153,350.15,371.41,95,-45.0,18.0,-0.47,362.0,2.0
07:33:47,348.0,7.0,360.0,14.0,346.6,10.0,366.62,13.0,354.0,12.0,17.0,27.0,7.742533822980224,348.0,360.0,44,-10.0,-51.0,-0.23,362.0,
07:33:48,348.0,28.0,360.0,16.0,347.0,8.0,362.0,32.0,354.0,12.0,36.0,48.0,7.753458583109345,348.0,360.0,84,-12.0,40.0,-0.14,362.0,
07:33:49,349.21,39.0,360.0,24.0,346.52,27.0,362.0,48.0,354.6,10.79000000000002,66.0,72.0,6.513180482682119,349.21,360.0,138,-6.0,54.0,-0.04,362.0,
07:33:50,351.38,48.0,360.0,28.0,350.55,38.0,362.0,56.0,355.69,8.620000000000005,86.0,84.0,2.8605733690976707,351.37999999999994,360.0,170,2.0,32.0,0.01,362.0,
07:33:51,355.12,64.0,358.73,44.0,353.0,48.0,359.68,65.0,356.93,3.6100000000000136,112.0,109.0,1.2600912665321862,355.12,358.73,221,3.0,51.0,0.01,362.0,
07:33:52,354.44,36.0,357.65,17.0,350.88,17.0,358.87,31.0,356.05,3.2099999999999795,53.0,48.0,1.1654312506496385,354.44,357.65,101,5.0,-120.0,0.05,357.0,4.0
07:33:53,354.09,33.0,357.09,11.0,346.0,11.0,359.71,28.0,355.59,3.0,44.0,39.0,0.8413798191012558,354.09,357.09,83,5.0,-18.0,0.06,358.0,4.0
07:33:54,356.73,33.0,360.0,11.0,346.0,11.0,362.0,44.0,358.36,3.269999999999982,44.0,55.0,1.154157701525719,356.73,360.0,99,-11.0,16.0,-0.11,358.0,
07:33:55,357.5,36.0,360.0,12.0,346.0,12.0,362.0,48.0,358.75,2.5,48.0,60.0,1.3888052419224688,357.5,360.0,108,-12.0,9.0,-0.11,358.0,
07:33:56,358.0,30.0,360.0,10.0,351.1,20.0,362.0,40.0,359.0,2.0,50.0,50.0,1.60391708014831,358.0,360.0,100,0.0,-8.0,0.0,358.0,
07:33:57,355.56,16.0,361.81,31.0,345.2,15.0,367.44,54.0,358.68,6.25,31.0,85.0,1.408342997991508,355.56,361.81,116,-54.0,16.0,-0.47,360.0,1.0
07:33:58,345.87,15.0,362.0,26.0,296.6,20.0,369.0,54.0,353.93,16.129999999999995,35.0,80.0,2.144278433411003,345.87,362.0,115,-45.0,-1.0,-0.39,362.0,2.0
07:33:59,365.0,33.0,368.03,33.0,359.79,28.0,370.55,58.0,366.52,3.0299999999999727,61.0,91.0,4.519771011897845,365.0,368.03,152,-30.0,37.0,-0.2,367.0,7.0
07:34:00,367.0,75.0,368.0,59.0,359.13,30.0,370.19,63.0,367.5,1.0,105.0,122.0,5.744743684446915,367.0,368.0,227,-17.0,75.0,-0.07,368.0,1.0
07:34:01,367.0,41.0,368.0,30.0,359.0,20.0,370.0,50.0,367.5,1.0,61.0,80.0,6.1981110025550015,367.0,368.0,141,-19.0,-86.0,-0.13,367.0,3.0
07:34:02,368.14,28.0,369.86,43.0,363.44,18.0,372.46,13.0,369.0,1.7200000000000273,46.0,56.0,6.190613862937509,368.14,369.86,102,-10.0,-39.0,-0.1,368.0,3.0
07:34:03,367.27,30.0,370.0,18.0,355.86,28.0,374.0,14.0,368.63,2.730000000000018,58.0,32.0,0.992824254334618,367.2699999999999,370.0,90,26.0,-12.0,0.29,370.0,4.0
07:34:04,368.56,50.0,370.0,12.0,366.0,24.0,374.0,12.0,369.28,1.4399999999999975,74.0,24.0,0.8375082089121428,368.56,370.0,98,50.0,8.0,0.51,369.0,3.0
07:34:05,369.0,27.0,371.41,17.0,367.0,18.0,372.8,15.0,370.21,2.410000000000025,45.0,32.0,0.987486708768972,369.0,371.41,77,13.0,-21.0,0.17,370.0,1.0
07:34:06,370.11,27.0,372.0,21.0,368.06,17.0,374.0,7.0,371.06,1.8899999999999864,44.0,28.0,0.9874867087690744,370.11000000000007,372.0,72,16.0,-5.0,0.22,370.0,
07:34:07,371.0,45.0,372.29,34.0,369.0,45.0,374.71,35.0,371.65,1.2900000000000205,90.0,69.0,1.2397298092712206,371.0,372.29,159,21.0,87.0,0.13,371.25,4.0
07:34:08,372.33,27.0,374.56,16.0,370.22,23.0,395.93,40.0,373.45,2.230000000000018,50.0,56.0,1.575325363217312,372.33,374.56,106,-6.0,-53.0,-0.06,374.67,3.0
07:34:09,373.0,30.0,375.0,30.0,371.0,20.0,575.3,10.0,374.0,2.0,50.0,40.0,1.6035367161358884,373.0,375.0,90,10.0,-16.0,0.11,374.67,
07:34:10,373.92,36.0,375.0,36.0,371.0,24.0,484.17,12.0,374.46,1.079999999999984,60.0,48.0,1.4909158259257618,373.92,375.0,108,12.0,18.0,0.11,374.67,
07:34:11,371.0,26.0,399.92,25.0,367.0,26.0,498.37,19.0,385.46,28.920000000000016,52.0,44.0,5.502184111786511,371.0,399.92,96,8.0,-12.0,0.08,375.0,3.0
07:34:12,371.0,26.0,373.23,52.0,367.0,26.0,407.31,49.0,372.12,2.230000000000018,52.0,101.0,5.416827484791799,371.0,373.23,153,-49.0,57.0,-0.32,375.0,
07:34:13,369.43,23.0,372.5,64.0,361.91,23.0,382.31,64.0,370.97,3.069999999999993,46.0,128.0,5.797207948659058,369.43,372.5,174,-82.0,21.0,-0.47,369.67,3.0
07:34:14,367.0,16.0,372.0,64.0,353.38,16.0,384.0,64.0,369.5,5.0,32.0,128.0,6.388436428422512,367.0,372.0,160,-96.0,-14.0,-0.6,369.67,
07:34:15,359.5,18.0,368.4,57.0,351.33,27.0,373.87,69.0,363.95,8.899999999999977,45.0,126.0,7.945114851277861,359.5,368.4,171,-81.0,11.0,-0.47,367.0,1.0
07:34:16,351.65,17.0,365.07,56.0,350.65,34.0,366.73,30.0,358.36,13.420000000000016,51.0,86.0,5.748378032105801,351.65,365.07,137,-35.0,-34.0,-0.26,367.0,
07:34:17,353.82,61.0,361.45,66.0,352.63,70.0,362.84,62.0,357.64,7.6299999999999955,131.0,128.0,6.145268911935172,353.82,361.45,259,3.0,122.0,0.01,367.0,
07:34:18,355.2,20.0,360.11,54.0,352.32,190.0,361.92,48.0,357.66,4.910000000000025,210.0,102.0,5.231559996788448,355.2,360.11000000000007,312,108.0,53.0,0.35,359.33,6.0
07:34:19,356.0,17.0,361.0,17.0,352.0,102.0,362.0,68.0,358.5,5.0,119.0,85.0,2.6721190093252907,356.0,361.0,204,34.0,-108.0,0.17,359.33,
07:34:20,357.06,16.0,361.0,12.0,352.38,52.0,362.0,48.0,359.03,3.9399999999999977,68.0,60.0,0.5921317420961605,357.06,361.0,128,8.0,-76.0,0.06,359.33,
07:34:21,359.0,24.0,361.75,53.0,358.14,21.0,364.33,30.0,360.38,2.75,45.0,83.0,1.1357464505767614,359.0,361.75,128,-38.0,0.0,-0.3,359.33,
07:34:22,359.12,25.0,361.0,59.0,351.67,72.0,362.0,56.0,360.06,1.8799999999999957,97.0,115.0,1.1174882549707417,359.12,361.0,212,-18.0,84.0,-0.08,361.0,1.0
07:34:23,359.91,22.0,361.1,41.0,351.0,66.0,362.17,41.0,360.5,1.1899999999999975,88.0,82.0,0.8832779856859181,359.91,361.1,170,6.0,-42.0,0.04,361.0,4.0
07:34:24,360.7,20.0,362.0,40.0,349.41,64.0,366.88,16.0,361.35,1.3000000000000114,84.0,56.0,0.8385880991268568,360.7,362.0,140,28.0,-30.0,0.2,361.0,
07:34:25,361.0,22.0,362.0,44.0,348.0,110.0,367.5,16.0,361.5,1.0,132.0,60.0,0.6319968354327524,361.0,362.0,192,72.0,52.0,0.38,361.0,
07:34:26,353.84,38.0,363.02,41.0,347.33,72.0,369.36,25.0,358.43,9.180000000000009,110.0,66.0,1.23631306714649,353.84,363.02,176,44.0,-16.0,0.25,362.0,4.0
07:34:27,358.18,22.0,368.92,24.0,349.9,60.0,369.85,13.0,363.55,10.740000000000007,82.0,37.0,1.8512239194643236,358.18,368.92,119,45.0,-57.0,0.38,368.0,1.0
07:34:28,354.06,36.0,368.0,32.0,350.85,40.0,369.46,26.0,361.03,13.939999999999998,76.0,58.0,1.825710820474261,354.06,368.0,134,18.0,15.0,0.13,368.0,
07:34:29,361.67,60.0,367.5,32.0,359.93,67.0,370.42,24.0,364.58,5.829999999999984,127.0,56.0,2.38898932605328,361.67,367.5,183,71.0,49.0,0.39,363.0,2.0
07:34:30,364.42,38.0,367.17,30.0,362.95,74.0,371.04,48.0,365.79,2.75,112.0,78.0,2.9505897715535103,364.42,367.17,190,34.0,7.0,0.18,366.0,2.0
07:34:31,364.45,22.0,368.73,11.0,363.0,55.0,372.94,17.0,366.59,4.28000000000003,77.0,28.0,2.167814567714581,364.45,368.73,105,49.0,-85.0,0.47,368.0,1.0
07:34:32,369.73,22.0,373.78,36.0,366.0,24.0,376.17,48.0,371.75,4.0499999999999545,46.0,84.0,3.8780948931137527,369.73,373.78,130,-38.0,25.0,-0.29,368.0,
07:34:33,372.0,14.0,374.0,28.0,368.54,13.0,384.0,36.0,373.0,2.0,27.0,64.0,3.7764493906305705,372.0,374.0,91,-37.0,-39.0,-0.41,374.0,2.0
07:34:34,367.89,19.0,379.52,29.0,363.45,62.0,396.16,50.0,373.71,11.629999999999995,81.0,79.0,3.709369218612943,367.89,379.52,160,2.0,69.0,0.01,369.0,2.0
07:34:35,368.0,55.0,374.0,11.0,367.0,11.0,375.95,38.0,371.0,6.0,66.0,49.0,2.7899014319493056,368.0,374.0,115,17.0,-45.0,0.15,369.0,
07:34:36,368.0,40.0,374.0,8.0,367.0,8.0,375.0,16.0,371.0,6.0,48.0,24.0,1.2190447079547164,368.0,374.0,72,24.0,-43.0,0.33,369.0,
07:34:37,368.5,60.0,373.0,36.0,367.0,12.0,374.0,12.0,370.75,4.5,72.0,48.0,1.3627435562102206,368.5,373.0,120,24.0,48.0,0.2,369.0,
07:34:38,369.0,63.0,371.8,45.0,367.0,15.0,374.12,16.0,370.4,2.800000000000012,78.0,61.0,1.3299135310209935,369.0,371.8,139,17.0,19.0,0.12,369.0,2.0
07:34:39,368.64,22.0,370.0,28.0,364.33,12.0,371.38,32.0,369.32,1.3600000000000136,34.0,60.0,0.7008423503136684,368.64,370.0,94,-26.0,-45.0,-0.28,369.0,3.0
07:34:40,367.0,10.0,372.5,24.0,359.0,10.0,376.43,14.0,369.75,5.5,20.0,38.0,0.6981618723428739,367.0,372.5,58,-18.0,-36.0,-0.31,368.8,5.0
07:34:41,368.54,70.0,376.24,17.0,364.87,15.0,377.57,28.0,372.39,7.699999999999989,85.0,45.0,1.182907435090836,368.54,376.24,130,40.0,72.0,0.31,368.8,
07:34:42,374.62,94.0,376.31,13.0,368.97,61.0,377.6,20.0,375.46,1.6899999999999975,155.0,33.0,2.524486086313954,374.62,376.31,188,122.0,58.0,0.65,375.0,1.0
07:34:43,375.0,72.0,376.76,21.0,369.0,54.0,381.8,10.0,375.88,1.759999999999991,126.0,31.0,3.076320854526104,375.0,376.76,157,95.0,-31.0,0.61,375.0,
07:34:44,375.0,32.0,376.19,31.0,370.08,26.0,378.2,15.0,375.6,1.1899999999999975,58.0,46.0,2.6791472523905155,375.0,376.19,104,12.0,-53.0,0.12,375.0,5.0
07:34:45,371.92,26.0,376.71,28.0,369.12,64.0,379.86,14.0,374.32,4.789999999999964,90.0,42.0,1.4366627996823669,371.92,376.71,132,48.0,28.0,0.36,375.0,3.0
07:34:46,371.0,14.0,378.11,9.0,369.0,42.0,383.5,12.0,374.56,7.110000000000014,56.0,21.0,0.6832861772280717,371.0,378.11,77,35.0,-55.0,0.45,375.0,
07:34:47,371.0,16.0,375.0,12.0,369.0,48.0,383.56,27.0,373.0,4.0,64.0,39.0,1.145914481971121,371.0,375.0,103,25.0,26.0,0.24,375.0,
07:34:48,369.89,36.0,380.23,13.0,368.81,53.0,383.86,44.0,375.06,10.340000000000032,89.0,57.0,0.9758688436420137,369.89,380.23,146,32.0,43.0,0.22,370.0,4.0
07:34:49,369.0,35.0,379.18,17.0,367.0,10.0,381.85,13.0,374.09,10.180000000000009,45.0,30.0,0.7641204093539844,369.0,379.18,75,15.0,-71.0,0.2,369.0,1.0
07:34:50,369.0,33.0,378.0,21.0,367.0,11.0,379.5,12.0,373.5,9.0,44.0,33.0,0.8195242522289133,369.0,378.0,77,11.0,2.0,0.14,369.0,
07:34:51,369.0,18.0,374.55,11.0,367.0,6.0,376.29,7.0,371.77,5.550000000000011,24.0,18.0,1.2271226507532116,369.0,374.55,42,6.0,-35.0,0.14,369.0,
07:34:52,369.0,45.0,373.23,26.0,367.0,15.0,374.74,19.0,371.12,4.230000000000018,60.0,45.0,1.6333003398002892,369.0,373.23,105,15.0,63.0,0.14,369.0,
07:34:53,369.0,31.0,379.55,31.0,367.0,11.0,380.05,38.0,374.27,10.550000000000011,42.0,69.0,1.4217770570633788,369.0,379.55,111,-27.0,6.0,-0.24,371.2,5.0
07:34:54,369.0,9.0,378.67,27.0,367.0,9.0,381.0,45.0,373.83,9.670000000000016,18.0,72.0,1.3735974665060489,369.0,378.67,90,-54.0,-21.0,-0.6,371.2,
07:34:55,369.0,5.0,378.0,15.0,367.0,5.0,381.0,25.0,373.5,9.0,10.0,40.0,1.3735974665060489,369.0,378.0,50,-30.0,-40.0,-0.6,371.2,
07:34:56,371.31,70.0,380.11,71.0,369.43,37.0,384.69,65.0,375.71,8.800000000000011,107.0,136.0,1.664130403541597,371.31,380.11,243,-29.0,177.5,-0.12,378.0,3.0
07:34:57,373.5,48.0,381.0,50.0,371.0,30.0,389.0,30.0,377.25,7.5,78.0,80.0,1.5556092054211543,373.5,381.0,158,-2.0,-85.0,-0.01,378.0,3.0
07:34:58,372.53,64.0,381.0,55.0,371.63,41.0,389.0,33.0,376.77,8.470000000000027,105.0,88.0,1.693345800476327,372.53,381.0,193,17.0,35.0,0.09,373.0,1.0
07:34:59,373.0,80.0,382.71,70.0,372.0,96.0,389.13,38.0,377.86,9.70999999999998,176.0,108.0,1.7111019840998754,373.0,382.71,284,68.0,91.0,0.24,373.0,
07:35:00,374.05,95.0,381.29,21.0,372.0,114.0,388.36,33.0,377.67,7.240000000000009,209.0,54.0,0.8594300436860888,374.05,381.29,263,155.0,-21.0,0.59,373.0,
07:35:01,375.28,61.0,380.0,12.0,371.86,70.0,387.0,12.0,377.64,4.720000000000027,131.0,24.0,0.4342464737797316,375.28,380.0,155,107.0,-108.0,0.69,375.33,6.0
07:35:02,372.0,25.0,380.0,5.0,371.0,25.0,386.43,7.0,376.0,8.0,50.0,12.0,0.7864922122883321,372.0,380.0,62,38.0,-93.0,0.61,375.33,
07:35:03,372.0,40.0,380.0,8.0,371.0,40.0,386.33,12.0,376.0,8.0,80.0,20.0,0.9476708289222748,372.0,380.0,100,60.0,38.0,0.6,375.33,
07:35:04,372.0,55.0,378.55,22.0,371.0,55.0,380.0,11.0,375.27,6.550000000000011,110.0,33.0,1.081679250050747,372.0,378.55,143,77.0,43.0,0.54,375.33,
07:35:05,372.0,35.0,377.57,14.0,371.0,35.0,380.0,7.0,374.79,5.569999999999993,70.0,21.0,1.0803471664193944,372.0,377.57,91,49.0,-52.0,0.54,375.33,
07:35:06,372.0,90.0,377.0,36.0,370.67,54.0,385.89,18.0,374.5,5.0,144.0,54.0,0.685616510879469,372.0,377.0,198,90.0,107.0,0.45,375.33,
07:35:07,372.0,65.0,381.89,18.0,368.36,25.0,389.23,13.0,376.94,9.889999999999986,90.0,31.0,0.9849619281934228,372.0,381.89,121,59.0,-77.0,0.49,377.0,2.0
07:35:08,377.75,122.0,388.0,14.0,371.47,57.0,390.0,14.0,382.88,10.25,179.0,28.0,3.486693275869037,377.75,388.0,207,151.0,86.0,0.73,377.0,
07:35:09,378.0,108.0,389.0,12.0,373.75,12.0,392.25,24.0,383.5,11.0,120.0,36.0,4.369773449504013,378.0,389.0,156,84.0,-51.0,0.54,377.0,
07:35:10,378.0,44.0,388.0,11.0,375.0,11.0,390.0,11.0,383.0,10.0,55.0,22.0,4.154019739961533,378.0,388.0,77,33.0,-79.0,0.43,378.0,7.0
07:35:11,374.77,26.0,388.0,8.0,373.75,8.0,390.0,8.0,381.38,13.230000000000018,34.0,16.0,2.6904646438840163,374.77,388.0,50,18.0,-27.0,0.36,375.0,5.0
07:35:12,372.0,56.0,388.0,8.0,370.0,8.0,390.38,8.0,380.0,16.0,64.0,16.0,1.439902774492051,372.0,388.0,80,48.0,30.0,0.6,375.0,
07:35:13,372.0,49.0,388.0,7.0,370.0,7.0,393.0,7.0,380.0,16.0,56.0,14.0,1.6382551693768417,372.0,388.0,70,42.0,-10.0,0.6,375.0,
07:35:14,372.0,70.0,388.0,10.0,370.0,10.0,393.0,10.0,380.0,16.0,80.0,20.0,1.32924038457684,372.0,388.0,100,60.0,30.0,0.6,375.0,
07:35:15,372.0,41.0,388.0,6.0,370.0,6.0,393.0,6.0,380.0,16.0,47.0,12.0,0.6171547617818606,372.0,388.0,59,35.0,-41.0,0.59,372.0,1.0
07:35:16,372.0,39.0,387.75,8.0,370.0,8.0,391.75,8.0,379.88,15.75,47.0,16.0,0.0536656313671207,372.0,387.75,63,31.0,4.0,0.49,372.0,3.0
07:35:17,372.0,33.0,386.18,11.0,370.0,11.0,387.73,11.0,379.09,14.180000000000009,44.0,22.0,0.3969634743777508,372.0,386.18000000000006,66,22.0,3.0,0.33,372.0,
07:35:18,368.57,35.0,384.0,10.0,365.2,10.0,387.0,10.0,376.29,15.430000000000009,45.0,20.0,1.590053458217723,368.57,384.0,65,25.0,-1.0,0.38,371.0,5.0
07:35:19,373.32,57.0,382.0,12.0,366.62,39.0,383.67,12.0,377.66,8.680000000000007,96.0,24.0,1.585632365963257,373.32,382.0,120,72.0,55.0,0.6,371.0,
07:35:20,375.0,70.0,378.57,14.0,368.09,44.0,379.79,14.0,376.79,3.569999999999993,114.0,28.0,1.517356253485121,375.0,378.57,142,86.0,22.0,0.61,371.0,
07:35:21,375.0,41.0,376.67,9.0,371.0,18.0,381.22,9.0,375.83,1.670000000000016,59.0,18.0,1.2877965677818313,375.0,376.67,77,41.0,-65.0,0.53,375.0,1.0
07:35:22,374.43,42.0,376.26,27.0,369.4,30.0,383.68,28.0,375.34,1.829999999999984,72.0,55.0,0.8942426963587312,374.43,376.26,127,17.0,50.0,0.13,375.0,4.0
07:35:23,370.43,21.0,376.4,10.0,366.89,37.0,385.0,57.0,373.41,5.96999999999997,58.0,67.0,1.6096676675609325,370.43,376.4,125,-9.0,-2.0,-0.07,369.67,3.0
07:35:24,367.0,45.0,375.53,15.0,363.0,15.0,384.8,40.0,371.27,8.529999999999973,60.0,55.0,2.198617747583992,367.0,375.53,115,5.0,-10.0,0.04,369.67,
07:35:25,367.0,30.0,375.0,10.0,362.1,40.0,383.0,10.0,371.0,8.0,70.0,20.0,2.233886747351236,367.0,375.0,90,50.0,-25.0,0.56,369.67,
07:35:26,370.06,16.0,375.0,10.0,366.22,54.0,383.0,20.0,372.53,4.939999999999998,70.0,30.0,1.7633065530393837,370.06,375.0,100,40.0,10.0,0.4,369.67,
07:35:27,370.67,36.0,377.67,18.0,368.83,105.0,384.8,30.0,374.17,7.0,141.0,48.0,1.35811634258326,370.67,377.67,189,93.0,89.0,0.49,374.0,1.0
07:35:28,369.0,56.0,383.0,14.0,367.0,21.0,392.0,14.0,376.0,14.0,77.0,28.0,2.096575779692117,369.0,383.0,105,49.0,-84.0,0.47,374.0,
07:35:29,369.19,79.0,382.12,16.0,367.8,45.0,386.27,22.0,375.66,12.930000000000009,124.0,38.0,2.1132605139904994,369.19,382.12,162,86.0,57.0,0.53,369.0,2.0
07:35:30,370.68,38.0,381.0,11.0,369.62,53.0,382.09,11.0,375.84,10.319999999999991,91.0,22.0,1.4834925008206452,370.68,381.0,113,69.0,-49.0,0.61,369.0,
07:35:31,373.54,52.0,381.0,13.0,371.0,26.0,382.0,34.0,377.27,7.4599999999999795,78.0,47.0,1.1043414327058432,373.54,381.0,125,31.0,12.0,0.25,369.0,
07:35:32,374.0,18.0,381.0,6.0,371.0,12.0,382.0,21.0,377.5,7.0,30.0,27.0,0.862194873558522,374.0,381.0,57,3.0,-68.0,0.05,374.0,3.0
07:35:33,371.47,19.0,381.0,10.0,369.88,32.0,382.0,10.0,376.24,9.529999999999973,51.0,20.0,0.8369109868979969,371.47,381.0,71,31.0,14.0,0.44,371.5,4.0
07:35:34,370.0,36.0,379.11,9.0,369.0,54.0,380.83,12.0,374.56,9.110000000000014,90.0,21.0,1.1855462875782794,370.0,379.11,111,69.0,40.0,0.62,371.5,
07:35:35,370.0,44.0,378.53,17.0,369.0,78.0,379.33,36.0,374.26,8.529999999999973,122.0,53.0,1.5013260805004167,370.0,378.53,175,69.0,64.0,0.39,370.0,1.0
07:35:36,370.0,39.0,375.2,15.0,369.0,90.0,376.2,15.0,372.6,5.199999999999989,129.0,30.0,1.889687804900862,370.0,375.2,159,99.0,-16.0,0.62,370.0,1.0
07:35:37,370.0,20.0,379.31,16.0,369.0,60.0,381.89,19.0,374.66,9.310000000000002,80.0,35.0,1.2959475297986631,370.0,379.31,115,45.0,-44.0,0.39,372.5,2.0
07:35:38,369.5,20.0,378.67,18.0,368.83,36.0,384.7,23.0,374.08,9.170000000000016,56.0,41.0,0.833378665428525,369.5,378.67,97,15.0,-18.0,0.15,371.25,4.0
07:35:39,369.0,45.0,383.6,15.0,368.0,27.0,389.4,20.0,376.3,14.600000000000025,72.0,35.0,1.3264237633544174,369.0,383.6,107,37.0,10.0,0.35,371.25,
07:35:40,369.0,41.0,381.8,10.0,368.0,30.0,384.0,10.0,375.4,12.800000000000011,71.0,20.0,1.3967533783711392,369.0,381.8,91,51.0,-16.0,0.56,369.0,1.0
07:35:41,369.0,28.0,379.48,21.0,368.0,36.0,383.0,12.0,374.24,10.480000000000018,64.0,33.0,0.9177581380685594,369.0,379.48,97,31.0,6.0,0.32,369.0,2.0
07:35:42,369.0,28.0,378.06,32.0,368.0,42.0,378.32,38.0,373.53,9.060000000000002,70.0,70.0,1.1196428001783332,369.0,378.06,140,0.0,43.0,0.0,369.0,
07:35:43,369.0,12.0,374.11,18.0,368.0,18.0,377.0,12.0,371.56,5.110000000000014,30.0,30.0,1.8213950697175332,369.0,374.11,60,0.0,-80.0,0.0,369.0,
07:35:44,369.0,28.0,374.0,56.0,367.69,26.0,375.0,14.0,371.5,5.0,54.0,70.0,1.7029034030125318,369.0,374.0,124,-16.0,64.0,-0.13,369.0,
07:35:45,369.0,32.0,372.56,64.0,367.0,16.0,375.0,16.0,370.78,3.5600000000000023,48.0,80.0,1.4808848706067907,369.0,372.56,128,-32.0,4.0,-0.25,369.0,
07:35:46,369.0,24.0,371.56,36.0,367.0,12.0,372.6,30.0,370.28,2.5600000000000023,36.0,66.0,1.2376186811746257,369.0,371.56,102,-30.0,-26.0,-0.29,369.0,
07:35:47,368.17,35.0,371.33,36.0,366.09,11.0,372.91,23.0,369.75,3.159999999999968,46.0,59.0,0.7806279523516599,368.17,371.33,105,-13.0,3.0,-0.12,369.0,2.0
07:35:48,367.96,50.0,371.58,31.0,365.67,18.0,376.43,35.0,369.77,3.620000000000005,68.0,66.0,0.7394119284897313,367.96,371.58,134,2.0,29.0,0.01,368.2,5.0
07:35:49,371.56,16.0,384.0,24.0,363.64,22.0,386.86,57.0,377.78,12.439999999999998,38.0,81.0,3.44066418006645,371.56,384.0,119,-43.0,-15.0,-0.36,366.75,4.0
07:35:50,374.0,36.0,386.0,24.0,368.85,82.0,387.0,84.0,380.0,12.0,118.0,108.0,4.972698462604737,374.0,386.0,226,10.0,107.0,0.04,366.75,
07:35:51,370.25,72.0,386.0,26.0,367.42,62.0,387.0,91.0,378.12,15.75,134.0,117.0,4.933125783921452,370.25,386.0,251,17.0,25.0,0.07,369.0,2.0
07:35:52,369.0,72.0,378.38,13.0,362.47,32.0,386.19,37.0,373.69,9.379999999999995,104.0,50.0,4.114908261430646,369.0,378.38,154,54.0,-97.0,0.35,369.0,
07:35:53,369.0,66.0,375.34,41.0,362.0,33.0,386.08,37.0,372.17,6.339999999999975,99.0,78.0,3.280559403514865,369.0,375.34,177,21.0,23.0,0.12,369.0,
07:35:54,369.0,42.0,375.0,28.0,362.0,21.0,388.0,14.0,372.0,6.0,63.0,42.0,3.6492232050109785,369.0,375.0,105,21.0,-72.0,0.2,369.0,
07:35:55,369.0,20.0,372.27,60.0,362.0,45.0,376.04,50.0,370.63,3.269999999999982,65.0,110.0,2.8930036294467167,369.0,372.2699999999999,175,-45.0,70.0,-0.26,369.0,5.0
07:35:56,363.35,26.0,370.25,48.0,360.25,36.0,373.0,48.0,366.8,6.899999999999977,62.0,96.0,2.6155821531722934,363.35,370.25,158,-34.0,-17.0,-0.22,369.0,1.0
07:35:57,362.0,35.0,368.79,56.0,359.0,42.0,370.71,56.0,365.39,6.7900000000000205,77.0,112.0,3.113915541564112,362.0,368.79,189,-35.0,31.0,-0.19,369.0,
07:35:58,362.0,26.0,366.44,36.0,359.0,39.0,367.32,50.0,364.22,4.439999999999998,65.0,86.0,3.3642636638639787,362.0,366.44,151,-21.0,-38.0,-0.14,367.0,2.0
07:35:59,362.0,34.0,364.53,34.0,359.0,51.0,373.59,68.0,363.26,2.5299999999999727,85.0,102.0,2.8769341320226105,362.0,364.53,187,-17.0,36.0,-0.09,365.5,4.0
07:36:00,362.11,54.0,371.22,36.0,359.73,37.0,378.28,47.0,366.67,9.110000000000014,91.0,83.0,1.537683322403307,362.11000000000007,371.22,174,8.0,-13.0,0.05,364.0,2.0
07:36:01,367.06,47.0,377.0,56.0,364.91,44.0,380.53,32.0,372.03,9.939999999999998,91.0,88.0,3.4411088329194666,367.06,377.0,179,3.0,5.0,0.02,364.0,
07:36:02,373.2,50.0,377.0,56.0,370.12,49.0,381.0,42.0,375.1,3.8000000000000114,99.0,98.0,5.119768549455618,373.2,377.0,197,1.0,18.0,0.01,376.0,1.0
07:36:03,373.2,15.0,377.0,28.0,370.0,21.0,381.0,21.0,375.1,3.8000000000000114,36.0,49.0,5.284985335835223,373.2,377.0,85,-13.0,-112.0,-0.15,374.0,8.0
07:36:04,366.6,10.0,377.0,28.0,358.73,22.0,381.0,21.0,371.8,10.399999999999975,32.0,49.0,3.448615664290823,366.6,377.0,81,-17.0,-4.0,-0.21,366.8,5.0
07:36:05,361.18,33.0,375.25,16.0,357.82,22.0,377.24,51.0,368.22,14.069999999999991,55.0,67.0,2.8520518929345964,361.18,375.25,122,-12.0,41.0,-0.1,366.8,
07:36:06,365.14,42.0,374.0,45.0,362.59,29.0,379.22,36.0,369.57,8.860000000000014,71.0,81.0,3.140242028887605,365.14,374.0,152,-10.0,30.0,-0.07,367.0,3.0
07:36:07,359.18,49.0,373.56,41.0,356.73,49.0,376.11,38.0,366.37,14.379999999999995,98.0,79.0,3.3747399899833948,359.18,373.56,177,19.0,25.0,0.11,367.0,
07:36:08,360.36,42.0,370.86,14.0,357.5,56.0,376.41,41.0,365.61,10.5,98.0,55.0,2.491451384232488,360.36,370.86,153,43.0,-24.0,0.28,367.0,
07:36:09,362.7,43.0,369.47,17.0,360.17,36.0,370.47,17.0,366.08,6.770000000000039,79.0,34.0,1.6676480444010051,362.7,369.47,113,45.0,-40.0,0.4,362.0,1.0
07:36:10,363.54,13.0,368.56,9.0,362.11,27.0,369.56,9.0,366.05,5.019999999999982,40.0,18.0,1.607351859424281,363.54,368.56,58,22.0,-55.0,0.38,362.0,
07:36:11,372.4,20.0,376.82,49.0,365.27,33.0,379.15,13.0,374.61,4.420000000000016,53.0,62.0,3.847801969955608,372.4,376.82,115,-9.0,57.0,-0.08,368.5,2.0
07:36:12,369.38,16.0,376.64,56.0,361.35,37.0,378.74,19.0,373.01,7.259999999999991,53.0,75.0,4.365984425074547,369.38,376.64,128,-22.0,13.0,-0.17,371.8,5.0
07:36:13,370.34,50.0,373.73,26.0,368.9,20.0,376.14,56.0,372.04,3.390000000000043,70.0,82.0,4.02498074529467,370.34,373.73,152,-12.0,24.0,-0.08,371.0,6.0
07:36:14,370.0,30.0,381.71,28.0,368.0,10.0,382.53,34.0,375.86,11.70999999999998,40.0,62.0,3.796146730566624,370.0,381.71,102,-22.0,-50.0,-0.22,371.0,
07:36:15,370.0,33.0,381.18,44.0,368.0,11.0,383.0,33.0,375.59,11.180000000000009,44.0,77.0,1.6534116244875163,370.0,381.18000000000006,121,-33.0,19.0,-0.27,371.0,
07:36:16,370.0,27.0,381.0,36.0,368.0,9.0,384.46,26.0,375.5,11.0,36.0,62.0,1.7506712998133962,370.0,381.0,98,-26.0,-23.0,-0.27,371.0,
07:36:17,370.0,21.0,381.0,28.0,368.0,7.0,387.0,14.0,375.5,11.0,28.0,42.0,1.6044687594309797,370.0,381.0,70,-14.0,-28.0,-0.2,371.0,
07:36:18,370.0,24.0,381.0,32.0,368.0,8.0,387.0,16.0,375.5,11.0,32.0,48.0,0.1558845726478329,370.0,381.0,80,-16.0,10.0,-0.2,371.0,
07:36:19,369.48,23.0,381.29,42.0,362.76,17.0,387.05,21.0,375.38,11.810000000000002,40.0,63.0,0.0746993975187047,369.48,381.29,103,-23.0,23.0,-0.22,369.5,4.0
07:36:20,370.67,24.0,387.0,24.0,367.14,14.0,388.0,12.0,378.83,16.329999999999984,38.0,36.0,1.503535832625632,370.67,387.0,74,2.0,-29.0,0.03,369.5,
07:36:21,374.0,24.0,381.0,36.0,370.0,24.0,387.41,17.0,377.5,7.0,48.0,53.0,1.555191306556532,374.0,381.0,101,-5.0,27.0,-0.05,369.5,
07:36:22,374.0,8.0,381.0,15.0,370.0,10.0,387.18,11.0,377.5,7.0,18.0,26.0,1.4753372495767667,374.0,381.0,44,-8.0,-57.0,-0.18,374.0,1.0
07:36:23,374.0,12.0,385.26,38.0,368.95,19.0,388.27,26.0,379.63,11.259999999999993,31.0,64.0,1.6156330028778705,374.0,385.26,95,-33.0,51.0,-0.35,374.0,
07:36:24,374.0,12.0,381.0,48.0,366.0,12.0,387.0,36.0,377.5,7.0,24.0,84.0,0.9888730959976016,374.0,381.0,108,-60.0,13.0,-0.56,374.0,
07:36:25,371.11,9.0,381.0,36.0,363.82,11.0,386.44,27.0,376.06,9.889999999999986,20.0,63.0,1.2762523261441303,371.11,381.0,83,-43.0,-25.0,-0.52,364.6,5.0
07:36:26,361.0,13.0,380.58,48.0,360.0,26.0,385.02,41.0,370.79,19.579999999999984,39.0,89.0,3.3311604584572856,361.0,380.58,128,-50.0,45.0,-0.39,364.6,
07:36:27,368.53,15.0,380.62,26.0,360.82,11.0,382.88,32.0,374.57,12.090000000000032,26.0,58.0,3.3241164239523613,368.53,380.62,84,-32.0,-44.0,-0.38,364.6,
07:36:28,376.0,49.0,380.0,16.0,364.88,8.0,382.0,32.0,378.0,4.0,57.0,48.0,2.895916089942884,376.0,380.0,105,9.0,21.0,0.09,376.0,1.0
07:36:29,376.0,84.0,379.0,28.0,367.71,14.0,382.0,56.0,377.5,3.0,98.0,84.0,2.895916089942884,376.0,379.0,182,14.0,77.0,0.08,376.0,
07:36:30,376.0,108.0,377.78,36.0,370.67,18.0,384.22,72.0,376.89,1.7799999999999727,126.0,108.0,2.967263048667901,376.0,377.78,234,18.0,52.0,0.08,376.0,
07:36:31,376.0,60.0,377.0,20.0,374.0,12.0,386.0,64.0,376.5,1.0,72.0,84.0,1.317448291201195,376.0,377.0,156,-12.0,-78.0,-0.08,376.0,
07:36:32,376.0,56.0,381.2,30.0,374.0,20.0,386.2,60.0,378.6,5.199999999999989,76.0,90.0,0.8414392431948184,376.0,381.2,166,-14.0,10.0,-0.08,376.0,2.0
07:36:33,374.0,7.0,386.0,49.0,371.0,7.0,389.9,20.0,380.0,12.0,14.0,69.0,1.4177517413101484,374.0,386.0,83,-55.0,-83.0,-0.66,375.6,5.0
07:36:34,374.0,7.0,386.0,49.0,371.0,7.0,389.38,16.0,380.0,12.0,14.0,65.0,1.6620830304132117,374.0,386.0,79,-51.0,-4.0,-0.65,375.6,
07:36:35,374.0,11.0,384.0,33.0,371.0,11.0,385.18,57.0,379.0,10.0,22.0,90.0,1.4359665734226663,374.0,384.0,112,-68.0,33.0,-0.61,375.6,
07:36:36,374.0,16.0,377.89,64.0,371.0,16.0,380.66,32.0,375.95,3.8899999999999855,32.0,96.0,1.661475248081449,374.0,377.89,128,-64.0,16.0,-0.5,375.6,
07:36:37,373.75,12.0,375.66,56.0,370.85,13.0,378.5,14.0,374.71,1.910000000000025,25.0,70.0,2.449667324349945,373.75,375.66,95,-45.0,-33.0,-0.47,374.0,1.0
07:36:38,370.39,23.0,374.57,28.0,369.44,25.0,377.23,47.0,372.48,4.180000000000007,48.0,75.0,3.087923250339728,370.39,374.57,123,-27.0,28.0,-0.22,370.33,3.0
07:36:39,368.0,14.0,370.0,14.0,366.0,28.0,371.43,14.0,369.0,2.0,42.0,28.0,3.753567636261532,368.0,370.0,70,14.0,-53.0,0.2,370.33,
07:36:40,366.0,18.0,369.47,17.0,360.0,36.0,374.67,12.0,367.74,3.4700000000000277,54.0,29.0,3.54689018719093,366.0,369.47,83,25.0,13.0,0.3,368.0,1.0
07:36:41,360.26,46.0,366.84,25.0,358.31,26.0,377.0,21.0,363.55,6.579999999999984,72.0,46.0,4.323613072419041,360.26,366.84,118,26.0,35.0,0.22,366.0,2.0
07:36:42,360.9,120.0,363.72,18.0,359.78,54.0,365.11,57.0,362.31,2.82000000000005,174.0,75.0,4.137490785487564,360.9,363.72,249,99.0,131.0,0.4,366.0,
07:36:43,363.77,44.0,374.69,42.0,363.07,88.0,376.06,34.0,369.23,10.920000000000016,132.0,76.0,3.2175036907507755,363.77,374.69,208,56.0,-41.0,0.27,364.4,5.0
07:36:44,369.04,118.0,375.0,70.0,366.23,117.0,378.0,56.0,372.02,5.95999999999998,235.0,126.0,4.019172800464598,369.04,375.0,361,109.0,153.0,0.3,374.0,1.0
07:36:45,369.0,88.0,374.12,16.0,368.0,144.0,375.29,41.0,371.56,5.1200000000000045,232.0,57.0,4.532430915082318,369.0,374.12,289,175.0,-72.0,0.61,369.0,4.0
07:36:46,369.0,75.0,372.0,15.0,368.0,180.0,375.13,30.0,370.5,3.0,255.0,45.0,3.957780943912014,369.0,372.0,300,210.0,11.0,0.7,369.0,
07:36:47,369.0,45.0,370.33,9.0,368.0,108.0,376.0,18.0,369.67,1.329999999999984,153.0,27.0,1.1926566982967644,369.0,370.33,180,126.0,-120.0,0.7,369.0,
07:36:48,368.39,59.0,370.0,10.0,367.42,93.0,379.2,20.0,369.19,1.6100000000000136,152.0,30.0,1.204188523443129,368.39,370.0,182,122.0,2.0,0.67,369.0,5.0
07:36:49,368.0,120.0,370.0,10.0,362.0,30.0,380.0,20.0,369.0,2.0,150.0,30.0,1.0544334971881983,368.0,370.0,180,120.0,-2.0,0.67,369.0,
07:36:50,368.0,96.0,370.0,8.0,362.0,24.0,380.0,16.0,369.0,2.0,120.0,24.0,0.6366081997530847,368.0,370.0,144,96.0,-36.0,0.67,369.0,
07:36:51,368.0,120.0,379.07,15.0,362.0,30.0,384.62,26.0,373.53,11.069999999999991,150.0,41.0,1.949069008524948,368.0,379.07,191,109.0,47.0,0.57,370.0,1.0
07:36:52,369.46,89.0,379.43,42.0,367.99,163.0,383.14,42.0,374.44,9.970000000000027,252.0,84.0,2.7159473485308747,369.4599999999999,379.43,336,168.0,145.0,0.5,370.0,1.0
07:36:53,370.73,22.0,379.0,18.0,369.96,50.0,382.0,18.0,374.86,8.269999999999982,72.0,36.0,2.929860064916287,370.73,379.0,108,36.0,-178.5,0.33,370.0,
07:36:54,369.4,77.0,378.33,30.0,368.37,153.0,383.58,62.0,373.87,8.930000000000007,230.0,92.0,2.3702847930134348,369.4,378.33,322,138.0,177.5,0.43,370.25,8.0
07:36:55,369.0,117.0,377.46,26.0,368.0,156.0,384.0,82.0,373.23,8.45999999999998,273.0,108.0,0.6638749882246345,369.0,377.46,381,165.0,59.0,0.43,370.25,
07:36:56,369.0,90.0,374.4,20.0,368.0,120.0,383.64,44.0,371.7,5.399999999999977,210.0,64.0,1.2360218444632884,369.0,374.4,274,146.0,-107.0,0.53,370.25,
07:36:57,369.75,72.0,374.0,22.0,368.77,105.0,383.0,66.0,371.88,4.25,177.0,88.0,1.3374864485259816,369.75,374.0,265,89.0,-9.0,0.34,370.25,
07:36:58,370.0,60.0,374.0,20.0,369.0,90.0,382.72,58.0,372.0,4.0,150.0,78.0,0.95886912558016,370.0,374.0,228,72.0,-37.0,0.32,370.25,
07:36:59,370.0,36.0,374.0,12.0,369.0,54.0,381.4,30.0,372.0,4.0,90.0,42.0,0.6095244047542449,370.0,374.0,132,48.0,-96.0,0.36,370.25,
07:37:00,370.0,78.0,373.08,26.0,369.0,117.0,382.88,50.0,371.54,3.079999999999984,195.0,76.0,0.2006987792467575,370.0,373.08,271,119.0,139.0,0.44,370.25,
07:37:01,370.0,60.0,372.0,20.0,369.0,90.0,382.27,22.0,371.0,2.0,150.0,42.0,0.4262393693585884,370.0,372.0,192,108.0,-79.0,0.56,370.25,
07:37:02,370.98,43.0,380.12,32.0,369.44,96.0,384.39,46.0,375.55,9.139999999999986,139.0,78.0,1.7986439336319198,370.98,380.12,217,61.0,25.0,0.28,372.0,2.0
07:37:03,376.0,9.0,382.57,21.0,370.0,54.0,385.47,30.0,379.29,6.569999999999993,63.0,51.0,3.512880584362411,376.0,382.57,114,12.0,-103.0,0.11,372.0,
07:37:04,376.0,14.0,380.43,42.0,370.0,84.0,384.71,28.0,378.21,4.430000000000007,98.0,70.0,3.772024655273328,376.0,380.43,168,28.0,54.0,0.17,372.0,
07:37:05,376.0,11.0,379.55,33.0,370.0,66.0,385.18,22.0,377.77,3.550000000000012,77.0,55.0,3.2932172719074235,376.0,379.55,132,22.0,-36.0,0.17,372.0,
07:37:06,372.21,19.0,379.0,33.0,369.48,63.0,386.0,22.0,375.61,6.7900000000000205,82.0,55.0,1.6527794771199913,372.21,379.0,137,27.0,5.0,0.2,371.5,4.0
07:37:07,370.0,27.0,379.0,27.0,369.0,27.0,386.0,18.0,374.5,9.0,54.0,45.0,1.965599145296192,370.0,379.0,99,9.0,-38.0,0.09,371.5,
07:37:08,369.76,25.0,379.0,27.0,368.47,45.0,386.0,18.0,374.38,9.240000000000007,70.0,45.0,1.802728487595788,369.76,379.0,115,25.0,16.0,0.22,371.5,
07:37:09,368.93,54.0,378.08,39.0,368.04,46.0,380.71,34.0,373.5,9.149999999999975,100.0,73.0,1.6442232208522456,368.93,378.08,173,27.0,58.0,0.16,369.4,5.0
07:37:10,369.26,78.0,375.68,57.0,368.0,228.0,377.11,57.0,372.47,6.420000000000016,306.0,114.0,1.1763375365897857,369.26,375.68000000000006,420,192.0,177.5,0.46,369.0,8.0
07:37:11,370.82,22.0,373.82,33.0,368.0,132.0,377.0,33.0,372.32,3.0,154.0,66.0,1.0254169883468744,370.82,373.82,220,88.0,-178.5,0.4,371.0,1.0
07:37:12,374.23,26.0,375.75,36.0,368.31,67.0,384.2,45.0,374.99,1.5199999999999818,93.0,81.0,1.1664776037242808,374.23,375.75,174,12.0,-46.0,0.07,372.0,3.0
07:37:13,368.54,117.0,376.67,36.0,366.38,39.0,386.0,48.0,372.6,8.129999999999995,156.0,84.0,1.113386725262369,368.54,376.67,240,72.0,66.0,0.3,374.0,4.0
07:37:14,368.0,144.0,376.0,36.0,366.0,48.0,386.83,48.0,372.0,8.0,192.0,84.0,1.2027593275425377,368.0,376.0,276,108.0,36.0,0.39,374.0,
07:37:15,368.0,120.0,376.0,30.0,366.0,40.0,387.57,35.0,372.0,8.0,160.0,65.0,1.259452261894281,368.0,376.0,225,95.0,-51.0,0.42,374.0,
07:37:16,366.77,52.0,376.0,33.0,363.38,32.0,388.0,44.0,371.38,9.230000000000018,84.0,77.0,1.4071531544187723,366.77,376.0,161,7.0,-64.0,0.04,374.0,
07:37:17,367.67,36.0,375.56,27.0,366.0,36.0,387.29,34.0,371.61,7.889999999999986,72.0,61.0,0.4644566718123268,367.67,375.56,133,11.0,-28.0,0.08,374.0,
07:37:18,368.0,36.0,375.0,33.0,366.0,44.0,381.87,30.0,371.5,7.0,80.0,63.0,0.2874369495925598,368.0,375.0,143,17.0,10.0,0.12,368.0,2.0
07:37:19,369.0,38.0,374.06,48.0,365.83,48.0,384.94,64.0,371.53,5.060000000000002,86.0,112.0,0.2362837277324197,369.0,374.06,198,-26.0,55.0,-0.13,369.25,8.0
07:37:20,361.7,20.0,373.0,30.0,358.56,50.0,384.0,40.0,367.35,11.300000000000011,70.0,70.0,1.8600080644963843,361.7,373.0,140,0.0,-58.0,0.0,366.0,2.0
07:37:21,360.54,26.0,370.92,39.0,358.18,56.0,383.43,37.0,365.73,10.379999999999995,82.0,76.0,2.801728038192174,360.54,370.92,158,6.0,18.0,0.04,366.0,
07:37:22,359.59,34.0,368.57,49.0,358.19,43.0,371.0,27.0,364.08,8.980000000000018,77.0,76.0,3.378071935289854,359.59,368.57,153,1.0,-5.0,0.01,366.0,
07:37:23,361.54,65.0,367.2,49.0,359.0,26.0,368.55,55.0,364.37,5.659999999999968,91.0,104.0,3.039197262435199,361.54,367.2,195,-13.0,42.0,-0.07,366.0,
07:37:24,362.36,70.0,364.29,52.0,359.0,28.0,366.44,52.0,363.32,1.9300000000000068,98.0,104.0,1.5903301544001944,362.36,364.29,202,-6.0,7.0,-0.03,364.0,2.0
07:37:25,360.33,36.0,364.54,41.0,355.77,26.0,376.16,43.0,362.43,4.210000000000036,62.0,84.0,1.2311092559131211,360.33,364.54,146,-22.0,-56.0,-0.15,363.0,5.0
07:37:26,357.83,107.0,359.19,62.0,353.15,26.0,362.39,49.0,358.51,1.3600000000000136,133.0,111.0,2.3760197810614905,357.83,359.19,244,22.0,98.0,0.09,358.0,5.0
07:37:27,354.5,32.0,363.75,36.0,347.67,24.0,361.89,36.0,359.12,9.25,56.0,72.0,2.5983744918690808,354.5,363.75,128,-16.0,-116.0,-0.12,359.7,10.0
07:37:28,351.0,16.0,363.5,24.0,346.0,16.0,370.55,20.0,357.25,12.5,32.0,44.0,2.617485434533801,351.0,363.5,76,-12.0,-52.0,-0.16,359.7,
07:37:29,351.0,18.0,367.91,22.0,346.0,18.0,373.68,34.0,359.45,16.910000000000025,36.0,56.0,1.914737579930216,351.0,367.91,92,-20.0,16.0,-0.22,359.7,
07:37:30,351.0,14.0,359.29,21.0,346.0,14.0,362.53,19.0,355.14,8.29000000000002,28.0,40.0,1.7537759263936237,351.0,359.29,68,-12.0,-24.0,-0.18,359.7,
07:37:31,351.0,14.0,359.0,21.0,346.0,14.0,360.0,21.0,355.0,8.0,28.0,42.0,2.111556298088741,351.0,359.0,70,-14.0,2.0,-0.2,359.7,
07:37:32,351.07,15.0,358.62,24.0,346.62,16.0,360.0,24.0,354.85,7.550000000000011,31.0,48.0,1.9972405964226396,351.07,358.62000000000006,79,-17.0,9.0,-0.22,359.7,
07:37:33,352.0,12.0,357.67,36.0,351.0,24.0,360.0,36.0,354.83,5.670000000000016,36.0,72.0,2.0141325676327537,352.0,357.67,108,-36.0,29.0,-0.33,359.7,
07:37:34,352.0,35.0,357.41,34.0,345.6,30.0,362.42,36.0,354.71,5.410000000000025,65.0,70.0,0.1665232716452613,352.0,357.41,135,-5.0,27.0,-0.04,359.75,8.0
07:37:35,352.0,33.0,358.0,18.0,343.25,32.0,365.0,9.0,355.0,6.0,65.0,27.0,0.1235718414504643,352.0,358.0,92,38.0,-43.0,0.41,359.75,
07:37:36,352.07,68.0,364.0,28.0,347.09,66.0,367.12,17.0,358.04,11.930000000000009,134.0,45.0,1.431443327554078,352.07,364.0,179,89.0,87.0,0.5,361.5,4.0
07:37:37,353.0,12.0,365.0,24.0,352.0,72.0,368.0,12.0,359.0,12.0,84.0,36.0,2.042995349969882,353.0,365.0,120,48.0,-59.0,0.4,361.5,
07:37:38,360.11,27.0,365.0,14.0,352.18,22.0,368.0,7.0,362.56,4.889999999999986,49.0,21.0,3.2219590313965103,360.11000000000007,365.0,70,28.0,-50.0,0.4,361.5,
07:37:39,354.0,14.0,364.5,40.0,352.71,84.0,366.67,18.0,359.25,10.5,98.0,58.0,2.7107747969901386,354.0,364.5,156,40.0,86.0,0.26,361.5,
07:37:40,354.96,171.0,363.17,59.0,353.81,111.0,365.0,30.0,359.06,8.210000000000036,282.0,89.0,1.729716739815048,354.96,363.17,371,193.0,177.5,0.52,363.0,2.0
07:37:41,357.0,405.0,362.27,45.0,356.0,15.0,363.58,36.0,359.63,5.269999999999982,420.0,81.0,1.5071993895952207,357.0,362.27,501,339.0,130.0,0.68,363.0,
07:37:42,357.28,177.0,361.71,34.0,350.88,41.0,363.43,42.0,359.49,4.430000000000007,218.0,76.0,1.448851269108096,357.28,361.71,294,142.0,-178.5,0.48,362.0,7.0
07:37:43,359.53,15.0,365.0,23.0,356.96,27.0,367.0,28.0,362.27,5.470000000000027,42.0,51.0,1.3207952150110736,359.53,365.0,93,-9.0,-178.5,-0.1,362.0,
07:37:44,361.87,15.0,372.46,26.0,358.45,22.0,378.76,17.0,367.16,10.589999999999977,37.0,43.0,3.395463149556349,361.87,372.46,80,-6.0,-13.0,-0.07,368.6,5.0
07:37:45,366.41,27.0,371.82,44.0,364.68,22.0,376.23,22.0,369.11,5.409999999999968,49.0,66.0,4.39978635844899,366.4100000000001,371.82,115,-17.0,35.0,-0.15,368.6,
07:37:46,368.71,24.0,371.0,28.0,367.29,14.0,376.0,14.0,369.85,2.2900000000000205,38.0,42.0,4.506504188391766,368.71,371.0,80,-4.0,-35.0,-0.05,368.6,
07:37:47,369.0,18.0,371.65,17.0,368.0,10.0,403.25,12.0,370.32,2.6499999999999773,28.0,29.0,3.2879583330679862,369.0,371.65,57,-1.0,-23.0,-0.02,369.0,2.0
07:37:48,369.0,6.0,378.0,6.0,368.0,6.0,514.62,8.0,373.5,9.0,12.0,14.0,2.3039032097702834,369.0,378.0,26,-2.0,-31.0,-0.08,369.0,
07:37:49,360.22,18.0,378.0,11.0,357.48,21.0,592.0,11.0,369.11,17.779999999999973,39.0,22.0,1.819662056534021,360.22,378.0,61,17.0,35.0,0.28,369.0,3.0
07:37:50,354.0,21.0,378.0,7.0,350.0,30.0,607.29,7.0,366.0,24.0,51.0,14.0,2.686508887011162,354.0,378.0,65,37.0,4.0,0.57,369.0,
07:37:51,357.43,42.0,378.0,9.0,353.83,35.0,457.55,11.0,367.71,20.569999999999997,77.0,20.0,2.8341965351736254,357.43,378.0,97,57.0,32.0,0.59,369.0,
07:37:52,358.0,39.0,368.0,65.0,355.0,108.0,377.46,13.0,363.0,10.0,147.0,78.0,3.8882425335864728,358.0,368.0,225,69.0,128.0,0.31,369.0,
07:37:53,358.0,24.0,368.0,40.0,355.0,72.0,376.0,12.0,363.0,10.0,96.0,52.0,2.7530764609781686,358.0,368.0,148,44.0,-77.0,0.3,369.0,
07:37:54,358.0,33.0,368.0,49.0,355.0,69.0,375.0,33.0,363.0,10.0,102.0,82.0,2.1963196488655248,358.0,368.0,184,20.0,36.0,0.11,368.0,2.0
07:37:55,358.0,33.0,367.18,33.0,355.0,33.0,372.18,33.0,362.59,9.180000000000009,66.0,66.0,2.159525410823701,358.0,367.18,132,0.0,-52.0,0.0,368.0,
07:37:56,358.0,33.0,359.0,33.0,355.0,33.0,369.0,30.0,358.5,1.0,66.0,63.0,1.9746189505812803,358.0,359.0,129,3.0,-3.0,0.02,368.0,
07:37:57,356.88,24.0,359.0,24.0,354.62,24.0,366.71,17.0,357.94,2.1200000000000045,48.0,41.0,2.55643892944766,356.87999999999994,359.0,89,7.0,-40.0,0.08,358.0,3.0
07:37:58,355.0,27.0,358.53,17.0,354.0,27.0,362.76,25.0,356.76,3.5299999999999727,54.0,42.0,2.846334484911515,355.0,358.53,96,12.0,7.0,0.12,358.0,
07:37:59,355.33,45.0,358.55,33.0,354.14,42.0,367.96,49.0,356.94,3.2200000000000277,87.0,82.0,2.371303439038848,355.33,358.55,169,5.0,73.0,0.03,355.0,1.0
07:38:00,352.0,35.0,358.67,36.0,350.57,35.0,367.32,50.0,355.33,6.670000000000016,70.0,86.0,1.2185565231037738,352.0,358.67,156,-16.0,-13.0,-0.1,355.0,
07:38:01,353.57,84.0,358.0,22.0,347.76,25.0,359.0,33.0,355.79,4.430000000000007,109.0,55.0,1.0239970703079129,353.57,358.0,164,54.0,8.0,0.33,355.0,
07:38:02,346.0,22.0,358.0,22.0,343.0,33.0,359.0,33.0,352.0,12.0,55.0,55.0,1.9957279373702488,346.0,358.0,110,0.0,-54.0,0.0,355.0,
07:38:03,346.0,30.0,358.0,23.0,343.0,45.0,359.0,45.0,352.0,12.0,75.0,68.0,2.278589475969917,346.0,358.0,143,7.0,33.0,0.05,358.0,1.0
07:38:04,347.5,16.0,359.0,27.0,343.48,25.0,360.0,18.0,353.25,11.5,41.0,45.0,1.803061285703144,347.5,359.0,86,-4.0,-57.0,-0.05,358.0,1.0
07:38:05,356.5,16.0,359.14,42.0,345.86,29.0,360.38,39.0,357.82,2.6399999999999864,45.0,81.0,2.5598378854921835,356.5,359.14,126,-36.0,40.0,-0.29,358.75,4.0
07:38:06,346.0,38.0,365.13,38.0,341.58,19.0,364.9,52.0,355.57,19.129999999999995,57.0,90.0,2.526750878104348,346.0,365.13,147,-33.0,21.0,-0.22,362.15,13.0
07:38:07,346.0,12.0,365.17,12.0,341.0,6.0,367.5,12.0,355.58,19.170000000000016,18.0,24.0,2.2668546490678425,346.0,365.17,42,-6.0,-105.0,-0.14,362.15,
07:38:08,346.0,24.0,363.33,27.0,341.0,12.0,364.16,38.0,354.67,17.329999999999984,36.0,65.0,1.6636315697894302,346.0,363.33,101,-29.0,59.0,-0.29,362.15,
07:38:09,346.0,14.0,363.0,14.0,341.0,7.0,364.0,28.0,354.5,17.0,21.0,42.0,1.3229399079322672,346.0,363.0,63,-21.0,-38.0,-0.33,362.15,
07:38:10,345.0,24.0,361.31,26.0,343.52,25.0,363.1,20.0,353.15,16.310000000000002,49.0,46.0,0.9968099116685134,345.0,361.31,95,3.0,32.0,0.03,362.15,
07:38:11,345.81,62.0,361.0,64.0,344.53,38.0,364.93,42.0,353.4,15.189999999999998,100.0,106.0,0.9924464721086564,345.81,361.0,206,-6.0,111.0,-0.03,362.15,
07:38:12,346.35,62.0,360.04,48.0,345.77,71.0,362.4,43.0,353.2,13.689999999999998,133.0,91.0,0.7396147645911776,346.35,360.04,224,42.0,18.0,0.19,362.15,
07:38:13,347.55,22.0,358.64,25.0,346.0,55.0,360.45,22.0,353.09,11.089999999999977,77.0,47.0,0.5885320721944333,347.55,358.64,124,30.0,-100.0,0.24,362.15,
07:38:14,348.0,22.0,357.64,28.0,344.73,55.0,358.44,27.0,352.82,9.639999999999986,77.0,55.0,0.2096902477505433,348.0,357.64,132,22.0,8.0,0.17,362.15,
07:38:15,348.0,22.0,356.55,22.0,344.0,55.0,358.0,33.0,352.27,8.550000000000011,77.0,55.0,0.4369553752979757,348.0,356.55,132,22.0,0.0,0.17,362.15,
07:38:16,348.36,22.0,356.0,22.0,344.0,55.0,358.0,33.0,352.18,7.639999999999986,77.0,55.0,0.4666583332610207,348.36,356.0,132,22.0,0.0,0.17,362.15,
07:38:17,349.09,22.0,356.31,26.0,344.0,55.0,358.39,31.0,352.7,7.220000000000027,77.0,57.0,0.3817983761123492,349.09,356.31,134,20.0,2.0,0.15,357.75,8.0
07:38:18,350.68,25.0,360.0,14.0,344.69,61.0,361.0,28.0,355.34,9.319999999999991,86.0,42.0,1.302313326354935,350.68,360.0,128,44.0,-6.0,0.34,357.75,
07:38:19,355.11,19.0,359.0,24.0,353.69,29.0,360.86,28.0,357.05,3.8899999999999855,48.0,52.0,2.182377144308705,355.11,359.0,100,-4.0,-28.0,-0.04,357.75,
07:38:20,358.44,18.0,360.11,19.0,354.0,36.0,361.64,39.0,359.27,1.670000000000016,54.0,58.0,2.971492890787364,358.44,360.11,112,-4.0,12.0,-0.04,360.0,1.0
07:38:21,355.68,56.0,360.93,28.0,352.58,67.0,366.57,56.0,358.3,5.25,123.0,84.0,2.59787798019823,355.68,360.93,207,39.0,95.0,0.19,360.0,1.0
07:38:22,356.62,63.0,366.73,44.0,355.58,72.0,369.33,18.0,361.67,10.110000000000014,135.0,62.0,2.377946593176013,356.62,366.73,197,73.0,-10.0,0.37,363.0,3.0
07:38:23,359.47,68.0,365.31,77.0,357.0,85.0,367.6,47.0,362.39,5.839999999999975,153.0,124.0,2.251550576823944,359.47,365.31,277,29.0,80.0,0.1,363.0,
07:38:24,361.75,80.0,365.0,80.0,360.0,64.0,368.0,64.0,363.38,3.25,144.0,144.0,2.140577025008717,361.75,365.0,288,0.0,11.0,0.0,363.0,
07:38:25,364.5,60.0,367.64,33.0,362.84,49.0,371.3,27.0,366.07,3.1399999999999864,109.0,60.0,2.8180259047769423,364.5,367.64,169,49.0,-119.0,0.29,366.33,9.0
07:38:26,366.65,40.0,370.97,31.0,365.12,68.0,371.88,17.0,368.81,4.32000000000005,108.0,48.0,2.9474531378788806,366.65,370.97,156,60.0,-13.0,0.38,368.0,4.0
07:38:27,368.68,57.0,370.52,25.0,366.38,32.0,374.92,13.0,369.6,1.839999999999975,89.0,38.0,3.191590512580017,368.68000000000006,370.52,127,51.0,-29.0,0.4,369.0,2.0
07:38:28,362.71,21.0,371.4,15.0,355.89,37.0,379.47,15.0,367.06,8.689999999999998,58.0,30.0,2.449883670705598,362.71,371.4,88,28.0,-39.0,0.32,368.2,5.0
07:38:29,358.09,109.0,360.65,46.0,357.8,56.0,367.0,16.0,359.37,2.5600000000000023,165.0,62.0,4.0551165211360445,358.09,360.65,227,103.0,139.0,0.45,368.2,
07:38:30,358.0,99.0,361.39,23.0,356.18,11.0,370.45,11.0,359.7,3.3899999999999864,110.0,34.0,4.991599943904909,358.0,361.39,144,76.0,-83.0,0.53,368.2,
07:38:31,358.0,81.0,361.22,9.0,354.0,9.0,365.0,9.0,359.61,3.2200000000000277,90.0,18.0,4.888237923832344,358.0,361.22,108,72.0,-36.0,0.67,368.2,
07:38:32,358.0,81.0,362.67,9.0,354.0,9.0,368.11,9.0,360.33,4.670000000000016,90.0,18.0,3.2871918106484035,358.0,362.67,108,72.0,0.0,0.67,361.0,1.0
07:38:33,358.52,93.0,360.0,13.0,354.0,13.0,361.14,57.0,359.26,1.4800000000000182,106.0,70.0,0.4174086726398995,358.52,360.0,176,36.0,68.0,0.2,359.0,4.0
07:38:34,359.0,37.0,360.0,14.0,354.0,14.0,361.0,70.0,359.5,1.0,51.0,84.0,0.3989360851000891,359.0,360.0,135,-33.0,-41.0,-0.24,359.0,3.0
07:38:35,354.0,7.0,361.0,35.0,350.0,35.0,365.0,7.0,357.5,7.0,42.0,42.0,1.0512611473821822,354.0,361.0,84,0.0,-51.0,0.0,360.0,1.0
07:38:36,353.5,4.0,361.0,20.0,350.0,20.0,365.0,4.0,357.25,7.5,24.0,24.0,1.3350917571446763,353.5,361.0,48,0.0,-36.0,0.0,360.0,
07:38:37,352.77,31.0,361.0,65.0,350.29,41.0,365.0,13.0,356.89,8.230000000000018,72.0,78.0,1.2093593345223037,352.77,361.0,150,-6.0,102.0,-0.04,360.0,
07:38:38,354.83,42.0,369.25,48.0,353.15,48.0,377.33,18.0,362.04,14.420000000000016,90.0,66.0,2.1560217995177533,354.83,369.25,156,24.0,6.0,0.15,362.57,7.0
07:38:39,360.16,19.0,368.0,23.0,358.38,47.0,374.57,14.0,364.08,7.839999999999975,66.0,37.0,3.2897218727416586,360.16,368.0,103,29.0,-53.0,0.28,368.0,3.0
07:38:40,364.0,18.0,368.0,16.0,362.15,26.0,378.0,16.0,366.0,4.0,44.0,32.0,4.068325208239057,364.0,368.0,76,12.0,-27.0,0.16,368.0,
07:38:41,368.06,16.0,375.22,18.0,361.09,33.0,442.47,15.0,371.64,7.160000000000025,49.0,33.0,5.401046194950639,368.06,375.22,82,16.0,6.0,0.2,368.0,1.0
07:38:42,369.33,18.0,373.0,40.0,368.86,28.0,443.23,13.0,371.17,3.670000000000016,46.0,53.0,4.273333593342373,369.33,373.0,99,-7.0,17.0,-0.07,368.0,
07:38:43,369.2,30.0,373.0,48.0,368.8,30.0,384.0,36.0,371.1,3.8000000000000114,60.0,84.0,3.503244210726252,369.2,373.0,144,-24.0,45.0,-0.17,368.0,
07:38:44,373.93,27.0,383.47,19.0,370.7,46.0,407.71,42.0,378.7,9.54000000000002,73.0,61.0,4.531337550876615,373.93,383.47,134,12.0,-10.0,0.09,373.6,5.0
07:38:45,376.0,12.0,382.75,12.0,374.0,53.0,385.92,36.0,379.38,6.75,65.0,48.0,4.249437609847028,376.0,382.75,113,17.0,-21.0,0.15,373.6,
07:38:46,376.0,11.0,380.38,13.0,374.0,55.0,384.84,31.0,378.19,4.379999999999996,66.0,44.0,4.195923021217309,376.0,380.38,110,22.0,-3.0,0.2,373.6,
07:38:47,376.0,14.0,378.43,42.0,374.0,70.0,380.0,14.0,377.21,2.430000000000007,84.0,56.0,3.346241174808014,376.0,378.43,140,28.0,30.0,0.2,373.6,
07:38:48,374.1,42.0,376.9,20.0,370.92,26.0,381.64,14.0,375.5,2.7999999999999545,68.0,34.0,1.5080218831237084,374.1,376.9,102,34.0,-38.0,0.33,376.0,1.0
07:38:49,372.06,31.0,374.98,41.0,368.62,16.0,377.92,24.0,373.52,2.920000000000016,47.0,65.0,2.302009991286032,372.06,374.98,112,-18.0,10.0,-0.16,374.0,5.0
07:38:50,369.0,18.0,372.77,13.0,368.0,13.0,380.0,13.0,370.88,3.769999999999982,31.0,26.0,2.935004258937616,369.0,372.77,57,5.0,-55.0,0.09,369.0,1.0
07:38:51,368.82,11.0,370.93,14.0,365.65,17.0,379.18,11.0,369.87,2.1100000000000136,28.0,25.0,3.072121416868671,368.82,370.93,53,3.0,-4.0,0.06,369.0,1.0
07:38:52,365.5,24.0,369.53,19.0,362.71,51.0,371.87,31.0,367.51,4.029999999999973,75.0,50.0,3.1237845636318657,365.5,369.53,125,25.0,72.0,0.2,368.0,1.0
07:38:53,363.28,50.0,380.54,26.0,360.0,20.0,382.71,17.0,371.91,17.260000000000048,70.0,43.0,2.2531466885192537,363.28,380.54,113,27.0,-12.0,0.24,368.0,1.0
07:38:54,370.0,16.0,378.26,53.0,363.0,64.0,380.0,22.0,374.13,8.259999999999991,80.0,75.0,2.449408091761188,370.0,378.26,155,5.0,42.0,0.03,368.0,
07:38:55,367.5,8.0,376.62,32.0,360.19,43.0,378.0,8.0,372.06,9.120000000000005,51.0,40.0,2.5079633171131017,367.5,376.62,91,11.0,-64.0,0.12,366.25,4.0
07:38:56,365.0,6.0,376.0,24.0,358.81,37.0,378.0,6.0,370.5,11.0,43.0,30.0,2.446031479761621,365.0,376.0,73,13.0,-18.0,0.18,366.25,
07:38:57,360.0,19.0,375.75,16.0,357.62,37.0,376.32,19.0,367.88,15.75,56.0,35.0,2.30732095729761,360.0,375.75,91,21.0,18.0,0.23,365.0,1.0
07:38:58,359.38,58.0,373.75,48.0,357.89,73.0,375.83,42.0,366.56,14.370000000000005,131.0,90.0,3.066884412557116,359.38,373.75,221,41.0,130.0,0.19,366.0,1.0
07:38:59,358.19,81.0,367.62,37.0,357.62,29.0,371.56,45.0,362.9,9.430000000000009,110.0,82.0,3.564744030079604,358.19,367.62,192,28.0,-29.0,0.15,366.0,
07:39:00,359.5,80.0,363.75,64.0,357.98,86.0,365.0,32.0,361.62,4.25,166.0,96.0,3.634352762183418,359.5,363.75,262,70.0,70.0,0.27,366.0,
07:39:01,356.82,91.0,362.93,59.0,352.57,42.0,365.44,36.0,359.88,6.110000000000014,133.0,95.0,3.361089109201399,356.82,362.93,228,38.0,-34.0,0.17,362.0,4.0
07:39:02,351.72,94.0,359.36,39.0,351.74,121.0,361.0,84.0,355.54,7.639999999999986,215.0,123.0,4.047344808636207,351.72,359.36,338,92.0,110.0,0.27,362.0,
07:39:03,353.79,76.0,360.09,35.0,352.09,106.0,362.85,26.0,356.94,6.2999999999999545,182.0,61.0,3.09665626119468,353.79,360.09,243,121.0,-95.0,0.5,358.67,6.0
07:39:04,354.75,96.0,361.35,23.0,353.0,16.0,365.67,18.0,358.05,6.600000000000023,112.0,41.0,2.397515380554868,354.75,361.35,153,71.0,-90.0,0.46,358.67,
07:39:05,362.15,89.0,368.0,64.0,354.93,162.0,371.0,16.0,365.07,5.850000000000023,251.0,80.0,3.697665479731304,362.15,368.0,331,171.0,177.5,0.52,366.2,5.0
07:39:06,368.24,84.0,370.2,15.0,361.94,34.0,372.96,45.0,369.22,1.9599999999999795,118.0,60.0,5.897552882339849,368.24,370.2,178,58.0,-153.0,0.33,368.0,4.0
07:39:14,366.2,30.0,401.81,21.0,364.48,97.0,403.91,33.0,384.0,35.610000000000014,127.0,54.0,2.8548642699737736,366.2,401.81,181,73.0,97.0,0.4,368.0,
07:39:15,367.62,8.0,400.41,32.0,366.04,78.0,401.12,16.0,384.02,32.79000000000002,86.0,48.0,2.7259805575193705,367.62,400.41,134,38.0,-47.0,0.28,368.0,
07:39:16,369.0,6.0,398.0,6.0,366.07,45.0,400.0,30.0,383.5,29.0,51.0,36.0,2.7277921475020968,369.0,398.0,87,15.0,-47.0,0.17,368.0,
07:39:17,369.0,4.0,397.0,12.0,367.0,20.0,398.42,12.0,383.0,28.0,24.0,24.0,1.044806202113436,369.0,397.0,48,0.0,-39.0,0.0,368.0,
07:39:18,369.0,6.0,394.71,14.0,367.0,30.0,395.09,22.0,381.86,25.70999999999998,36.0,36.0,0.8957008429018309,369.0,394.71,72,0.0,24.0,0.0,368.0,
07:39:19,369.0,8.0,375.46,24.0,367.0,40.0,390.79,28.0,372.23,6.45999999999998,48.0,52.0,4.924238012116812,369.0,375.46,100,-4.0,28.0,-0.04,368.0,
07:39:20,367.24,34.0,369.8,50.0,366.19,104.0,374.2,50.0,368.52,2.5600000000000023,138.0,100.0,6.9490013671014585,367.24,369.8,238,38.0,138.0,0.16,369.0,1.0
07:39:21,367.0,30.0,368.0,29.0,366.0,126.0,378.0,45.0,367.5,1.0,156.0,74.0,7.352864747836695,367.0,368.0,230,82.0,-8.0,0.36,367.4,5.0
07:39:22,366.0,112.0,377.31,16.0,286.53,38.0,378.24,34.0,371.66,11.310000000000002,150.0,50.0,5.681591326378614,366.0,377.31,200,100.0,-30.0,0.5,367.0,2.0
07:39:23,366.0,98.0,372.5,40.0,299.55,44.0,375.0,10.0,369.25,6.5,142.0,50.0,2.0365583713662425,366.0,372.5,192,92.0,-8.0,0.48,367.0,
07:39:24,366.0,36.0,368.62,13.0,293.0,20.0,370.38,13.0,367.31,2.6200000000000045,56.0,26.0,1.75777416068802,366.0,368.62,82,30.0,-110.0,0.37,367.0,
07:39:25,366.0,60.0,367.8,15.0,293.71,34.0,369.38,29.0,366.9,1.8000000000000114,94.0,44.0,1.9698553246324144,366.0,367.8,138,50.0,56.0,0.36,366.5,6.0
07:39:26,366.0,52.0,367.07,30.0,302.0,16.0,378.35,23.0,366.53,1.0699999999999932,68.0,53.0,2.136621164358072,366.0,367.07,121,15.0,-17.0,0.12,366.0,4.0
07:39:32,328.76,37.0,359.0,42.0,306.55,33.0,360.0,10.0,343.88,30.24000000000001,70.0,52.0,13.051411034827538,328.76,359.0,122,18.0,35.0,0.15,359.0,4.0
07:39:33,332.19,36.0,359.0,12.0,330.71,24.0,360.0,12.0,345.6,26.81,60.0,24.0,15.73074600901094,332.19,359.0,84,36.0,-38.0,0.43,359.0,
07:39:34,335.0,24.0,368.2,10.0,333.0,6.0,378.3,10.0,351.6,33.19999999999999,30.0,20.0,15.458010221241548,335.0,368.2,50,10.0,-34.0,0.2,364.5,16.0
07:39:35,345.65,75.0,371.89,27.0,335.17,24.0,731.0,18.0,358.77,26.24000000000001,99.0,45.0,11.176535688664964,345.65,371.88999999999993,144,54.0,94.0,0.38,364.5,
07:39:36,347.31,116.0,366.64,55.0,343.88,32.0,368.0,33.0,356.97,19.329999999999984,148.0,88.0,6.625060754438239,347.31,366.64,236,60.0,92.0,0.25,364.5,
07:39:37,355.44,41.0,365.32,76.0,352.65,31.0,367.33,45.0,360.38,9.879999999999995,72.0,121.0,6.049663627012288,355.44,365.32,193,-49.0,-43.0,-0.25,364.0,2.0
07:39:38,357.92,13.0,362.4,30.0,356.85,39.0,369.6,30.0,360.16,4.479999999999961,52.0,60.0,3.6071082600877946,357.92,362.4,112,-8.0,-81.0,-0.07,364.0,
07:39:39,359.46,13.0,367.04,53.0,357.29,38.0,391.39,49.0,363.25,7.580000000000041,51.0,102.0,2.3120402245618235,359.46,367.0400000000001,153,-51.0,41.0,-0.33,360.0,3.0
07:39:40,362.1,21.0,370.35,46.0,357.38,39.0,378.0,68.0,366.22,8.25,60.0,114.0,3.494914877359792,362.1,370.35,174,-54.0,21.0,-0.31,360.0,
07:39:41,365.0,11.0,370.0,15.0,363.71,14.0,371.0,25.0,367.5,5.0,25.0,40.0,3.3298228181074827,365.0,370.0,65,-15.0,-109.0,-0.23,360.0,
07:39:42,365.24,41.0,369.86,28.0,334.62,146.0,370.94,64.0,367.55,4.6200000000000045,187.0,92.0,3.1901614379194343,365.24,369.86,279,95.0,177.5,0.34,369.5,2.0
07:39:43,366.84,43.0,369.0,32.0,364.8,45.0,372.8,30.0,367.92,2.160000000000025,88.0,62.0,1.9208774036848453,366.84,369.0,150,26.0,-129.0,0.17,368.33,6.0
07:39:44,369.0,16.0,372.0,16.0,368.0,16.0,379.0,40.0,370.5,3.0,32.0,56.0,1.5698789762226346,369.0,372.0,88,-24.0,-62.0,-0.27,368.33,
07:39:45,369.0,22.0,372.0,22.0,368.0,22.0,379.11,53.0,370.5,3.0,44.0,75.0,1.5657841485930166,369.0,372.0,119,-31.0,31.0,-0.26,368.33,
07:39:46,369.0,24.0,372.0,12.0,368.0,12.0,380.58,19.0,370.5,3.0,36.0,31.0,1.5200921024676974,369.0,372.0,67,5.0,-52.0,0.07,368.33,
07:39:47,369.0,50.0,373.17,24.0,368.0,22.0,379.14,43.0,371.08,4.170000000000016,72.0,67.0,1.2442668524010756,369.0,373.17,139,5.0,72.0,0.04,369.0,4.0
07:39:48,369.0,14.0,376.31,13.0,368.0,14.0,381.64,25.0,372.65,7.310000000000002,28.0,38.0,0.9311713053908892,369.0,376.31,66,-10.0,-73.0,-0.15,369.0,
07:39:49,369.0,14.0,371.86,7.0,368.0,14.0,381.38,16.0,370.43,2.8600000000000136,28.0,23.0,0.9418970219633236,369.0,371.86,51,5.0,-15.0,0.1,369.0,
07:39:50,369.0,24.0,370.67,12.0,368.0,24.0,373.17,12.0,369.83,1.670000000000016,48.0,24.0,1.0747883512503604,369.0,370.67,72,24.0,21.0,0.33,370.0,1.0
07:39:51,372.5,16.0,376.58,12.0,368.58,24.0,379.0,12.0,374.54,4.079999999999984,40.0,24.0,1.9014547062665,372.5,376.58,64,16.0,-8.0,0.25,370.0,
07:39:52,376.0,9.0,377.0,9.0,368.0,18.0,379.0,9.0,376.5,1.0,27.0,18.0,2.7918363132501804,376.0,377.0,45,9.0,-19.0,0.2,370.0,
07:39:53,376.0,7.0,377.0,7.0,368.97,62.0,379.0,7.0,376.5,1.0,69.0,14.0,3.23872660161086,376.0,377.0,83,55.0,38.0,0.66,370.0,
07:39:54,369.4,53.0,377.0,9.0,368.71,42.0,379.0,9.0,373.2,7.600000000000023,95.0,18.0,2.7728829762507927,369.3999999999999,377.0,113,77.0,30.0,0.68,370.17,6.0
07:39:55,370.0,80.0,377.0,10.0,369.0,50.0,379.0,10.0,373.5,7.0,130.0,20.0,1.5879294694604116,370.0,377.0,150,110.0,37.0,0.73,370.17,
07:39:56,370.0,32.0,376.5,4.0,369.0,20.0,378.0,4.0,373.25,6.5,52.0,8.0,1.747283606052835,370.0,376.5,60,44.0,-90.0,0.73,370.17,
07:39:57,370.0,72.0,375.56,9.0,369.0,45.0,377.0,9.0,372.78,5.560000000000002,117.0,18.0,1.5060146081567292,370.0,375.56,135,99.0,75.0,0.73,370.17,
07:39:58,370.0,70.0,373.57,14.0,369.0,70.0,377.94,17.0,371.79,3.569999999999993,140.0,31.0,0.67433671113324,370.0,373.57,171,109.0,36.0,0.64,370.0,3.0
07:39:59,370.0,30.0,373.0,6.0,369.0,30.0,384.0,24.0,371.5,3.0,60.0,30.0,0.8838155916152263,370.0,373.0,90,30.0,-81.0,0.33,370.0,
07:40:00,370.0,20.0,372.75,8.0,369.0,40.0,383.62,32.0,371.38,2.75,60.0,40.0,0.8293672286643564,370.0,372.75,100,20.0,10.0,0.2,370.0,4.0
07:40:01,370.0,27.0,378.08,48.0,369.0,90.0,381.52,42.0,374.04,8.079999999999984,117.0,90.0,1.1185347558222398,370.0,378.08,207,27.0,107.0,0.13,371.0,1.0
07:40:02,369.44,36.0,379.0,48.0,368.43,56.0,388.0,12.0,374.22,9.560000000000002,92.0,60.0,1.4187600219847532,369.44,379.0,152,32.0,-55.0,0.21,370.0,2.0
07:40:03,371.33,72.0,378.24,17.0,369.59,37.0,379.14,63.0,374.78,6.910000000000025,109.0,80.0,1.615821772344274,371.33,378.24,189,29.0,37.0,0.15,370.0,
07:40:04,372.12,102.0,376.47,57.0,370.76,34.0,376.65,49.0,374.3,4.350000000000023,136.0,106.0,1.3495480724974,372.12,376.47,242,30.0,53.0,0.12,370.0,
07:40:05,373.0,78.0,375.0,13.0,371.0,26.0,376.0,65.0,374.0,2.0,104.0,78.0,0.3119615360603068,373.0,375.0,182,26.0,-60.0,0.14,370.0,
07:40:06,373.0,73.0,374.08,13.0,371.0,26.0,376.23,62.0,373.54,1.079999999999984,99.0,75.0,0.4520176987477075,373.0,374.08,174,24.0,-8.0,0.14,373.0,5.0
07:40:07,370.44,18.0,380.43,14.0,368.65,34.0,384.11,18.0,375.44,9.990000000000007,52.0,32.0,0.7305614279312747,370.44,380.43,84,20.0,-90.0,0.24,371.67,3.0
07:40:08,368.0,56.0,383.0,20.0,367.0,20.0,385.0,20.0,375.5,15.0,76.0,40.0,0.877428059718216,368.0,383.0,116,36.0,32.0,0.31,368.0,1.0
07:40:09,368.0,36.0,383.0,16.0,367.0,16.0,385.0,16.0,375.5,15.0,52.0,32.0,0.9509363806168524,368.0,383.0,84,20.0,-32.0,0.24,368.0,2.0
07:40:10,368.0,32.0,383.0,26.0,367.0,26.0,385.0,26.0,375.5,15.0,58.0,52.0,0.8702183633895759,368.0,383.0,110,6.0,26.0,0.05,368.0,1.0
07:40:11,368.0,20.0,376.54,13.0,367.0,20.0,383.6,20.0,372.27,8.54000000000002,40.0,33.0,1.438026425341577,368.0,376.54,73,7.0,-37.0,0.1,368.0,
07:40:12,368.0,24.0,377.0,38.0,367.0,24.0,385.79,38.0,372.5,9.0,48.0,76.0,1.70809250334434,368.0,377.0,124,-28.0,51.0,-0.23,368.0,
07:40:13,373.0,70.0,383.91,44.0,368.98,43.0,388.64,56.0,378.45,10.910000000000023,113.0,100.0,2.548711439135592,373.0,383.91,213,13.0,89.0,0.06,368.0,
07:40:14,373.0,80.0,382.41,22.0,370.0,112.0,383.68,44.0,377.7,9.410000000000023,192.0,66.0,2.861036525453711,373.0,382.41,258,126.0,45.0,0.49,368.0,
07:40:15,373.0,65.0,379.0,28.0,370.0,91.0,380.69,29.0,376.0,6.0,156.0,57.0,2.879154389743655,373.0,379.0,213,99.0,-45.0,0.46,368.0,
07:40:16,373.0,75.0,378.0,15.0,370.0,105.0,380.6,60.0,375.5,5.0,180.0,75.0,2.312358103750267,373.0,378.0,255,105.0,42.0,0.41,368.0,
07:40:17,371.08,50.0,379.0,20.0,369.58,72.0,382.62,26.0,375.04,7.920000000000016,122.0,46.0,1.4677261324848905,371.08,379.0,168,76.0,-87.0,0.45,372.5,6.0
07:40:18,372.78,27.0,382.0,28.0,369.71,42.0,386.0,21.0,377.39,9.220000000000027,69.0,49.0,1.1685803352697972,372.78,382.0,118,20.0,-50.0,0.17,372.5,
07:40:19,375.0,27.0,382.0,36.0,370.0,54.0,386.0,27.0,378.5,7.0,81.0,63.0,1.4293984748764412,375.0,382.0,144,18.0,26.0,0.12,372.5,
07:40:20,375.0,30.0,382.0,40.0,370.0,60.0,386.0,30.0,378.5,7.0,90.0,70.0,1.6388044422622714,375.0,382.0,160,20.0,16.0,0.12,372.5,
07:40:21,375.0,51.0,382.95,63.0,370.31,67.0,386.65,46.0,378.98,7.949999999999989,118.0,109.0,1.5881183834896648,375.0,382.95,227,9.0,67.0,0.04,372.5,
07:40:22,375.0,24.0,383.14,28.0,373.0,8.0,387.2,20.0,379.07,8.139999999999986,32.0,48.0,0.6683337489435898,375.0,383.14,80,-16.0,-147.0,-0.2,372.5,
07:40:23,375.0,33.0,381.0,44.0,373.0,11.0,384.0,33.0,378.0,6.0,44.0,77.0,0.4315089801810042,375.0,381.0,121,-33.0,41.0,-0.27,372.5,
07:40:24,374.0,36.0,380.1,50.0,372.17,12.0,382.15,39.0,377.05,6.100000000000023,48.0,89.0,0.8285227818094107,374.0,380.1,137,-41.0,16.0,-0.3,374.5,4.0
07:40:25,369.0,63.0,377.88,68.0,367.89,74.0,380.53,57.0,373.44,8.879999999999995,137.0,125.0,2.313389288463685,369.0,377.88,262,12.0,125.0,0.05,369.0,3.0
07:40:26,369.09,76.0,373.56,86.0,368.36,173.0,375.17,76.0,371.33,4.470000000000027,249.0,162.0,3.265098773388088,369.09,373.56,411,87.0,149.0,0.21,369.0,
07:40:27,368.62,65.0,371.33,66.0,368.28,117.0,374.75,51.0,369.97,2.7099999999999795,182.0,117.0,3.4991813328238,368.62,371.33,299,65.0,-112.0,0.22,369.14,7.0
07:40:28,368.03,89.0,370.0,52.0,367.43,70.0,386.47,38.0,369.02,1.9700000000000275,159.0,90.0,3.1974630568600437,368.03,370.0,249,69.0,-50.0,0.28,368.33,3.0
07:40:29,368.0,83.0,372.07,30.0,367.0,48.0,382.21,56.0,370.03,4.069999999999993,131.0,86.0,1.7096695587120008,368.0,372.07,217,45.0,-32.0,0.21,368.0,5.0
07:40:30,368.0,15.0,387.0,20.0,367.0,20.0,389.0,10.0,377.5,19.0,35.0,30.0,3.4152818331706505,368.0,387.0,65,5.0,-152.0,0.08,368.0,
07:40:31,368.0,27.0,383.0,36.0,367.0,36.0,389.21,28.0,375.5,15.0,63.0,64.0,3.82642522466916,368.0,383.0,127,-1.0,62.0,-0.01,368.0,
07:40:32,368.0,27.0,383.0,36.0,367.0,36.0,388.14,37.0,375.5,15.0,63.0,73.0,3.7453571258270006,368.0,383.0,136,-10.0,9.0,-0.07,368.0,
07:40:33,368.0,18.0,383.0,24.0,367.0,24.0,388.0,24.0,375.5,15.0,42.0,48.0,2.806809576722552,368.0,383.0,90,-6.0,-46.0,-0.07,368.0,
07:40:34,368.0,24.0,376.33,27.0,367.0,32.0,384.88,32.0,372.17,8.329999999999984,56.0,59.0,1.9193175870555643,368.0,376.33,115,-3.0,25.0,-0.03,368.0,
07:40:35,368.0,45.0,381.26,61.0,367.0,60.0,385.77,79.0,374.63,13.259999999999993,105.0,140.0,1.442029819380128,368.0,381.26,245,-35.0,130.0,-0.14,368.0,
07:40:36,370.3,67.0,379.74,82.0,367.09,66.0,380.73,82.0,375.02,9.439999999999998,133.0,164.0,1.3870580377120478,370.3,379.74,297,-31.0,52.0,-0.1,368.0,
07:40:37,375.0,110.0,378.0,40.0,368.0,30.0,379.0,90.0,376.5,3.0,140.0,130.0,1.6099472040975016,375.0,378.0,270,10.0,-27.0,0.04,368.0,
07:40:38,375.0,165.0,377.07,113.0,368.0,45.0,381.4,70.0,376.04,2.069999999999993,210.0,183.0,1.687889214368421,375.0,377.07,393,27.0,123.0,0.07,368.0,
07:40:39,375.0,160.0,376.0,100.0,371.14,126.0,380.0,80.0,375.5,1.0,286.0,180.0,0.7536046708855322,375.0,376.0,466,106.0,73.0,0.23,375.0,4.0
07:40:40,375.0,49.0,376.0,35.0,372.0,63.0,383.0,28.0,375.5,1.0,112.0,63.0,0.5694910007895556,375.0,376.0,175,49.0,-178.5,0.28,375.0,
07:40:41,375.0,48.0,376.0,45.0,372.0,81.0,383.67,36.0,375.5,1.0,129.0,81.0,0.4520176987466043,375.0,376.0,210,48.0,35.0,0.23,375.0,5.0
07:40:42,375.0,24.0,376.0,60.0,372.0,108.0,383.29,21.0,375.5,1.0,132.0,81.0,0.241495341529397,375.0,376.0,213,51.0,3.0,0.24,375.0,
07:40:43,375.0,20.0,376.0,50.0,372.0,90.0,381.0,10.0,375.5,1.0,110.0,60.0,0.0,375.0,376.0,170,50.0,-43.0,0.29,375.0,
07:40:44,375.0,11.0,376.0,35.0,372.0,63.0,381.0,7.0,375.5,1.0,74.0,42.0,0.0,375.0,376.0,116,32.0,-54.0,0.28,375.0,1.0
07:40:45,372.5,66.0,376.42,60.0,371.55,134.0,385.5,28.0,374.46,3.920000000000016,200.0,88.0,0.4651021392992699,372.5,376.42,288,112.0,172.0,0.39,375.0,1.0
07:40:46,372.0,77.0,380.56,9.0,368.0,21.0,383.14,7.0,376.28,8.560000000000002,98.0,16.0,0.6473947790804144,372.0,380.56,114,82.0,-174.0,0.72,375.0,
07:40:47,372.0,176.0,378.25,32.0,368.0,48.0,381.06,16.0,375.12,6.25,224.0,48.0,0.6619063377704254,372.0,378.25,272,176.0,158.0,0.65,375.0,
07:40:48,372.0,110.0,376.7,20.0,367.64,33.0,385.6,10.0,374.35,4.699999999999989,143.0,30.0,0.7931078110703943,372.0,376.7,173,113.0,-99.0,0.65,375.0,
07:40:49,372.0,88.0,374.68,19.0,366.0,48.0,380.91,11.0,373.34,2.680000000000007,136.0,30.0,1.0842047776971366,372.0,374.68,166,106.0,-7.0,0.64,375.0,
07:40:50,372.0,119.0,373.46,35.0,366.14,70.0,384.33,60.0,372.73,1.4599999999999795,189.0,95.0,1.410790558510231,372.0,373.46,284,94.0,118.0,0.33,372.0,3.0
07:40:51,372.0,90.0,374.94,31.0,367.0,28.0,385.23,69.0,373.47,2.9399999999999977,118.0,100.0,0.9367870622410118,372.0,374.94,218,18.0,-66.0,0.08,372.0,6.0
07:40:52,372.21,78.0,385.0,55.0,368.46,35.0,389.0,44.0,378.6,12.79000000000002,113.0,99.0,2.3649460881765623,372.21,385.0,212,14.0,-6.0,0.07,372.0,
07:40:53,374.0,117.0,385.0,75.0,372.0,105.0,389.0,60.0,379.5,11.0,222.0,135.0,3.242895311289084,374.0,385.0,357,87.0,145.0,0.24,374.0,3.0
07:40:54,374.0,45.0,385.0,45.0,372.15,33.0,389.0,36.0,379.5,11.0,78.0,81.0,3.3714166161985406,374.0,385.0,159,-3.0,-178.5,-0.02,374.0,
07:40:55,374.0,45.0,387.0,40.0,373.0,9.0,390.67,36.0,380.5,13.0,54.0,76.0,2.7900680995234577,374.0,387.0,130,-22.0,-29.0,-0.17,374.0,
07:40:56,374.0,45.0,388.0,12.0,373.0,9.0,391.36,56.0,381.0,14.0,54.0,68.0,0.941806774225681,374.0,388.0,122,-14.0,-8.0,-0.11,374.0,
07:40:57,374.0,60.0,387.0,12.0,373.0,12.0,391.63,41.0,380.5,13.0,72.0,53.0,0.6708203932328963,374.0,387.0,125,19.0,3.0,0.15,374.0,
07:40:58,374.0,80.0,384.21,52.0,373.0,16.0,385.39,36.0,379.11,10.20999999999998,96.0,88.0,0.7854425503989398,374.0,384.21,184,8.0,59.0,0.04,374.0,
07:40:59,373.53,19.0,382.38,39.0,372.03,65.0,383.11,27.0,377.96,8.850000000000023,84.0,66.0,1.2530682343661284,373.53,382.38,150,18.0,-34.0,0.12,374.0,5.0
07:41:00,373.0,11.0,380.91,55.0,372.0,77.0,382.0,11.0,376.95,7.910000000000025,88.0,66.0,1.6950014749191271,373.0,380.91,154,22.0,4.0,0.14,374.0,
07:41:01,373.0,18.0,377.11,62.0,372.0,126.0,378.93,46.0,375.06,4.110000000000014,144.0,108.0,2.0733137726786497,373.0,377.11,252,36.0,98.0,0.14,374.0,
07:41:02,372.79,19.0,375.97,72.0,371.76,119.0,377.17,24.0,374.38,3.180000000000007,138.0,96.0,1.970398436859926,372.79,375.97,234,42.0,-18.0,0.18,372.25,4.0
07:41:03,372.0,37.0,376.24,38.0,370.0,140.0,380.16,32.0,374.12,4.240000000000009,177.0,70.0,1.6821355474458315,372.0,376.24,247,107.0,13.0,0.43,372.83,6.0
07:41:04,372.0,33.0,387.64,47.0,370.0,154.0,389.75,20.0,379.82,15.639999999999986,187.0,67.0,2.3725260799368564,372.0,387.64,254,120.0,7.0,0.47,372.83,
07:41:05,372.0,26.0,389.0,44.0,370.0,154.0,393.0,14.0,380.5,17.0,180.0,58.0,3.117447673976235,372.0,389.0,238,122.0,-16.0,0.51,372.0,1.0
07:41:06,372.0,35.0,389.95,42.0,370.0,182.0,473.71,28.0,380.98,17.94999999999999,217.0,70.0,3.4129752416299053,372.0,389.95,287,147.0,49.0,0.51,372.0,
07:41:07,372.0,42.0,390.4,25.0,370.0,196.0,488.08,38.0,381.2,18.399999999999977,238.0,63.0,2.956869966700838,372.0,390.4,301,175.0,14.0,0.58,372.0,
07:41:08,372.0,39.0,382.02,66.0,370.0,182.0,386.82,17.0,377.01,10.019999999999982,221.0,83.0,1.7010937657804024,372.0,382.02,304,138.0,3.0,0.45,372.0,
07:41:09,372.0,42.0,380.65,72.0,370.0,196.0,383.19,16.0,376.33,8.649999999999977,238.0,88.0,2.339408044779193,372.0,380.65,326,150.0,22.0,0.46,372.0,
07:41:10,370.69,55.0,379.27,62.0,369.91,132.0,381.42,12.0,374.98,8.579999999999984,187.0,74.0,2.826649960638665,370.69,379.27,261,113.0,-65.0,0.43,371.0,6.0
07:41:11,370.0,89.0,378.27,55.0,368.0,22.0,378.71,31.0,374.14,8.269999999999982,111.0,86.0,2.7381508358707705,370.0,378.27,197,25.0,-64.0,0.13,370.0,4.0
07:41:12,370.0,63.0,376.67,45.0,368.0,18.0,378.0,45.0,373.33,6.670000000000016,81.0,90.0,1.5176527929606602,370.0,376.67,171,-9.0,-26.0,-0.05,370.0,
07:41:13,370.0,91.0,375.08,65.0,368.0,26.0,378.0,65.0,372.54,5.079999999999984,117.0,130.0,1.4697720911699468,370.0,375.08,247,-13.0,76.0,-0.05,370.0,
07:41:14,370.0,112.0,373.62,80.0,368.0,32.0,375.56,80.0,371.81,3.620000000000005,144.0,160.0,1.255846328171925,370.0,373.62,304,-16.0,57.0,-0.05,370.0,
07:41:15,370.0,63.0,372.89,45.0,368.0,18.0,375.0,45.0,371.44,2.8899999999999864,81.0,90.0,1.102755639288916,370.0,372.89,171,-9.0,-133.0,-0.05,370.0,
07:41:16,369.83,70.0,371.46,65.0,367.77,26.0,375.39,62.0,370.65,1.6299999999999957,96.0,127.0,1.0273898967695403,369.83,371.46,223,-31.0,52.0,-0.14,370.0,7.0
07:41:17,368.08,24.0,370.33,60.0,367.08,24.0,382.8,40.0,369.21,2.25,48.0,100.0,1.2711608867428752,368.08,370.33,148,-52.0,-75.0,-0.35,370.0,
07:41:18,367.5,32.0,368.92,50.0,366.5,32.0,383.15,61.0,368.21,1.420000000000016,64.0,111.0,1.5208484474088129,367.5,368.92,175,-47.0,27.0,-0.27,369.0,4.0
07:41:19,366.07,28.0,382.86,42.0,364.07,54.0,384.95,55.0,374.46,16.79000000000002,82.0,97.0,2.4012350988575117,366.07,382.86,179,-15.0,4.0,-0.08,367.0,2.0
07:41:20,368.93,87.0,378.26,34.0,366.0,40.0,379.83,46.0,373.6,9.329999999999984,127.0,80.0,2.7196929973776154,368.93,378.26,207,47.0,28.0,0.23,367.0,
07:41:21,369.0,55.0,374.67,18.0,368.0,44.0,377.07,15.0,371.83,5.670000000000016,99.0,33.0,2.7083888199415886,369.0,374.67,132,66.0,-75.0,0.5,367.0,
07:41:22,368.44,50.0,373.64,22.0,366.65,62.0,375.43,14.0,371.04,5.199999999999989,112.0,36.0,2.438148887985349,368.44,373.64,148,76.0,16.0,0.51,369.0,3.0
07:41:23,368.0,60.0,370.0,15.0,366.0,90.0,374.0,30.0,369.0,2.0,150.0,45.0,2.154130915237981,368.0,370.0,195,105.0,47.0,0.54,369.0,
07:41:24,367.36,56.0,369.15,20.0,365.54,52.0,371.5,16.0,368.25,1.7899999999999636,108.0,36.0,2.161325981888277,367.36,369.15,144,72.0,-51.0,0.5,368.0,4.0
07:41:25,367.0,127.0,369.0,32.0,364.67,48.0,370.0,16.0,368.0,2.0,175.0,48.0,1.716545950444231,367.0,369.0,223,127.0,79.0,0.57,367.0,1.0
07:41:26,367.0,28.0,379.0,16.0,364.79,19.0,382.5,20.0,373.0,12.0,47.0,36.0,2.123869110841395,367.0,379.0,83,11.0,-140.0,0.13,369.33,3.0
07:41:27,367.0,49.0,379.0,28.0,365.0,35.0,381.0,35.0,373.0,12.0,84.0,63.0,2.5372228912702486,367.0,379.0,147,21.0,64.0,0.14,369.33,
07:41:28,367.6,53.0,379.0,44.0,366.65,85.0,381.0,55.0,373.3,11.399999999999975,138.0,99.0,2.7291024165437228,367.6000000000001,379.0,237,39.0,90.0,0.16,369.33,
07:41:29,368.16,25.0,379.0,31.0,367.03,130.0,381.0,35.0,373.58,10.839999999999977,155.0,66.0,2.346887300230559,368.16,379.0,221,89.0,-16.0,0.4,369.33,
07:41:30,372.94,69.0,377.89,57.0,369.79,29.0,380.31,55.0,375.42,4.949999999999989,98.0,112.0,1.0130153009612926,372.94,377.89,210,-14.0,-11.0,-0.07,369.33,
07:41:31,373.0,58.0,375.08,36.0,372.0,12.0,377.0,36.0,374.04,2.079999999999984,70.0,72.0,0.9483248388508264,373.0,375.08,142,-2.0,-68.0,-0.01,373.0,1.0
07:41:32,373.0,28.0,374.14,21.0,372.0,7.0,375.29,21.0,373.57,1.1399999999999864,35.0,42.0,0.846711284902536,373.0,374.14,77,-7.0,-65.0,-0.09,373.0,
07:41:33,372.29,34.0,374.0,30.0,369.09,22.0,375.0,30.0,373.15,1.7099999999999795,56.0,60.0,0.8789596122583487,372.29,374.0,116,-4.0,39.0,-0.03,372.8,5.0
07:41:34,369.8,30.0,374.0,27.0,367.28,87.0,375.0,27.0,371.9,4.199999999999989,117.0,54.0,1.2843402975776106,369.8,374.0,171,63.0,55.0,0.37,371.0,3.0
07:41:35,368.0,60.0,372.53,45.0,367.0,331.0,373.93,45.0,370.27,4.529999999999973,391.0,90.0,1.519450558584532,368.0,372.53,481,301.0,177.5,0.63,371.0,
07:41:36,367.57,49.0,372.62,39.0,366.95,215.0,379.92,59.0,370.09,5.050000000000011,264.0,98.0,1.5992435711872357,367.57,372.62,362,166.0,-119.0,0.46,368.0,4.0
07:41:37,367.0,252.0,382.88,80.0,365.0,60.0,385.3,76.0,374.94,15.879999999999995,312.0,156.0,2.0367007634857424,367.0,382.88,468,156.0,106.0,0.33,368.0,
