Time,Bid1_Price,Bid1_Volume,Ask1_Price,Ask1_Volume,Bid2_Price,Bid2_Volume,Ask2_Price,Ask2_Volume,Mid-Price,Bid_Ask_Spread,Market_Depth_Bid,Market_Depth_Ask,Historical_Volatility,Weighted_Avg_Bid_Price,Weighted_Avg_Ask_Price,Total_volume,Cumulative_Volume_Difference,Total_Volume_Change_Corrected,Order_imbalance,Weighted_Avg_Price,Trade_Volume
07:30:03,105.74,23.0,110.11,9.0,101.23,13.0,541.62,8.0,107.93,4.3700000000000045,36.0,17.0,,105.74,110.11,53,19.0,29.0,0.36,109.0,4.0
07:30:04,104.0,10.0,108.0,2.0,92.0,2.0,111.0,2.0,106.0,4.0,12.0,4.0,212.12041976198333,104.0,108.0,16,8.0,-37.0,0.5,109.0,
07:30:05,104.0,5.0,108.0,1.0,92.0,1.0,111.0,1.0,106.0,4.0,6.0,2.0,188.22676345302227,104.0,108.0,8,4.0,-8.0,0.5,109.0,
07:30:06,106.62,16.0,108.0,1.0,102.15,13.0,111.0,1.0,107.31,1.3799999999999957,29.0,2.0,155.49395927173506,106.62,108.0,31,27.0,23.0,0.87,109.5,2.0
07:30:07,111.0,12.0,124.0,16.0,104.0,9.0,659.0,4.0,117.5,13.0,21.0,20.0,4.853799542626512,111.0,124.0,41,1.0,10.0,0.02,109.5,
07:30:08,112.5,8.0,124.0,16.0,111.0,12.0,659.0,16.0,118.25,11.5,20.0,32.0,6.293406867508351,112.5,124.0,52,-12.0,11.0,-0.23,109.5,
07:30:09,114.11,9.0,124.0,20.0,110.85,13.0,541.25,16.0,119.06,9.89,22.0,36.0,6.402447188380487,114.11,124.0,58,-14.0,6.0,-0.24,113.0,4.0
07:30:10,111.5,10.0,116.14,14.0,109.33,6.0,123.4,20.0,113.82,4.640000000000001,16.0,34.0,4.838591737272444,111.5,116.14,50,-18.0,-8.0,-0.36,113.0,
07:30:11,111.83,12.0,113.0,8.0,110.0,4.0,123.0,16.0,112.42,1.1700000000000017,16.0,24.0,2.9165219011694625,111.83,113.0,40,-8.0,-10.0,-0.2,112.0,5.0
07:30:12,111.0,7.0,112.08,26.0,109.0,7.0,115.5,16.0,111.54,1.0799999999999983,14.0,42.0,3.430192414428264,111.0,112.08,56,-28.0,16.0,-0.5,112.0,
07:30:13,109.33,6.0,112.71,14.0,102.86,14.0,119.36,22.0,111.02,3.3799999999999955,20.0,36.0,3.246093036251628,109.33,112.71,56,-16.0,0.0,-0.29,111.0,1.0
07:30:14,109.0,6.0,113.0,12.0,107.98,66.0,120.0,24.0,111.0,4.0,72.0,36.0,1.1887808881376938,109.0,113.0,108,36.0,52.0,0.33,111.0,
07:30:15,108.07,84.0,110.5,40.0,107.93,84.0,112.78,36.0,109.29,2.430000000000007,168.0,76.0,1.142138345386203,108.07,110.5,244,92.0,136.0,0.38,109.0,1.0
07:30:16,108.0,97.0,109.0,30.0,107.0,10.0,114.0,38.0,108.5,1.0,107.0,68.0,1.303993865016868,108.0,109.0,175,39.0,-69.0,0.22,108.0,8.0
07:30:17,110.82,82.0,114.0,60.0,107.98,56.0,117.0,48.0,112.41,3.180000000000007,138.0,108.0,1.5505579640895704,110.82,114.0,246,30.0,71.0,0.12,111.0,2.0
07:30:18,111.26,47.0,114.0,45.0,108.67,45.0,117.0,36.0,112.63,2.739999999999995,92.0,81.0,1.840198358873725,111.26,114.0,173,11.0,-73.0,0.06,111.0,
07:30:19,112.0,42.0,114.0,35.0,110.57,35.0,117.0,28.0,113.0,2.0,77.0,63.0,2.1024580851949217,112.0,114.0,140,14.0,-33.0,0.1,111.0,
07:30:20,112.0,60.0,114.0,34.0,108.0,50.0,117.0,40.0,113.0,2.0,110.0,74.0,1.9217622121379665,112.0,114.0,184,36.0,44.0,0.2,114.0,2.0
07:30:21,109.7,99.0,113.0,10.0,107.96,80.0,114.0,26.0,111.35,3.299999999999997,179.0,36.0,0.6791686094051705,109.70000000000002,113.0,215,143.0,31.0,0.67,112.0,5.0
07:30:22,108.4,158.0,111.44,18.0,107.98,252.0,114.08,38.0,109.92,3.039999999999992,410.0,56.0,1.336394402862192,108.4,111.44,466,354.0,165.5,0.76,109.0,1.0
07:30:23,110.75,16.0,114.67,43.0,108.24,101.0,128.78,54.0,112.71,3.9200000000000017,117.0,97.0,1.3465622896848828,110.75,114.67000000000002,214,20.0,-166.5,0.09,113.0,1.0
07:30:24,112.43,14.0,149.1,40.0,108.0,70.0,333.63,38.0,130.76,36.66999999999999,84.0,78.0,8.5914067532623,112.43,149.1,162,6.0,-52.0,0.04,115.0,6.0
07:30:25,116.43,7.0,177.0,14.0,112.0,18.0,348.62,13.0,146.71,60.56999999999999,25.0,27.0,16.066690698460615,116.43,177.0,52,-2.0,-110.0,-0.04,115.0,
07:30:26,117.0,8.0,208.0,8.0,115.0,8.0,740.11,18.0,162.5,91.0,16.0,26.0,22.39670846352205,117.0,208.0,42,-10.0,-10.0,-0.24,115.0,
07:30:27,112.06,35.0,161.04,23.0,110.81,27.0,289.91,35.0,136.55,48.97999999999999,62.0,58.0,18.50742904889816,112.06,161.04,120,4.0,78.0,0.03,116.0,2.0
07:30:28,112.0,39.0,116.46,39.0,111.0,26.0,134.39,23.0,114.23,4.459999999999994,65.0,62.0,17.996767765351628,112.0,116.46,127,3.0,7.0,0.02,116.0,
07:30:29,112.03,29.0,115.61,28.0,110.9,20.0,199.29,14.0,113.82,3.5799999999999983,49.0,42.0,21.06821468468555,112.03,115.61,91,7.0,-36.0,0.08,114.0,3.0
07:30:30,111.0,12.0,159.0,11.0,110.0,22.0,215.41,29.0,135.0,48.0,34.0,40.0,20.033445784487505,111.0,159.0,74,-6.0,-17.0,-0.08,111.0,1.0
07:30:31,111.48,31.0,114.77,52.0,108.55,62.0,166.27,26.0,113.13,3.289999999999992,93.0,78.0,12.095186232547286,111.48,114.77,171,15.0,97.0,0.09,112.0,4.0
07:30:32,110.0,33.0,111.18,44.0,108.0,254.0,112.73,55.0,110.59,1.1800000000000068,287.0,99.0,9.965236073470708,110.0,111.18,386,188.0,165.5,0.49,112.0,
07:30:33,109.25,24.0,110.5,32.0,108.01,192.0,112.45,55.0,109.88,1.25,216.0,87.0,10.4826108389085,109.25,110.5,303,129.0,-83.0,0.43,110.0,5.0
07:30:34,108.02,97.0,112.78,27.0,107.21,89.0,114.5,20.0,110.4,4.760000000000005,186.0,47.0,10.806472597476109,108.02,112.78,233,139.0,-70.0,0.6,109.0,2.0
07:30:35,108.0,133.0,113.0,35.0,107.0,98.0,114.29,21.0,110.5,5.0,231.0,56.0,1.276655787596073,108.0,113.0,287,175.0,54.0,0.61,109.0,
07:30:36,108.01,230.0,113.0,65.0,107.1,187.0,114.0,39.0,110.5,4.989999999999995,417.0,104.0,0.2842182260211627,108.01000000000002,113.0,521,313.0,165.5,0.6,109.0,
07:30:37,108.52,46.0,113.0,50.0,107.83,165.0,114.0,30.0,110.76,4.480000000000004,211.0,80.0,0.3239135687226027,108.52,113.0,291,131.0,-166.5,0.45,109.0,
07:30:38,111.0,12.0,113.0,60.0,107.26,266.0,114.0,36.0,112.0,2.0,278.0,96.0,0.6664232889106929,111.0,113.0,374,182.0,83.0,0.49,109.0,
07:30:39,109.36,11.0,112.45,22.0,107.3,80.0,113.23,26.0,110.91,3.0900000000000034,91.0,48.0,0.6212728869044019,109.36,112.45,139,43.0,-166.5,0.31,111.0,1.0
07:30:40,108.0,48.0,111.0,36.0,107.0,336.0,113.05,58.0,109.5,3.0,384.0,94.0,0.8960915131852123,108.0,111.0,478,290.0,165.5,0.61,108.0,3.0
07:30:41,108.0,44.0,110.36,42.0,107.0,392.0,113.44,54.0,109.18,2.3599999999999994,436.0,96.0,1.1427598172855904,108.0,110.36,532,340.0,54.0,0.64,108.0,
07:30:42,108.0,39.0,110.0,27.0,107.0,252.0,113.0,66.0,109.0,2.0,291.0,93.0,1.292369916085422,108.0,110.0,384,198.0,-148.0,0.52,108.0,
07:30:43,108.0,21.0,110.0,21.0,107.0,196.0,113.0,56.0,109.0,2.0,217.0,77.0,0.8044998446256654,108.0,110.0,294,140.0,-90.0,0.48,108.0,
07:30:44,107.44,54.0,110.9,40.0,106.98,121.0,113.09,70.0,109.17,3.460000000000008,175.0,110.0,0.2042057785734104,107.44,110.9,285,65.0,-9.0,0.23,108.0,3.0
07:30:45,107.0,195.0,112.81,52.0,106.0,13.0,113.85,39.0,109.9,5.810000000000002,208.0,91.0,0.3737646318243116,107.0,112.81,299,117.0,14.0,0.39,113.0,2.0
07:30:46,107.0,240.0,112.0,20.0,106.0,16.0,113.62,48.0,109.5,5.0,256.0,68.0,0.3859792740585365,107.0,112.0,324,188.0,25.0,0.58,113.0,
07:30:47,107.0,75.0,112.0,15.0,106.0,5.0,113.0,15.0,109.5,5.0,80.0,30.0,0.3471022904026153,107.0,112.0,110,50.0,-166.5,0.45,113.0,
07:30:48,107.31,36.0,112.0,24.0,106.98,92.0,113.0,24.0,109.65,4.689999999999998,128.0,48.0,0.2653865105892224,107.31,112.0,176,80.0,66.0,0.45,113.0,
07:30:49,109.31,13.0,112.0,39.0,107.01,167.0,174.34,41.0,110.65,2.6899999999999977,180.0,80.0,0.481404196079223,109.31,112.0,260,100.0,84.0,0.38,113.0,
07:30:50,107.63,49.0,111.04,71.0,107.04,68.0,124.0,50.0,109.34,3.410000000000011,117.0,121.0,0.5269440197997312,107.63,111.04,238,-4.0,-22.0,-0.02,108.25,4.0
07:30:51,107.0,168.0,109.29,56.0,104.86,14.0,111.42,36.0,108.14,2.2900000000000063,182.0,92.0,0.8958961993460745,107.0,109.29,274,90.0,36.0,0.33,108.25,
07:30:52,107.0,97.0,110.67,43.0,104.0,11.0,121.53,49.0,108.84,3.6700000000000017,108.0,92.0,0.9355372787883772,107.0,110.67000000000002,200,16.0,-74.0,0.08,107.73,11.0
07:30:53,108.91,66.0,109.89,27.0,105.59,17.0,112.37,51.0,109.4,0.980000000000004,83.0,78.0,0.9203151634102148,108.91,109.89,161,5.0,-39.0,0.03,109.5,4.0
07:30:54,110.0,111.0,111.0,18.0,107.0,27.0,112.0,36.0,110.5,1.0,138.0,54.0,0.8650317913249036,110.0,111.0,192,84.0,31.0,0.44,110.0,3.0
07:30:55,108.98,63.0,196.44,25.0,107.23,35.0,250.66,29.0,152.71,87.46,98.0,54.0,19.46847246190624,108.98,196.44,152,44.0,-40.0,0.29,111.25,8.0
07:30:56,107.84,38.0,167.8,20.0,106.69,26.0,210.0,20.0,137.82,59.96000000000001,64.0,40.0,20.25083652593148,107.84,167.8,104,24.0,-48.0,0.23,111.25,
07:30:57,107.88,48.0,175.0,16.0,106.6,20.0,210.0,16.0,141.44,67.12,68.0,32.0,19.44016923794645,107.88,175.0,100,36.0,-4.0,0.36,111.25,
07:30:58,108.98,43.0,131.46,35.0,108.12,59.0,162.76,21.0,120.22,22.480000000000004,102.0,56.0,16.96659423691151,108.98,131.46,158,46.0,58.0,0.29,111.25,
07:30:59,109.78,64.0,123.5,20.0,108.86,58.0,124.62,37.0,116.64,13.72,122.0,57.0,15.091341226014292,109.78,123.5,179,65.0,21.0,0.36,110.5,4.0
07:31:00,109.78,23.0,121.71,14.0,108.86,29.0,123.27,22.0,115.75,11.929999999999993,52.0,36.0,12.282987421633198,109.78,121.71,88,16.0,-91.0,0.18,110.2,5.0
07:31:01,110.0,108.0,117.33,27.0,109.0,9.0,118.21,19.0,113.67,7.329999999999998,117.0,46.0,11.371272136397058,110.0,117.33,163,71.0,75.0,0.44,110.2,
07:31:02,110.0,168.0,115.38,21.0,109.0,14.0,116.67,42.0,112.69,5.379999999999996,182.0,63.0,2.934847525852217,110.0,115.38,245,119.0,82.0,0.49,110.2,
07:31:03,110.0,132.0,114.0,22.0,109.0,11.0,117.0,44.0,112.0,4.0,143.0,66.0,1.9839732861107569,110.0,114.0,209,77.0,-36.0,0.37,110.2,
07:31:04,110.0,156.0,113.13,23.0,109.0,12.0,116.83,46.0,111.57,3.1299999999999955,168.0,69.0,1.6628229009733029,110.0,113.13,237,99.0,28.0,0.42,110.2,
07:31:05,110.04,112.0,207.63,27.0,109.62,26.0,173.88,34.0,158.83,97.59,138.0,61.0,20.74241596343107,110.04,207.63,199,77.0,-38.0,0.39,110.14,7.0
07:31:06,111.11,18.0,413.8,20.0,110.0,72.0,564.3,27.0,262.46,302.69,90.0,47.0,65.24323911333644,111.11,413.8,137,43.0,-62.0,0.31,110.14,
07:31:07,112.33,21.0,318.77,47.0,110.0,120.0,514.87,54.0,215.55,206.44,141.0,101.0,66.15288028498829,112.33,318.77,242,40.0,105.0,0.17,112.0,1.0
07:31:08,111.29,35.0,352.06,34.0,109.63,158.0,505.64,59.0,231.67,240.77,193.0,93.0,60.3769730940529,111.29,352.06,286,100.0,44.0,0.35,115.0,1.0
07:31:09,111.21,87.0,258.96,27.0,109.1,240.0,345.79,39.0,185.08,147.75,327.0,66.0,40.27791168866611,111.20999999999998,258.96,393,261.0,107.0,0.66,115.0,
07:31:10,115.44,36.0,124.4,25.0,109.77,104.0,127.19,52.0,119.92,8.960000000000008,140.0,77.0,54.17184536269728,115.44,124.4,217,63.0,-166.5,0.29,117.0,5.0
07:31:11,110.0,52.0,115.8,20.0,109.0,192.0,127.57,28.0,112.9,5.799999999999997,244.0,48.0,54.37851441516209,110.0,115.8,292,196.0,75.0,0.67,110.0,4.0
07:31:12,110.0,32.0,111.0,24.0,109.0,192.0,213.61,23.0,110.5,1.0,224.0,47.0,54.13358643208479,110.0,111.0,271,177.0,-21.0,0.65,110.0,
07:31:13,109.7,80.0,111.0,45.0,109.0,337.0,171.86,56.0,110.35,1.2999999999999972,417.0,101.0,32.283443124920844,109.7,111.0,518,316.0,165.5,0.61,110.0,
07:31:14,109.0,168.0,111.0,21.0,108.0,7.0,159.0,28.0,110.0,2.0,175.0,49.0,4.177772133565988,109.0,111.0,224,126.0,-166.5,0.56,110.0,
07:31:15,109.01,219.0,111.0,30.0,108.73,33.0,214.0,30.0,110.01,1.9899999999999949,252.0,60.0,1.2201516299218012,109.01,111.0,312,192.0,88.0,0.62,110.0,3.0
07:31:16,109.0,240.0,111.0,30.0,108.0,10.0,207.19,37.0,110.0,2.0,250.0,67.0,0.2370021096971941,109.0,111.0,317,183.0,5.0,0.58,110.0,
07:31:17,109.0,204.0,111.0,27.0,108.0,9.0,135.67,36.0,110.0,2.0,213.0,63.0,0.155467038310178,109.0,111.0,276,150.0,-41.0,0.54,109.0,3.0
07:31:18,109.0,231.0,110.0,44.0,108.0,11.0,111.0,33.0,109.5,1.0,242.0,77.0,0.2247665455555413,109.0,110.0,319,165.0,43.0,0.52,109.0,
07:31:19,109.01,274.0,111.39,56.0,108.62,34.0,190.96,56.0,110.2,2.3799999999999955,308.0,112.0,0.2613809480451193,109.01,111.39,420,196.0,101.0,0.47,110.43,7.0
07:31:20,111.0,9.0,156.31,39.0,109.0,225.0,372.0,24.0,133.65,45.31,234.0,63.0,10.613293551014229,111.0,156.31,297,171.0,-123.0,0.58,110.43,
07:31:21,111.0,10.0,112.0,50.0,109.0,250.0,199.43,14.0,111.5,1.0,260.0,64.0,10.468500370158091,111.0,112.0,324,196.0,27.0,0.6,110.43,
07:31:22,111.0,5.0,112.0,25.0,109.0,125.0,266.5,8.0,111.5,1.0,130.0,33.0,10.310771067189886,111.0,112.0,163,97.0,-161.0,0.6,110.43,
07:31:23,111.0,7.0,112.0,28.0,109.0,175.0,229.57,14.0,111.5,1.0,182.0,42.0,10.06687637750658,111.0,112.0,224,140.0,61.0,0.62,112.0,1.0
07:31:24,111.0,9.0,112.0,36.0,109.0,225.0,121.88,16.0,111.5,1.0,234.0,52.0,9.905781140324068,111.0,112.0,286,182.0,62.0,0.64,112.0,
07:31:25,109.04,153.0,112.38,26.0,108.93,81.0,163.56,18.0,110.71,3.339999999999989,234.0,44.0,0.353298740446162,109.04000000000002,112.38,278,190.0,-8.0,0.68,111.8,5.0
07:31:26,109.0,322.0,113.0,26.0,108.0,25.0,204.0,26.0,111.0,4.0,347.0,52.0,0.3678586685139638,109.0,113.0,399,295.0,121.0,0.74,109.0,3.0
07:31:27,109.0,220.0,113.0,20.0,108.0,18.0,252.82,28.0,111.0,4.0,238.0,48.0,0.3475917145170293,109.0,113.0,286,190.0,-113.0,0.66,109.0,
07:31:28,109.0,220.0,113.0,20.0,108.0,10.0,373.69,29.0,111.0,4.0,230.0,49.0,0.2851666179637923,109.0,113.0,279,181.0,-7.0,0.65,109.0,
07:31:29,109.06,94.0,113.0,20.0,108.97,136.0,439.71,24.0,111.03,3.9399999999999977,230.0,44.0,0.1336787193270671,109.06,113.0,274,186.0,-5.0,0.68,109.0,
07:31:30,110.5,8.0,113.0,16.0,109.04,138.0,342.0,16.0,111.75,2.5,146.0,32.0,0.3323100961464743,110.5,113.0,178,114.0,-96.0,0.64,109.0,
07:31:31,111.71,7.0,113.0,14.0,110.0,21.0,404.31,26.0,112.36,1.2900000000000065,28.0,40.0,0.6117761028356871,111.71,113.0,68,-12.0,-110.0,-0.18,109.0,
07:31:32,111.16,68.0,147.31,16.0,109.3,100.0,387.82,33.0,129.24,36.150000000000006,168.0,49.0,7.937910934244606,111.16,147.31,217,119.0,149.0,0.55,113.0,2.0
07:31:33,111.0,60.0,282.0,40.0,110.0,30.0,495.76,17.0,196.5,171.0,90.0,57.0,36.75338664667511,111.0,282.0,147,33.0,-70.0,0.22,113.0,
07:31:34,112.3,54.0,295.67,48.0,111.13,55.0,557.8,30.0,203.98,183.37,109.0,78.0,45.78200061159398,112.3,295.67,187,31.0,40.0,0.17,112.5,8.0
07:31:35,113.0,18.0,236.64,33.0,112.0,18.0,276.77,22.0,174.82,123.64,36.0,55.0,40.75766185639196,113.0,236.64,91,-19.0,-96.0,-0.21,112.5,
07:31:36,113.89,18.0,231.82,17.0,112.89,18.0,239.73,37.0,172.86,117.93,36.0,54.0,29.15273572068297,113.89,231.82,90,-18.0,-1.0,-0.2,112.5,
07:31:37,114.0,36.0,213.86,44.0,113.0,32.0,281.58,48.0,163.93,99.86,68.0,92.0,16.98612433723429,114.0,213.86,160,-24.0,70.0,-0.15,114.0,1.0
07:31:38,115.43,14.0,180.67,30.0,114.75,16.0,373.86,35.0,148.05,65.23999999999998,30.0,65.0,20.41745503239779,115.43,180.67,95,-35.0,-65.0,-0.37,114.0,
07:31:39,115.25,16.0,233.08,63.0,111.59,44.0,278.55,44.0,174.16,117.83,60.0,107.0,11.346877544064176,115.25,233.08,167,-47.0,72.0,-0.28,115.5,2.0
07:31:40,112.15,39.0,189.75,55.0,111.11,54.0,199.69,29.0,150.95,77.6,93.0,84.0,12.106141003639,112.15,189.75,177,9.0,10.0,0.05,115.0,1.0
07:31:41,112.41,239.0,181.47,19.0,110.88,50.0,186.68,38.0,146.94,69.06,289.0,57.0,11.834387605617412,112.41,181.47,346,232.0,165.5,0.67,115.0,
07:31:42,113.0,248.0,115.13,23.0,111.0,48.0,159.09,22.0,114.07,2.1299999999999955,296.0,45.0,21.439573923004957,113.0,115.13,341,251.0,-5.0,0.74,113.0,4.0
07:31:43,111.88,56.0,115.0,44.0,110.16,32.0,200.35,37.0,113.44,3.1200000000000045,88.0,81.0,26.041944435851867,111.88,115.0,169,7.0,-166.5,0.04,112.2,5.0
07:31:44,112.0,210.0,113.81,80.0,111.0,14.0,125.09,66.0,112.91,1.8100000000000025,224.0,146.0,19.484618805611763,112.0,113.81,370,78.0,165.5,0.21,113.0,5.0
07:31:45,112.0,225.0,113.94,64.0,111.0,15.0,114.8,75.0,112.97,1.9399999999999975,240.0,139.0,15.030213904000227,112.0,113.94,379,101.0,9.0,0.27,113.0,3.0
07:31:46,113.65,153.0,139.69,49.0,111.0,11.0,222.45,47.0,126.67,26.039999999999992,164.0,96.0,5.976112448741476,113.65,139.69,260,68.0,-119.0,0.26,114.2,5.0
07:31:47,115.0,66.0,210.57,14.0,111.0,6.0,235.19,26.0,162.79,95.57,72.0,40.0,21.520559472281388,115.0,210.57,112,32.0,-148.0,0.29,114.2,
07:31:48,115.0,69.0,235.0,70.0,111.07,14.0,517.92,26.0,175.0,120.0,83.0,96.0,29.01680065065749,115.0,235.0,179,-13.0,67.0,-0.07,115.0,10.0
07:31:49,112.45,11.0,234.04,27.0,110.32,25.0,384.76,25.0,173.25,121.59,36.0,52.0,28.480536862917347,112.45,234.04,88,-16.0,-91.0,-0.18,113.5,2.0
07:31:50,110.2,15.0,195.0,7.0,109.36,25.0,440.86,21.0,152.6,84.8,40.0,28.0,19.718115275045733,110.2,195.0,68,12.0,-20.0,0.18,111.0,1.0
07:31:51,109.65,23.0,123.0,7.0,108.42,48.0,253.89,9.0,116.33,13.349999999999994,71.0,16.0,23.926634322444773,109.65,123.0,87,55.0,19.0,0.63,110.0,3.0
07:31:52,109.0,36.0,111.0,9.0,108.0,190.0,496.4,15.0,110.0,2.0,226.0,24.0,30.82953502730773,109.0,111.0,250,202.0,163.0,0.81,110.0,
07:31:53,109.29,42.0,111.0,13.0,108.1,120.0,431.85,39.0,110.14,1.7099999999999935,162.0,52.0,28.86284168268949,109.29,111.0,214,110.0,-36.0,0.51,110.0,
07:31:54,109.23,26.0,111.0,9.0,108.05,110.0,371.89,27.0,110.12,1.769999999999996,136.0,36.0,18.51304729103238,109.23,111.0,172,100.0,-42.0,0.58,109.6,5.0
07:31:55,109.0,24.0,275.69,26.0,108.0,308.0,511.43,42.0,192.35,166.69,332.0,68.0,36.192404866214666,109.0,275.69,400,264.0,165.5,0.66,109.67,3.0
07:31:56,116.3,23.0,268.62,13.0,108.18,39.0,406.55,22.0,192.46,152.32,62.0,35.0,45.08765662573289,116.3,268.62,97,27.0,-166.5,0.28,109.67,
07:31:57,117.0,27.0,311.22,9.0,111.0,9.0,395.17,23.0,214.11,194.22000000000003,36.0,32.0,49.82099386804712,117.0,311.22,68,4.0,-29.0,0.06,109.67,
07:31:58,117.0,27.0,310.2,15.0,111.0,9.0,485.57,21.0,213.6,193.2,36.0,36.0,42.9561598609557,117.0,310.2,72,0.0,4.0,0.0,109.67,
07:31:59,117.0,21.0,308.0,21.0,111.88,17.0,311.0,7.0,212.5,191.0,38.0,28.0,11.516033605368438,117.0,308.0,66,10.0,-6.0,0.15,109.67,
07:32:00,117.0,24.0,306.75,20.0,112.0,24.0,308.0,16.0,211.88,189.75,48.0,36.0,9.237797356511663,117.0,306.75,84,12.0,18.0,0.14,109.67,
07:32:01,113.73,49.0,272.93,28.0,111.53,17.0,306.57,37.0,193.33,159.2,66.0,65.0,8.850566648524477,113.73,272.93,131,1.0,47.0,0.01,115.0,5.0
07:32:02,114.15,65.0,218.67,18.0,111.0,13.0,284.64,22.0,166.41,104.51999999999998,78.0,40.0,20.335201744757228,114.15,218.67,118,38.0,-13.0,0.32,115.0,
07:32:03,115.0,39.0,192.32,22.0,111.0,12.0,202.85,26.0,153.66,77.32,51.0,48.0,26.661260847904067,115.0,192.32,99,3.0,-19.0,0.03,115.0,3.0
07:32:04,115.0,28.0,172.93,40.0,111.0,14.0,175.48,29.0,143.96,57.93000000000001,42.0,69.0,28.205287979384067,115.0,172.93,111,-27.0,12.0,-0.24,115.0,
07:32:05,114.47,19.0,122.92,26.0,110.09,70.0,132.25,28.0,118.7,8.450000000000003,89.0,54.0,27.57045284357866,114.46999999999998,122.92,143,35.0,32.0,0.24,114.33,3.0
07:32:06,117.0,62.0,118.75,20.0,111.0,10.0,119.25,20.0,117.88,1.75,72.0,40.0,21.463196872786696,117.0,118.75,112,32.0,-31.0,0.29,117.0,4.0
07:32:07,117.0,22.0,118.81,26.0,111.0,10.0,216.29,34.0,117.9,1.8100000000000025,32.0,60.0,17.137601932592677,117.0,118.81,92,-28.0,-20.0,-0.3,117.0,1.0
07:32:08,111.86,14.0,277.71,21.0,110.01,133.0,319.58,19.0,194.79,165.84999999999997,147.0,40.0,33.316112918526386,111.86,277.71,187,107.0,95.0,0.57,117.0,2.0
07:32:09,112.3,54.0,311.08,12.0,110.11,62.0,383.85,13.0,211.69,198.78,116.0,25.0,46.98289656885786,112.3,311.08,141,91.0,-46.0,0.65,117.0,
07:32:10,113.67,36.0,292.44,9.0,112.23,13.0,306.78,9.0,203.06,178.76999999999998,49.0,18.0,47.09588018075455,113.67,292.44,67,31.0,-74.0,0.46,113.0,5.0
07:32:11,114.5,32.0,146.31,13.0,112.5,16.0,150.92,37.0,130.4,31.81,48.0,50.0,43.91992907553458,114.5,146.31,98,-2.0,31.0,-0.02,115.0,4.0
07:32:12,113.0,10.0,144.92,12.0,111.0,8.0,193.31,26.0,128.96,31.919999999999987,18.0,38.0,40.701853151914186,113.0,144.92,56,-20.0,-42.0,-0.36,113.0,1.0
07:32:13,113.0,10.0,143.7,30.0,111.0,10.0,145.0,10.0,128.35,30.69999999999999,20.0,40.0,42.91320740751027,113.0,143.7,60,-20.0,4.0,-0.33,113.0,
07:32:14,113.0,6.0,141.83,18.0,111.0,6.0,145.0,6.0,127.42,28.830000000000013,12.0,24.0,33.23555656221216,113.0,141.83,36,-12.0,-24.0,-0.33,113.0,
07:32:15,110.28,79.0,139.53,45.0,109.21,85.0,145.0,15.0,124.91,29.25,164.0,60.0,2.042564564466088,110.28000000000002,139.53,224,104.0,165.5,0.46,111.0,5.0
07:32:16,110.14,84.0,135.37,27.0,109.4,120.0,136.84,19.0,122.76,25.230000000000004,204.0,46.0,2.5900868711325917,110.14,135.37,250,158.0,26.0,0.63,111.0,2.0
07:32:17,110.0,48.0,133.38,8.0,109.0,48.0,134.19,16.0,121.69,23.379999999999995,96.0,24.0,2.874774773789111,110.0,133.38,120,72.0,-130.0,0.6,111.0,
07:32:18,110.18,44.0,132.3,10.0,109.29,56.0,133.63,19.0,121.24,22.120000000000005,100.0,29.0,2.560845563483875,110.18,132.3,129,71.0,9.0,0.55,110.0,1.0
07:32:19,110.11,79.0,128.44,25.0,109.21,101.0,130.73,22.0,119.28,18.33,180.0,47.0,2.0685091249535192,110.11,128.44,227,133.0,98.0,0.59,110.0,
07:32:20,110.2,60.0,113.32,31.0,109.33,84.0,123.88,17.0,111.76,3.1199999999999903,144.0,48.0,4.424045659802516,110.2,113.32,192,96.0,-35.0,0.5,111.5,4.0
07:32:21,110.0,39.0,111.0,32.0,109.0,72.0,206.0,13.0,110.5,1.0,111.0,45.0,5.357786856531239,110.0,111.0,156,66.0,-36.0,0.42,109.89,9.0
07:32:22,109.0,66.0,110.93,30.0,108.0,209.0,359.88,26.0,109.97,1.9300000000000068,275.0,56.0,5.298395983693582,109.0,110.93,331,219.0,165.5,0.66,110.0,2.0
07:32:23,110.0,28.0,111.0,11.0,108.93,58.0,274.36,44.0,110.5,1.0,86.0,55.0,3.900925531206867,110.0,111.0,141,31.0,-166.5,0.22,110.0,
07:32:24,110.0,9.0,111.0,3.0,109.0,3.0,178.0,12.0,110.5,1.0,12.0,15.0,0.6636866730789742,110.0,111.0,27,-3.0,-114.0,-0.11,110.0,
07:32:25,110.0,21.0,111.0,8.0,109.0,8.0,243.62,32.0,110.5,1.0,29.0,40.0,0.2370232056630472,110.0,111.0,69,-11.0,42.0,-0.16,110.0,1.0
07:32:26,111.08,12.0,407.9,29.0,109.67,9.0,521.0,12.0,259.49,296.82,21.0,41.0,66.69000427350417,111.08,407.9,62,-20.0,-7.0,-0.32,111.0,1.0
07:32:30,111.0,64.0,113.0,40.0,110.0,8.0,231.38,40.0,112.0,2.0,72.0,80.0,69.52561017351773,111.0,113.0,152,-8.0,18.0,-0.05,111.0,
07:32:31,111.0,48.0,113.07,28.0,110.0,8.0,187.91,34.0,112.04,2.069999999999993,56.0,62.0,86.36556182877506,111.0,113.07,118,-6.0,-34.0,-0.05,111.42,12.0
07:32:32,111.0,5.0,112.0,10.0,110.0,5.0,116.0,25.0,111.5,1.0,10.0,35.0,86.33156711192022,111.0,112.0,45,-25.0,-73.0,-0.56,111.42,
07:32:33,111.5,12.0,114.42,38.0,110.5,12.0,121.9,58.0,112.96,2.9200000000000017,24.0,96.0,70.25252394042508,111.5,114.42,120,-72.0,75.0,-0.6,112.0,2.0
07:32:34,111.17,6.0,115.56,25.0,110.17,6.0,178.18,22.0,113.36,4.390000000000001,12.0,47.0,0.7633609893205954,111.17,115.56,59,-35.0,-61.0,-0.59,112.0,1.0
07:32:35,111.0,7.0,115.0,34.0,110.0,7.0,164.0,29.0,113.0,4.0,14.0,63.0,0.772476536871133,111.0,115.0,77,-49.0,18.0,-0.64,112.0,
07:32:36,111.0,5.0,114.84,25.0,110.0,5.0,126.84,19.0,112.92,3.8400000000000034,10.0,44.0,0.71938862933489,111.0,114.84,54,-34.0,-23.0,-0.63,112.0,
07:32:37,110.12,8.0,112.08,13.0,108.9,10.0,114.84,37.0,111.1,1.9599999999999935,18.0,50.0,0.893935120697458,110.12,112.08,68,-32.0,14.0,-0.47,110.5,2.0
07:32:38,109.0,10.0,114.8,30.0,107.25,64.0,220.38,40.0,111.9,5.799999999999997,74.0,70.0,0.9322446031039738,109.0,114.8,144,4.0,76.0,0.03,111.0,1.0
07:32:39,109.2,10.0,112.6,10.0,108.05,19.0,114.8,50.0,110.9,3.3999999999999915,29.0,60.0,0.9836056120299062,109.2,112.6,89,-31.0,-55.0,-0.35,111.0,1.0
07:32:40,109.0,6.0,110.17,6.0,108.0,12.0,113.0,30.0,109.58,1.1700000000000017,18.0,36.0,1.2390318801455655,109.0,110.17,54,-18.0,-35.0,-0.33,111.0,
07:32:41,108.33,12.0,111.67,24.0,107.21,39.0,326.44,32.0,110.0,3.3400000000000034,51.0,56.0,0.9198260705249248,108.33,111.67,107,-5.0,53.0,-0.05,109.0,1.0
07:32:42,108.0,20.0,111.43,46.0,107.0,76.0,385.9,42.0,109.72,3.430000000000007,96.0,88.0,0.9737556161673482,108.0,111.43000000000002,184,8.0,77.0,0.04,109.0,
07:32:43,108.5,12.0,111.0,36.0,107.2,30.0,341.0,24.0,109.75,2.5,42.0,60.0,0.5307541804052519,108.5,111.0,102,-18.0,-82.0,-0.18,109.0,
07:32:44,108.53,38.0,110.77,35.0,107.73,44.0,193.53,60.0,109.65,2.239999999999995,82.0,95.0,0.1595305613911304,108.53000000000002,110.77,177,-13.0,75.0,-0.07,110.0,1.0
07:32:45,108.09,22.0,111.0,35.0,107.09,22.0,251.0,27.0,109.55,2.9099999999999966,44.0,62.0,0.1674216235071571,108.09,111.0,106,-18.0,-71.0,-0.17,108.0,5.0
07:32:46,108.94,16.0,111.0,67.0,107.35,31.0,285.6,47.0,109.97,2.0600000000000023,47.0,114.0,0.155627761076792,108.94,111.0,161,-67.0,55.0,-0.42,111.0,1.0
07:32:47,107.5,24.0,111.0,24.0,106.6,40.0,113.0,24.0,109.25,3.5,64.0,48.0,0.2651037533076843,107.5,111.0,112,16.0,-49.0,0.14,108.0,3.0
07:32:48,107.22,9.0,111.0,12.0,105.67,12.0,113.0,12.0,109.11,3.780000000000001,21.0,24.0,0.3392344322410167,107.22,111.0,45,-3.0,-67.0,-0.07,107.67,3.0
07:32:49,107.0,15.0,111.0,20.0,105.0,20.0,113.0,20.0,109.0,4.0,35.0,40.0,0.3908708226741291,107.0,111.0,75,-5.0,30.0,-0.07,107.67,
07:32:50,107.73,11.0,110.73,11.0,106.2,10.0,112.33,12.0,109.23,3.0,21.0,23.0,0.3813397435594444,107.73,110.73,44,-2.0,-31.0,-0.05,107.67,
07:32:51,107.08,25.0,111.63,46.0,104.16,31.0,165.33,36.0,109.36,4.549999999999997,56.0,82.0,0.1383835250961748,107.08,111.63,138,-26.0,94.0,-0.19,108.9,10.0
07:32:52,106.0,17.0,111.83,58.0,102.33,36.0,226.19,64.0,108.91,5.829999999999998,53.0,122.0,0.1790809873160079,106.0,111.83,175,-69.0,37.0,-0.39,111.0,2.0
07:32:53,107.06,18.0,111.1,78.0,104.82,44.0,322.86,56.0,109.08,4.039999999999992,62.0,134.0,0.1800833141023314,107.06,111.1,196,-72.0,21.0,-0.37,109.0,1.0
07:32:54,109.86,49.0,111.0,78.0,105.14,22.0,335.25,32.0,110.43,1.1400000000000006,71.0,110.0,0.5987236424411088,109.86,111.0,181,-39.0,-15.0,-0.22,110.33,6.0
07:32:55,110.0,47.0,111.0,75.0,107.82,51.0,264.0,33.0,110.5,1.0,98.0,108.0,0.756194419456947,110.0,111.0,206,-10.0,25.0,-0.05,110.5,2.0
07:32:56,110.0,20.0,111.0,32.0,109.0,32.0,286.29,14.0,110.5,1.0,52.0,46.0,0.8142665411385371,110.0,111.0,98,6.0,-108.0,0.06,110.5,
07:32:57,110.0,25.0,111.0,40.0,109.0,40.0,309.0,20.0,110.5,1.0,65.0,60.0,0.6279490425325573,110.0,111.0,125,5.0,27.0,0.04,110.5,
07:32:58,110.0,40.0,313.41,34.0,109.0,64.0,351.17,12.0,211.71,203.41000000000005,104.0,46.0,45.27032438584914,110.0,313.41,150,58.0,25.0,0.39,111.0,8.0
07:32:59,110.0,30.0,329.69,26.0,109.0,48.0,563.8,10.0,219.85,219.69,78.0,36.0,57.73600237286952,110.0,329.69,114,42.0,-36.0,0.37,111.0,
07:33:00,110.0,35.0,390.14,28.0,109.0,56.0,528.67,15.0,250.07,280.14,91.0,43.0,65.5028016958052,110.0,390.14,134,48.0,20.0,0.36,111.0,
07:33:01,110.0,40.0,301.0,16.0,109.0,64.0,389.75,36.0,205.5,191.0,104.0,52.0,52.62491833722852,110.0,301.0,156,52.0,22.0,0.33,111.0,
07:33:02,110.0,60.0,138.14,42.0,109.0,96.0,277.21,33.0,124.07,28.139999999999983,156.0,75.0,46.9272799126475,110.0,138.14,231,81.0,75.0,0.35,111.0,
07:33:03,110.0,26.0,111.0,13.0,109.0,56.0,281.0,20.0,110.5,1.0,82.0,33.0,61.413622837282446,110.0,111.0,115,49.0,-116.0,0.43,110.5,6.0
07:33:04,110.0,14.0,175.67,9.0,109.0,56.0,313.27,15.0,142.83,65.66999999999999,70.0,24.0,59.16391324109646,110.0,175.67,94,46.0,-21.0,0.49,111.0,1.0
07:33:05,109.25,24.0,218.8,20.0,108.13,67.0,226.5,16.0,164.03,109.55,91.0,36.0,37.28012111031828,109.25,218.8,127,55.0,33.0,0.43,109.5,4.0
07:33:06,108.0,42.0,204.4,25.0,105.0,91.0,254.36,11.0,156.2,96.4,133.0,36.0,22.19674142751597,108.0,204.4,169,97.0,42.0,0.57,109.5,
07:33:07,108.57,42.0,127.62,24.0,105.81,89.0,171.76,25.0,118.1,19.05000000000001,131.0,49.0,23.365779892826275,108.57,127.62,180,82.0,11.0,0.46,111.0,3.0
07:33:08,110.0,21.0,171.12,32.0,108.29,42.0,214.26,23.0,140.56,61.120000000000005,63.0,55.0,17.560336841871834,110.0,171.12,118,8.0,-62.0,0.07,111.0,
07:33:09,109.65,34.0,225.83,18.0,108.75,48.0,332.43,14.0,167.74,116.18,82.0,32.0,20.33740838946788,109.65,225.83,114,50.0,-4.0,0.44,110.0,4.0
07:33:10,109.0,24.0,224.17,6.0,108.0,24.0,225.3,10.0,166.58,115.17,48.0,16.0,20.824463498491347,109.0,224.17,64,32.0,-50.0,0.5,110.0,
07:33:11,109.0,78.0,217.53,38.0,108.0,78.0,222.8,15.0,163.26,108.53,156.0,53.0,21.58916209582942,109.0,217.53,209,103.0,145.0,0.49,110.0,
07:33:12,109.0,66.0,219.87,23.0,107.92,50.0,221.0,21.0,164.43,110.87,116.0,44.0,11.292133545083168,109.0,219.87,160,72.0,-49.0,0.45,110.0,
07:33:13,109.62,52.0,200.61,28.0,108.43,28.0,205.16,19.0,155.11,90.99,80.0,47.0,4.968644684417552,109.62,200.61,127,33.0,-33.0,0.26,110.0,
07:33:14,117.0,28.0,188.83,30.0,109.0,111.0,190.97,32.0,152.92,71.83000000000001,139.0,62.0,6.052466439394154,117.0,188.83,201,77.0,74.0,0.38,110.0,
07:33:15,111.29,63.0,155.79,34.0,108.89,91.0,186.21,28.0,133.54,44.49999999999999,154.0,62.0,12.403961867080874,111.29,155.79,216,92.0,15.0,0.43,117.0,2.0
07:33:16,109.0,83.0,119.78,37.0,108.0,28.0,128.16,25.0,114.39,10.78,111.0,62.0,20.04068786244629,109.0,119.78,173,49.0,-43.0,0.28,109.0,8.0
07:33:17,109.0,8.0,110.0,24.0,108.0,16.0,112.0,16.0,109.5,1.0,24.0,40.0,21.121611444205872,109.0,110.0,64,-16.0,-109.0,-0.25,109.0,
07:33:18,108.26,19.0,111.17,29.0,107.42,24.0,159.86,21.0,109.72,2.9099999999999966,43.0,50.0,18.93341965942797,108.26,111.17,93,-7.0,29.0,-0.08,109.0,1.0
07:33:19,108.53,17.0,112.25,16.0,107.12,16.0,179.08,13.0,110.39,3.719999999999999,33.0,29.0,10.273678503828068,108.53,112.25,62,4.0,-31.0,0.06,110.0,2.0
07:33:20,111.46,35.0,114.0,22.0,109.71,28.0,396.0,11.0,112.73,2.5400000000000063,63.0,33.0,2.129960093527961,111.46,114.0,96,30.0,34.0,0.31,111.8,5.0
07:33:21,111.0,14.0,114.0,14.0,110.0,21.0,362.86,7.0,112.5,3.0,35.0,21.0,1.5409639840119136,111.0,114.0,56,14.0,-40.0,0.25,111.8,
07:33:22,111.0,24.0,114.0,24.0,109.2,30.0,214.73,22.0,112.5,3.0,54.0,46.0,1.404482110965285,111.0,114.0,100,8.0,44.0,0.08,111.8,
07:33:23,111.0,18.0,113.0,9.0,108.64,33.0,114.44,18.0,112.0,2.0,51.0,27.0,0.9515934005767532,111.0,113.0,78,24.0,-22.0,0.31,111.8,
07:33:24,111.0,24.0,182.0,18.0,109.74,108.0,142.14,21.0,146.5,71.0,132.0,39.0,15.23778461588222,111.0,182.0,171,93.0,93.0,0.54,114.33,3.0
07:33:25,116.26,84.0,250.31,35.0,111.24,34.0,264.5,20.0,183.29,134.05,118.0,55.0,31.59190276004293,116.26,250.31,173,63.0,2.0,0.36,112.0,1.0
07:33:26,117.0,117.0,248.89,36.0,113.25,36.0,250.2,40.0,182.94,131.89,153.0,76.0,35.43710315474447,117.0,248.89,229,77.0,56.0,0.34,117.0,3.0
07:33:27,117.0,99.0,248.77,26.0,115.0,33.0,249.69,29.0,182.88,131.77,132.0,55.0,31.885849839701503,117.0,248.77,187,77.0,-42.0,0.41,117.0,
07:33:28,117.0,90.0,173.03,31.0,115.0,30.0,202.58,19.0,145.02,56.03,120.0,50.0,20.42457539338306,117.0,173.03,170,70.0,-17.0,0.41,117.0,
07:33:29,117.0,101.0,146.0,52.0,115.0,39.0,250.79,19.0,131.5,29.0,140.0,71.0,24.987162303870964,117.0,146.0,211,69.0,41.0,0.33,117.0,4.0
07:33:30,116.32,53.0,143.88,49.0,113.55,33.0,180.73,22.0,130.1,27.56,86.0,71.0,26.59176413854477,116.32,143.88,157,15.0,-54.0,0.1,117.0,5.0
07:33:31,115.0,21.0,137.82,22.0,111.0,14.0,144.22,27.0,126.41,22.819999999999997,35.0,49.0,23.282060046310367,115.0,137.82,84,-14.0,-73.0,-0.17,117.0,
07:33:32,114.71,42.0,136.31,64.0,110.72,57.0,243.77,44.0,125.51,21.60000000000001,99.0,108.0,7.8473288449005345,114.71,136.31,207,-9.0,123.0,-0.04,114.0,4.0
07:33:33,111.0,11.0,127.18,44.0,110.0,137.0,231.58,36.0,119.09,16.180000000000007,148.0,80.0,4.84391061024156,111.0,127.18,228,68.0,21.0,0.3,114.0,
07:33:34,110.03,132.0,111.74,35.0,109.4,129.0,115.43,42.0,110.89,1.7099999999999935,261.0,77.0,7.557750988224805,110.03,111.74,338,184.0,110.0,0.54,110.83,6.0
07:33:35,110.0,50.0,112.0,10.0,109.0,35.0,115.2,15.0,111.0,2.0,85.0,25.0,7.519747336181926,110.0,112.0,110,60.0,-166.5,0.55,110.83,
07:33:36,110.0,141.0,111.65,34.0,109.0,105.0,113.76,41.0,110.82,1.6500000000000057,246.0,75.0,6.64239188847037,110.0,111.65,321,171.0,165.5,0.53,110.0,3.0
07:33:37,110.0,49.0,112.43,14.0,109.0,49.0,115.0,21.0,111.21,2.430000000000007,98.0,35.0,3.629899447645704,110.0,112.43,133,63.0,-166.5,0.47,110.0,
07:33:38,110.0,63.0,113.0,18.0,109.0,63.0,115.0,27.0,111.5,3.0,126.0,45.0,0.2753724750577853,110.0,113.0,171,81.0,38.0,0.47,110.0,
07:33:39,110.07,44.0,113.0,16.0,109.25,56.0,115.0,24.0,111.53,2.930000000000007,100.0,40.0,0.3093056740820909,110.07,113.0,140,60.0,-31.0,0.43,110.0,
07:33:40,109.97,32.0,112.85,26.0,109.1,72.0,114.78,37.0,111.41,2.8799999999999955,104.0,63.0,0.2929675750306331,109.97,112.85,167,41.0,27.0,0.25,110.2,10.0
07:33:41,109.0,75.0,112.0,26.0,108.0,80.0,114.62,24.0,110.5,3.0,155.0,50.0,0.4267903466801492,109.0,112.0,205,105.0,38.0,0.51,109.0,1.0
07:33:42,109.0,49.0,110.79,19.0,108.0,55.0,113.88,17.0,109.89,1.7900000000000065,104.0,36.0,0.7374483032860716,109.0,110.79,140,68.0,-65.0,0.49,109.0,2.0
07:33:43,109.26,47.0,113.0,15.0,108.09,88.0,114.0,45.0,111.13,3.739999999999995,135.0,60.0,0.6873281603568605,109.26,113.0,195,75.0,55.0,0.38,109.0,
07:33:44,109.0,44.0,113.0,11.0,108.0,110.0,114.0,33.0,111.0,4.0,154.0,44.0,0.5996082054305167,109.0,113.0,198,110.0,3.0,0.56,109.0,
07:33:45,109.0,37.0,112.9,10.0,108.0,100.0,113.96,28.0,110.95,3.9000000000000057,137.0,38.0,0.5082617436121426,109.0,112.9,175,99.0,-23.0,0.57,109.0,1.0
07:33:46,109.57,47.0,111.53,17.0,108.12,85.0,112.92,13.0,110.55,1.960000000000008,132.0,30.0,0.5039642844683042,109.57,111.53,162,102.0,-13.0,0.63,109.5,2.0
07:33:47,110.0,40.0,111.0,16.0,109.0,16.0,112.36,11.0,110.5,1.0,56.0,27.0,0.2830724289286886,110.0,111.0,83,29.0,-79.0,0.35,109.5,
07:33:48,110.0,30.0,111.71,7.0,109.0,12.0,112.97,36.0,110.86,1.7099999999999935,42.0,43.0,0.2316678657466676,110.0,111.71,85,-1.0,2.0,-0.01,109.5,
07:33:49,110.0,24.0,112.0,6.0,109.0,12.0,113.0,42.0,111.0,2.0,36.0,48.0,0.2316678657466676,110.0,112.0,84,-12.0,-1.0,-0.14,110.0,3.0
07:33:50,110.0,16.0,112.0,8.0,109.0,16.0,113.0,56.0,111.0,2.0,32.0,64.0,0.2421156748738324,110.0,112.0,96,-32.0,12.0,-0.33,110.0,
07:33:51,110.27,11.0,112.0,9.0,108.47,19.0,113.0,63.0,111.14,1.730000000000004,30.0,72.0,0.2445403852527301,110.27,112.0,102,-42.0,6.0,-0.41,109.67,3.0
07:33:52,111.0,7.0,112.0,7.0,109.0,7.0,113.0,49.0,111.5,1.0,14.0,56.0,0.2445403852525333,111.0,112.0,70,-42.0,-32.0,-0.6,109.67,
07:33:53,111.0,9.0,112.0,9.0,109.0,9.0,113.0,68.0,111.5,1.0,18.0,77.0,0.2547940345051193,111.0,112.0,95,-59.0,25.0,-0.62,109.67,
07:33:54,111.0,5.0,112.0,5.0,109.0,5.0,113.0,45.0,111.5,1.0,10.0,50.0,0.2406657433440584,111.0,112.0,60,-40.0,-35.0,-0.67,109.67,
07:33:55,111.0,4.0,112.0,4.0,109.0,4.0,113.0,36.0,111.5,1.0,8.0,40.0,0.1609968944399262,111.0,112.0,48,-32.0,-12.0,-0.67,109.67,
07:33:56,111.18,11.0,112.84,43.0,109.36,11.0,234.11,79.0,112.01,1.6599999999999966,22.0,122.0,0.2280789337471093,111.18,112.84,144,-100.0,96.0,-0.69,112.0,1.0
07:33:57,110.71,14.0,113.0,99.0,109.04,23.0,553.38,42.0,111.86,2.2900000000000063,37.0,141.0,0.2440901473209925,110.71,113.0,178,-104.0,34.0,-0.58,111.5,2.0
07:33:58,109.0,18.0,111.33,36.0,108.0,45.0,112.97,74.0,110.17,2.3299999999999983,63.0,110.0,0.7273719818767521,109.0,111.33,173,-47.0,-5.0,-0.27,111.2,5.0
07:33:59,109.25,24.0,112.8,85.0,108.05,63.0,221.26,53.0,111.03,3.549999999999997,87.0,138.0,0.7427179814837931,109.25,112.8,225,-51.0,52.0,-0.23,110.75,4.0
07:34:00,110.2,15.0,112.0,30.0,108.5,14.0,114.0,40.0,111.1,1.7999999999999972,29.0,70.0,0.739209036754421,110.2,112.0,99,-41.0,-126.0,-0.41,112.0,2.0
07:34:01,110.56,41.0,112.0,10.0,109.0,5.0,114.0,25.0,111.28,1.4399999999999975,46.0,35.0,0.6080871648205283,110.56,112.0,81,11.0,-18.0,0.14,111.0,2.0
07:34:02,110.62,26.0,113.61,31.0,108.11,28.0,347.71,35.0,112.11,2.989999999999995,54.0,66.0,0.6919320776054867,110.62,113.61,120,-12.0,39.0,-0.1,112.0,2.0
07:34:03,109.62,16.0,114.0,40.0,108.06,32.0,578.0,32.0,111.81,4.379999999999996,48.0,72.0,0.472154635706662,109.62,114.0,120,-24.0,0.0,-0.2,112.0,
07:34:04,110.15,41.0,114.0,45.0,109.59,17.0,503.89,36.0,112.07,3.8499999999999934,58.0,81.0,0.4610097613057544,110.15000000000002,114.0,139,-23.0,19.0,-0.17,112.0,
07:34:05,111.0,21.0,114.0,35.0,110.0,35.0,486.0,28.0,112.5,3.0,56.0,63.0,0.4502554830527367,111.0,114.0,119,-7.0,-20.0,-0.06,112.0,
07:34:06,112.27,30.0,113.77,39.0,111.0,27.0,483.44,39.0,113.02,1.5,57.0,78.0,0.4710307845766386,112.27,113.77,135,-21.0,16.0,-0.16,112.0,3.0
07:34:07,112.33,18.0,250.0,38.0,110.8,20.0,760.0,24.0,181.17,137.67000000000002,38.0,62.0,30.780656750628506,112.33,250.0,100,-24.0,-35.0,-0.24,113.0,2.0
07:34:08,111.0,46.0,371.8,40.0,109.0,12.0,760.0,4.0,241.4,260.8,58.0,44.0,58.13204598154103,111.0,371.8,102,14.0,2.0,0.14,113.0,
07:34:09,111.0,27.0,113.0,32.0,109.0,9.0,494.67,3.0,112.0,2.0,36.0,35.0,58.14408327594477,111.0,113.0,71,1.0,-31.0,0.01,113.0,
07:34:10,111.0,13.0,113.0,36.0,109.0,9.0,484.89,9.0,112.0,2.0,22.0,45.0,58.22940769061627,111.0,113.0,67,-23.0,-4.0,-0.34,111.0,2.0
07:34:11,116.33,45.0,351.85,13.0,110.0,10.0,157.85,13.0,234.09,235.52000000000004,55.0,26.0,62.988589998506775,116.33,351.85,81,29.0,14.0,0.36,112.8,5.0
07:34:12,117.0,36.0,382.67,6.0,111.0,6.0,0.0,0.0,249.83,265.67,42.0,6.0,71.29765865720965,117.0,382.67,48,36.0,-33.0,0.75,117.0,4.0
07:34:15,111.0,9.0,285.33,9.0,109.0,9.0,683.57,7.0,198.17,174.32999999999998,18.0,16.0,118.7725392083537,111.0,285.33,34,2.0,-2.0,0.06,117.0,
07:34:16,111.8,10.0,148.0,8.0,108.93,14.0,734.12,8.0,129.9,36.2,24.0,16.0,142.7927920099608,111.8,148.0,40,8.0,6.0,0.2,117.0,
07:34:17,108.6,35.0,159.14,7.0,105.55,33.0,453.71,7.0,133.87,50.53999999999999,68.0,14.0,159.79542787576852,108.6,159.14,82,54.0,42.0,0.66,110.62,8.0
07:34:18,107.0,64.0,186.43,14.0,103.0,48.0,490.25,8.0,146.71,79.43,112.0,22.0,132.23993855866678,107.0,186.43,134,90.0,52.0,0.67,110.62,
07:34:19,107.0,96.0,177.73,49.0,104.0,148.0,457.19,27.0,142.37,70.72999999999999,244.0,76.0,27.628647813456155,107.0,177.72999999999996,320,168.0,165.5,0.53,110.62,
07:34:20,107.0,72.0,111.29,35.0,104.0,105.0,124.72,32.0,109.14,4.290000000000006,177.0,67.0,14.608349324958112,107.0,111.29,244,110.0,-76.0,0.45,110.62,
07:34:21,107.2,45.0,111.0,36.0,104.5,119.0,117.09,46.0,109.1,3.799999999999997,164.0,82.0,18.05300722871417,107.2,111.0,246,82.0,2.0,0.33,107.86,7.0
07:34:22,110.79,19.0,113.0,45.0,106.09,35.0,208.58,24.0,111.89,2.2099999999999937,54.0,69.0,18.99050999841785,110.79,113.0,123,-15.0,-123.0,-0.12,107.86,
07:34:23,111.57,14.0,116.83,48.0,110.4,30.0,219.4,25.0,114.2,5.260000000000005,44.0,73.0,14.15274355028068,111.57,116.83,117,-29.0,-6.0,-0.25,113.0,5.0
07:34:24,114.23,26.0,177.0,17.0,108.55,33.0,314.82,11.0,145.62,62.77,59.0,28.0,15.591228303120028,114.23,177.0,87,31.0,-30.0,0.36,113.0,
07:34:25,114.63,19.0,218.89,27.0,105.83,76.0,249.42,24.0,166.76,104.26,95.0,51.0,25.536851411244992,114.63,218.89,146,44.0,59.0,0.3,112.5,4.0
07:34:26,110.65,34.0,219.0,7.0,105.19,47.0,372.29,7.0,164.82,108.35,81.0,14.0,26.539412578276863,110.65,219.0,95,67.0,-51.0,0.71,112.5,
07:34:27,111.14,77.0,176.74,27.0,110.63,57.0,194.73,30.0,143.94,65.60000000000001,134.0,57.0,21.18428002080781,111.14,176.74,191,77.0,96.0,0.4,112.67,3.0
07:34:28,111.0,70.0,174.89,19.0,108.0,7.0,185.57,7.0,142.95,63.88999999999999,77.0,26.0,11.899946218365642,111.0,174.89,103,51.0,-88.0,0.5,112.67,
07:34:29,111.0,116.0,173.58,19.0,108.0,11.0,174.32,25.0,142.29,62.58000000000001,127.0,44.0,12.482434458069273,111.0,173.58,171,83.0,68.0,0.49,111.0,5.0
07:34:30,111.0,29.0,170.22,32.0,108.0,12.0,172.75,16.0,140.61,59.22,41.0,48.0,10.078495423424949,111.0,170.22,89,-7.0,-82.0,-0.08,111.0,5.0
07:34:31,111.92,49.0,167.47,45.0,110.06,93.0,170.04,23.0,139.69,55.55,142.0,68.0,1.7294739084473432,111.92,167.47,210,74.0,121.0,0.35,111.0,
07:34:32,112.63,35.0,165.33,12.0,110.89,54.0,167.0,36.0,138.98,52.70000000000002,89.0,48.0,1.685906284465592,112.63,165.33,137,41.0,-73.0,0.3,113.0,3.0
07:34:33,111.0,18.0,122.7,44.0,108.0,24.0,164.91,32.0,116.85,11.700000000000005,42.0,76.0,10.601131071730167,111.0,122.7,118,-34.0,-19.0,-0.29,111.0,1.0
07:34:34,108.2,15.0,111.54,26.0,105.06,100.0,152.78,27.0,109.87,3.3400000000000034,115.0,53.0,14.680326971835656,108.2,111.54,168,62.0,50.0,0.37,111.67,3.0
07:34:35,108.0,18.0,109.44,18.0,105.0,126.0,111.0,27.0,108.72,1.4399999999999975,144.0,45.0,15.393958880028483,108.0,109.44,189,99.0,21.0,0.52,111.67,
07:34:36,108.0,36.0,109.67,27.0,105.0,168.0,111.3,30.0,108.83,1.6700000000000017,204.0,57.0,12.929371601126268,108.0,109.67,261,147.0,72.0,0.56,108.0,2.0
07:34:37,105.66,56.0,111.0,24.0,98.32,50.0,114.0,8.0,108.33,5.340000000000003,106.0,32.0,3.584117743603444,105.66,111.0,138,74.0,-123.0,0.54,108.0,3.0
07:34:38,109.0,27.0,111.0,51.0,107.0,18.0,113.78,9.0,110.0,2.0,45.0,60.0,0.7417209718038417,109.0,111.0,105,-15.0,-33.0,-0.14,108.0,
07:34:39,109.36,42.0,111.0,72.0,107.83,24.0,112.0,12.0,110.18,1.6400000000000006,66.0,84.0,0.8252090644276794,109.36,111.0,150,-18.0,45.0,-0.12,108.0,
07:34:40,109.47,19.0,110.86,28.0,107.75,16.0,111.14,28.0,110.17,1.3900000000000006,35.0,56.0,0.8630005793818846,109.46999999999998,110.86,91,-21.0,-59.0,-0.23,110.0,3.0
07:34:41,109.0,7.0,110.25,24.0,107.0,14.0,111.05,19.0,109.62,1.25,21.0,43.0,0.7772708665667272,109.0,110.25,64,-22.0,-27.0,-0.34,109.0,1.0
07:34:42,109.0,13.0,110.0,39.0,107.79,68.0,111.62,39.0,109.5,1.0,81.0,78.0,0.3160379724230548,109.0,110.0,159,3.0,95.0,0.02,109.0,
07:34:43,108.11,71.0,110.0,33.0,107.72,50.0,112.0,33.0,109.06,1.8900000000000008,121.0,66.0,0.4762142375164507,108.11,110.0,187,55.0,28.0,0.29,109.0,
07:34:44,108.21,57.0,110.0,33.0,107.84,64.0,112.0,33.0,109.11,1.7900000000000065,121.0,66.0,0.4496331838437696,108.21,110.0,187,55.0,0.0,0.29,109.0,2.0
07:34:45,108.0,53.0,109.82,22.0,107.0,14.0,111.71,21.0,108.91,1.8199999999999927,67.0,43.0,0.3042203149258944,108.0,109.82,110,24.0,-77.0,0.22,108.0,2.0
07:34:46,108.0,30.0,110.0,30.0,107.0,20.0,117.44,32.0,109.0,2.0,50.0,62.0,0.2272223580849132,108.0,110.0,112,-12.0,2.0,-0.11,108.67,6.0
07:34:47,108.69,29.0,110.0,13.0,107.83,36.0,112.0,65.0,109.34,1.3100000000000025,65.0,78.0,0.1613381542403524,108.69,110.0,143,-13.0,31.0,-0.09,109.0,2.0
07:34:48,107.57,23.0,110.0,10.0,105.64,33.0,112.0,50.0,108.78,2.430000000000007,56.0,60.0,0.2122969618569938,107.56999999999998,110.0,116,-4.0,-27.0,-0.03,108.4,5.0
07:34:49,107.29,21.0,110.0,10.0,105.11,38.0,112.0,50.0,108.64,2.7099999999999937,59.0,60.0,0.2645373319850215,107.29,110.0,119,-1.0,3.0,-0.01,108.4,
07:34:50,107.0,18.0,109.33,9.0,104.42,48.0,111.43,21.0,108.17,2.3299999999999983,66.0,30.0,0.4340276489047912,107.0,109.33,96,36.0,-23.0,0.38,108.4,
07:34:51,104.31,39.0,109.0,7.0,73.63,54.0,110.0,7.0,106.65,4.689999999999998,93.0,14.0,1.0205047770657585,104.31,109.0,107,79.0,11.0,0.74,107.0,2.0
07:34:52,106.11,71.0,109.0,12.0,96.86,58.0,110.43,23.0,107.56,2.890000000000001,129.0,35.0,0.8739279146555479,106.11,109.0,164,94.0,57.0,0.57,107.0,1.0
07:34:53,106.0,42.0,109.0,6.0,98.3,40.0,110.0,12.0,107.5,3.0,82.0,18.0,0.7527482979152514,106.0,109.0,100,64.0,-64.0,0.64,104.0,5.0
07:34:54,104.0,16.0,109.0,20.0,83.0,45.0,111.76,34.0,106.5,5.0,61.0,54.0,0.6935632631667429,104.0,109.0,115,7.0,15.0,0.06,104.0,
07:34:55,104.0,28.0,107.08,52.0,98.73,74.0,109.66,41.0,105.54,3.0799999999999983,102.0,93.0,0.829939756858733,104.0,107.08,195,9.0,80.0,0.05,105.0,2.0
07:34:56,103.92,52.0,110.89,38.0,100.55,22.0,120.88,26.0,107.41,6.969999999999999,74.0,64.0,0.8753970527792868,103.92,110.89,138,10.0,-57.0,0.07,109.8,5.0
07:34:57,104.7,40.0,109.57,23.0,103.33,18.0,123.31,13.0,107.13,4.86999999999999,58.0,36.0,0.8135293479738148,104.7,109.56999999999998,94,22.0,-44.0,0.23,105.33,3.0
07:34:58,111.0,44.0,262.41,39.0,103.23,26.0,372.23,26.0,186.71,151.41000000000005,70.0,65.0,35.813356028163675,111.0,262.41,135,5.0,41.0,0.04,112.0,5.0
07:34:59,111.14,14.0,388.38,32.0,107.25,16.0,421.16,19.0,249.76,277.24,30.0,51.0,65.03756183929403,111.14,388.38,81,-21.0,-54.0,-0.26,112.0,
07:35:00,112.5,8.0,346.13,39.0,110.86,29.0,404.05,19.0,229.31,233.63,37.0,58.0,66.79229431603606,112.5,346.13,95,-21.0,14.0,-0.22,111.5,4.0
07:35:02,107.0,11.0,143.17,29.0,103.36,61.0,280.76,34.0,125.09,36.16999999999999,72.0,63.0,59.92874268662713,107.0,143.17,135,9.0,25.0,0.07,111.5,
07:35:03,103.6,47.0,271.33,18.0,99.27,41.0,516.67,24.0,187.46,167.73,88.0,42.0,59.84442705883285,103.6,271.33,130,46.0,-5.0,0.35,107.4,5.0
07:35:04,106.79,106.0,238.68,53.0,101.43,113.0,384.03,31.0,172.74,131.89,219.0,84.0,58.25907508706238,106.79,238.68,303,135.0,165.5,0.45,107.4,
07:35:05,109.0,105.0,255.88,32.0,103.0,156.0,363.11,44.0,182.44,146.88,261.0,76.0,55.81940316771558,109.0,255.88,337,185.0,34.0,0.55,107.4,
07:35:06,109.28,36.0,389.97,35.0,107.35,62.0,428.78,54.0,249.62,280.69000000000005,98.0,89.0,44.48640466479596,109.28,389.97,187,9.0,-150.0,0.05,109.4,5.0
07:35:07,109.0,16.0,152.62,26.0,108.0,32.0,199.43,28.0,130.81,43.620000000000005,48.0,54.0,42.645246862926925,109.0,152.62,102,-6.0,-85.0,-0.06,109.4,
07:35:08,108.08,26.0,110.0,21.0,103.24,82.0,177.0,28.0,109.04,1.9200000000000017,108.0,49.0,54.19376993714302,108.08,110.0,157,59.0,55.0,0.38,109.0,2.0
07:35:09,108.0,52.0,110.0,39.0,106.67,157.0,151.57,46.0,109.0,2.0,209.0,85.0,60.23369090467554,108.0,110.0,294,124.0,137.0,0.42,109.0,
07:35:10,108.0,28.0,110.0,21.0,103.0,91.0,112.0,21.0,109.0,2.0,119.0,42.0,61.17671517824408,108.0,110.0,161,77.0,-133.0,0.48,109.0,
07:35:11,103.0,112.0,108.55,11.0,87.0,27.0,110.22,27.0,105.77,5.549999999999997,139.0,38.0,10.207469323981046,103.0,108.55,177,101.0,16.0,0.57,107.0,5.0
07:35:12,103.65,102.0,107.13,62.0,102.15,141.0,108.9,40.0,105.39,3.4799999999999898,243.0,102.0,1.88537794619982,103.65,107.13,345,141.0,165.5,0.41,107.0,
07:35:13,104.0,79.0,105.51,67.0,103.0,168.0,107.5,18.0,104.75,1.5100000000000051,247.0,85.0,2.0572967700400127,104.0,105.51,332,162.0,-13.0,0.49,104.0,5.0
07:35:14,104.8,30.0,106.67,12.0,103.05,76.0,107.92,26.0,105.73,1.8700000000000043,106.0,38.0,1.6566894700025685,104.8,106.67,144,68.0,-166.5,0.47,104.0,
07:35:15,105.69,78.0,108.67,24.0,104.55,22.0,266.9,40.0,107.18,2.980000000000004,100.0,64.0,0.8908310726605657,105.69,108.67,164,36.0,20.0,0.22,108.0,7.0
07:35:16,105.56,54.0,110.0,18.0,104.0,117.0,251.75,40.0,107.78,4.439999999999998,171.0,58.0,1.2679234992764217,105.56,110.0,229,113.0,65.0,0.49,108.0,
07:35:17,108.5,60.0,110.0,20.0,104.0,70.0,188.0,50.0,109.25,1.5,130.0,70.0,1.75780260553253,108.5,110.0,200,60.0,-29.0,0.3,108.0,
07:35:18,108.24,38.0,211.1,49.0,103.24,95.0,317.07,45.0,159.67,102.86,133.0,94.0,23.371963332163837,108.24,211.1,227,39.0,27.0,0.17,110.0,2.0
07:35:20,111.5,46.0,351.3,30.0,109.95,19.0,623.85,33.0,231.4,239.8,65.0,63.0,106.60450801912634,111.5,351.3,128,2.0,66.0,0.02,110.0,
07:35:21,112.62,24.0,345.65,17.0,112.05,21.0,360.13,23.0,229.14,233.03,45.0,40.0,95.26631896950757,112.62,345.65,85,5.0,-43.0,0.06,113.0,3.0
07:35:22,115.0,8.0,304.55,22.0,113.0,8.0,344.06,17.0,209.77,189.55,16.0,39.0,74.93242589159881,115.0,304.55,55,-23.0,-30.0,-0.42,113.0,
07:35:23,115.0,8.0,253.18,22.0,113.0,8.0,311.71,21.0,184.09,138.18,16.0,43.0,69.08399402176994,115.0,253.18,59,-27.0,4.0,-0.46,113.0,
07:35:24,112.2,15.0,290.38,29.0,109.5,12.0,311.35,31.0,201.29,178.18,27.0,60.0,19.78047951895917,112.2,290.38,87,-33.0,28.0,-0.38,113.67,3.0
07:35:25,104.03,34.0,211.87,39.0,69.13,54.0,286.68,37.0,157.95,107.84,88.0,76.0,26.946723734064054,104.03,211.87,164,12.0,77.0,0.07,107.5,2.0
07:35:26,103.0,24.0,106.54,13.0,96.37,71.0,192.5,16.0,104.77,3.5400000000000063,95.0,29.0,42.27000449491323,103.0,106.54,124,66.0,-40.0,0.53,106.0,1.0
07:35:27,103.54,39.0,105.29,14.0,102.28,75.0,165.71,28.0,104.41,1.75,114.0,42.0,44.6624441785265,103.54,105.29,156,72.0,32.0,0.46,105.0,1.0
07:35:28,104.0,21.0,393.8,20.0,103.0,21.0,640.71,28.0,248.9,289.8,42.0,48.0,62.63561510833904,104.0,393.8,90,-6.0,-66.0,-0.07,107.0,2.0
07:35:30,103.0,24.0,182.67,27.0,101.5,32.0,259.45,29.0,142.83,79.66999999999999,56.0,56.0,92.2219577974789,103.0,182.67,112,0.0,-8.0,0.0,107.0,
07:35:31,103.0,30.0,121.33,27.0,80.4,40.0,177.76,34.0,112.17,18.33,70.0,61.0,90.72188545218832,103.0,121.33,131,9.0,19.0,0.07,104.0,1.0
07:35:33,103.0,61.0,187.33,30.0,73.33,96.0,210.22,40.0,145.17,84.33000000000001,157.0,70.0,83.73115202838181,103.0,187.33,227,87.0,82.0,0.38,104.33,6.0
07:35:34,103.95,19.0,150.0,36.0,86.27,66.0,392.88,32.0,126.97,46.05,85.0,68.0,18.365155049713373,103.95,150.0,153,17.0,-74.0,0.11,103.0,1.0
07:35:35,116.31,35.0,150.0,36.0,113.9,41.0,326.16,31.0,133.16,33.69,76.0,67.0,16.58995268227169,116.31,150.0,143,9.0,-10.0,0.06,103.0,
07:35:36,115.97,36.0,228.57,47.0,114.76,68.0,392.12,50.0,172.27,112.6,104.0,97.0,25.225132903515235,115.97,228.57,201,7.0,58.0,0.03,116.18,11.0
07:35:37,115.0,32.0,406.25,32.0,109.0,24.0,613.0,32.0,260.62,291.25,56.0,64.0,54.80542281563012,115.0,406.25,120,-8.0,-81.0,-0.07,116.18,
07:35:38,115.0,52.0,175.85,52.0,111.0,39.0,505.38,52.0,145.42,60.85,91.0,104.0,54.7799084519132,115.0,175.84999999999997,195,-13.0,75.0,-0.07,116.18,
07:35:39,115.0,40.0,144.33,36.0,111.0,33.0,365.3,40.0,129.67,29.330000000000013,73.0,76.0,54.28929056453022,115.0,144.33,149,-3.0,-46.0,-0.02,115.0,1.0
07:35:40,115.0,33.0,142.42,38.0,111.0,33.0,143.14,28.0,128.71,27.419999999999987,66.0,66.0,55.03920302838687,115.0,142.42,132,0.0,-17.0,0.0,115.0,
07:35:41,112.11,54.0,139.0,46.0,109.71,42.0,140.5,32.0,125.56,26.89,96.0,78.0,57.88343312209457,112.11,139.0,174,18.0,42.0,0.1,115.0,3.0
07:35:42,111.51,55.0,137.7,20.0,110.75,72.0,141.97,31.0,124.6,26.189999999999984,127.0,51.0,8.445215805413678,111.51,137.7,178,76.0,4.0,0.43,115.0,
07:35:43,113.58,48.0,134.69,13.0,111.0,108.0,136.87,23.0,124.14,21.11,156.0,36.0,2.4994859471521758,113.58,134.69,192,120.0,14.0,0.62,115.0,
07:35:44,115.0,24.0,132.75,16.0,111.0,72.0,134.0,8.0,123.88,17.75,96.0,24.0,1.969598943950726,115.0,132.75,120,72.0,-72.0,0.6,115.0,1.0
07:35:45,115.0,36.0,128.94,17.0,111.0,108.0,130.74,19.0,121.97,13.939999999999998,144.0,36.0,1.3175735273647788,115.0,128.94,180,108.0,60.0,0.6,115.0,
07:35:46,115.85,41.0,127.47,15.0,113.5,48.0,183.0,12.0,121.66,11.620000000000005,89.0,27.0,1.3395894893633855,115.84999999999998,127.47,116,62.0,-64.0,0.53,116.0,1.0
07:35:47,115.6,30.0,125.9,10.0,112.33,54.0,159.43,42.0,120.75,10.300000000000011,84.0,52.0,1.4697788949407482,115.6,125.9,136,32.0,20.0,0.24,116.0,3.0
07:35:48,115.0,24.0,125.0,8.0,111.0,72.0,221.89,36.0,120.0,10.0,96.0,44.0,1.466959440480092,115.0,125.0,140,52.0,4.0,0.37,116.0,
07:35:49,115.0,38.0,123.14,14.0,111.0,147.0,315.26,42.0,119.07,8.14,185.0,56.0,1.1919941275082526,115.0,123.14,241,129.0,101.0,0.54,115.0,1.0
07:35:50,115.0,26.0,121.0,13.0,111.0,143.0,297.66,53.0,118.0,6.0,169.0,66.0,1.425563046664213,115.0,121.0,235,103.0,-6.0,0.44,115.0,
07:35:51,111.08,168.0,117.92,25.0,109.48,92.0,130.55,60.0,114.5,6.840000000000003,260.0,85.0,2.44340541049071,111.08,117.92,345,175.0,110.0,0.51,115.0,2.0
07:35:52,113.45,77.0,116.41,27.0,111.0,185.0,117.92,48.0,114.93,2.9599999999999937,262.0,75.0,2.4682888809893853,113.45,116.40999999999998,337,187.0,-8.0,0.55,114.0,4.0
07:35:53,114.0,48.0,115.62,64.0,111.0,192.0,117.0,16.0,114.81,1.6200000000000043,240.0,80.0,2.114986997599829,114.0,115.62,320,160.0,-17.0,0.5,114.0,
07:35:54,111.3,70.0,115.44,25.0,110.38,112.0,262.46,24.0,113.37,4.140000000000001,182.0,49.0,1.7228958180972316,111.3,115.44,231,133.0,-89.0,0.58,114.0,3.0
07:35:55,111.15,48.0,113.12,24.0,110.38,64.0,251.67,24.0,112.14,1.9699999999999989,112.0,48.0,1.1847995611146798,111.15000000000002,113.12,160,64.0,-71.0,0.4,111.4,5.0
07:35:56,111.0,44.0,249.42,33.0,109.0,35.0,309.6,25.0,180.21,138.42,79.0,58.0,29.71590180358003,111.0,249.42,137,21.0,-23.0,0.15,112.2,5.0
07:35:57,111.0,72.0,149.67,48.0,109.0,60.0,349.43,35.0,130.33,38.66999999999999,132.0,83.0,28.927831235680447,111.0,149.67,215,49.0,78.0,0.23,112.2,
07:35:58,111.0,42.0,113.0,25.0,109.47,38.0,523.0,35.0,112.0,2.0,80.0,60.0,29.325453960680807,111.0,113.0,140,20.0,-75.0,0.14,113.0,3.0
07:35:59,111.0,60.0,146.43,14.0,109.23,52.0,297.63,19.0,128.71,35.43000000000001,112.0,33.0,27.97292566035966,111.0,146.43,145,79.0,5.0,0.54,113.0,
07:36:00,111.0,48.0,278.47,15.0,109.0,40.0,428.86,14.0,194.73,167.47000000000003,88.0,29.0,36.035947052908135,111.0,278.47,117,59.0,-28.0,0.5,113.0,
07:36:01,111.0,60.0,198.33,12.0,109.34,53.0,257.58,19.0,154.67,87.33000000000001,113.0,31.0,32.14030211432371,111.0,198.33,144,82.0,27.0,0.57,113.0,
07:36:02,111.0,60.0,186.55,11.0,109.38,32.0,333.2,25.0,148.77,75.55000000000001,92.0,36.0,31.211487949151017,111.0,186.55,128,56.0,-16.0,0.44,113.0,
07:36:03,111.0,36.0,142.0,6.0,110.0,12.0,205.0,12.0,126.5,31.0,48.0,18.0,27.510561244729228,111.0,142.0,66,30.0,-62.0,0.45,113.0,
07:36:04,111.0,60.0,142.0,10.0,110.0,20.0,236.0,20.0,126.5,31.0,80.0,30.0,27.965697380898582,111.0,142.0,110,50.0,44.0,0.45,113.0,
07:36:05,111.0,60.0,142.0,10.0,110.0,20.0,207.89,19.0,126.5,31.0,80.0,29.0,13.970174300988711,111.0,142.0,109,51.0,-1.0,0.47,113.0,
07:36:06,112.0,73.0,140.12,17.0,111.0,78.0,145.12,58.0,126.06,28.120000000000005,151.0,75.0,10.010453536179504,112.0,140.12,226,76.0,117.0,0.34,112.0,7.0
07:36:07,117.0,55.0,137.88,25.0,112.0,39.0,139.72,43.0,127.44,20.879999999999995,94.0,68.0,0.5067543783835603,117.0,137.88,162,26.0,-64.0,0.16,117.0,7.0
07:36:08,117.0,10.0,136.3,46.0,111.33,45.0,137.57,23.0,126.65,19.30000000000001,55.0,69.0,0.50378566872321,117.0,136.3,124,-14.0,-38.0,-0.11,117.0,
07:36:09,111.32,38.0,134.15,20.0,109.69,39.0,135.54,28.0,122.73,22.830000000000013,77.0,48.0,1.8279578769794724,111.32,134.15,125,29.0,1.0,0.23,117.0,1.0
07:36:10,111.0,48.0,130.56,18.0,110.0,8.0,131.52,21.0,120.78,19.56,56.0,39.0,2.846132463539234,111.0,130.56,95,17.0,-30.0,0.18,117.0,
07:36:11,111.0,78.0,126.21,47.0,110.0,13.0,128.19,37.0,118.61,15.209999999999994,91.0,84.0,3.775469507228562,111.0,126.21,175,7.0,80.0,0.04,117.0,
07:36:12,111.0,78.0,127.52,42.0,110.0,13.0,127.94,35.0,119.26,16.519999999999996,91.0,77.0,3.2352480584977577,111.0,127.52,168,14.0,-7.0,0.08,117.0,
07:36:13,111.0,51.0,125.0,9.0,110.0,9.0,126.0,18.0,118.0,14.0,60.0,27.0,1.9015861800124605,111.0,125.0,87,33.0,-81.0,0.38,111.0,1.0
07:36:14,110.95,58.0,112.58,62.0,109.42,26.0,115.08,48.0,111.76,1.6299999999999957,84.0,110.0,3.4684319223556144,110.95,112.58,194,-26.0,107.0,-0.13,111.0,5.0
07:36:15,108.3,33.0,110.9,39.0,107.92,37.0,113.48,33.0,109.6,2.6000000000000085,70.0,72.0,4.439671158995518,108.3,110.9,142,-2.0,-52.0,-0.01,109.17,6.0
07:36:16,108.0,66.0,109.64,55.0,107.0,25.0,236.65,23.0,108.82,1.6400000000000006,91.0,78.0,4.83649873358999,108.0,109.64,169,13.0,27.0,0.08,109.17,
07:36:17,108.0,22.0,163.12,51.0,107.0,55.0,419.44,43.0,135.56,55.120000000000005,77.0,94.0,11.116272756639972,108.0,163.12,171,-17.0,2.0,-0.1,108.56,9.0
07:36:18,110.0,26.0,161.77,44.0,108.03,37.0,183.22,46.0,135.89,51.77000000000001,63.0,90.0,14.098974430788015,110.0,161.77,153,-27.0,-18.0,-0.18,108.56,
07:36:19,112.03,76.0,286.9,63.0,111.09,70.0,334.61,64.0,199.47,174.86999999999998,146.0,127.0,36.90159847486293,112.03000000000002,286.9,273,19.0,120.0,0.07,108.56,
07:36:20,113.0,28.0,246.02,55.0,112.0,84.0,332.76,45.0,179.51,133.02,112.0,100.0,36.757334642218,113.0,246.02,212,12.0,-61.0,0.06,108.56,
07:36:21,114.47,38.0,192.82,49.0,112.44,54.0,221.26,57.0,153.65,78.35,92.0,106.0,28.08077598642877,114.46999999999998,192.82,198,-14.0,-14.0,-0.07,108.56,
07:36:22,115.91,44.0,176.28,43.0,114.0,26.0,187.0,49.0,146.09,60.370000000000005,70.0,92.0,26.03331173708012,115.91,176.28,162,-22.0,-36.0,-0.14,108.56,
07:36:23,114.93,15.0,161.4,30.0,111.86,56.0,167.81,42.0,138.17,46.47,71.0,72.0,25.45499008053221,114.93,161.4,143,-1.0,-19.0,-0.01,114.0,8.0
07:36:24,112.0,28.0,160.0,42.0,111.0,56.0,381.69,54.0,136.0,48.0,84.0,96.0,17.557479317943088,112.0,160.0,180,-12.0,37.0,-0.07,114.0,
07:36:25,111.05,38.0,159.2,30.0,108.3,40.0,369.4,30.0,135.13,48.14999999999999,78.0,60.0,7.907782242829132,111.05,159.2,138,18.0,-42.0,0.13,112.0,2.0
07:36:26,111.0,48.0,152.27,37.0,109.0,48.0,229.18,38.0,131.64,41.27000000000001,96.0,75.0,5.394425826722054,111.0,152.27,171,21.0,33.0,0.12,112.0,
07:36:27,112.45,88.0,134.0,36.0,110.67,48.0,230.8,44.0,123.23,21.55,136.0,80.0,5.861538194024513,112.45,134.0,216,56.0,45.0,0.26,112.0,
07:36:28,113.0,72.0,132.33,27.0,111.0,36.0,294.71,34.0,122.67,19.330000000000013,108.0,61.0,6.407310668292101,113.0,132.33,169,47.0,-47.0,0.28,112.0,
07:36:29,113.07,44.0,132.0,30.0,111.7,43.0,308.68,41.0,122.53,18.930000000000007,87.0,71.0,5.927925438128511,113.07,132.0,158,16.0,-11.0,0.1,113.0,3.0
07:36:30,114.87,23.0,132.0,21.0,113.21,19.0,288.86,35.0,123.43,17.129999999999995,42.0,56.0,3.897665968244616,114.87,132.0,98,-14.0,-60.0,-0.14,113.0,
07:36:31,115.35,23.0,130.36,33.0,114.93,43.0,191.0,55.0,122.86,15.01000000000002,66.0,88.0,0.3779947089750156,115.35,130.36,154,-22.0,56.0,-0.14,113.0,
07:36:32,116.0,13.0,127.92,39.0,115.0,65.0,311.91,46.0,121.96,11.920000000000002,78.0,85.0,0.5327757502113111,116.0,127.92,163,-7.0,9.0,-0.04,113.0,
07:36:33,116.0,13.0,124.63,49.0,115.0,65.0,144.81,42.0,120.32,8.629999999999995,78.0,91.0,1.1882129438839806,116.0,124.63,169,-13.0,6.0,-0.08,113.0,
07:36:34,113.22,36.0,122.04,46.0,111.74,53.0,123.54,52.0,117.63,8.820000000000007,89.0,98.0,2.3354549877944244,113.22,122.04,187,-9.0,18.0,-0.05,113.11,9.0
07:36:35,113.56,112.0,119.26,57.0,112.0,64.0,120.47,55.0,116.41,5.700000000000003,176.0,112.0,2.7610740663760613,113.56000000000002,119.26,288,64.0,101.0,0.22,113.11,
07:36:36,114.65,34.0,116.67,54.0,111.43,56.0,135.05,42.0,115.66,2.019999999999996,90.0,96.0,2.665544972424036,114.65,116.67,186,-6.0,-102.0,-0.03,114.5,8.0
07:36:37,111.0,39.0,116.0,46.0,109.0,16.0,307.17,48.0,113.5,5.0,55.0,94.0,2.51867623961791,111.0,116.0,149,-39.0,-37.0,-0.26,116.0,1.0
07:36:38,111.0,33.0,115.56,27.0,109.0,11.0,169.21,28.0,113.28,4.560000000000002,44.0,55.0,1.8782252261154564,111.0,115.56,99,-11.0,-50.0,-0.11,116.0,
07:36:39,110.54,35.0,113.37,59.0,108.27,33.0,115.32,38.0,111.96,2.8299999999999983,68.0,97.0,1.8277363048363868,110.54,113.37,165,-29.0,66.0,-0.18,111.0,3.0
07:36:40,109.0,8.0,114.5,16.0,108.0,24.0,192.43,28.0,111.75,5.5,32.0,44.0,1.5639373389037636,109.0,114.5,76,-12.0,-89.0,-0.16,112.0,3.0
07:36:41,108.67,12.0,110.5,32.0,107.6,40.0,275.5,32.0,109.58,1.8299999999999983,52.0,64.0,1.5658799443181823,108.67,110.5,116,-12.0,40.0,-0.1,108.33,3.0
07:36:42,108.81,37.0,350.46,26.0,107.18,34.0,420.76,42.0,229.64,241.65,71.0,68.0,52.78677788992247,108.81,350.46,139,3.0,23.0,0.02,110.0,8.0
07:36:43,109.68,31.0,410.22,18.0,108.95,37.0,617.23,26.0,259.95,300.54,68.0,44.0,74.01539319628044,109.68,410.22,112,24.0,-27.0,0.21,110.0,
07:36:44,111.71,41.0,334.29,28.0,109.68,31.0,523.2,20.0,223.0,222.58000000000004,72.0,48.0,70.8732278790799,111.71,334.29,120,24.0,8.0,0.2,110.0,
07:36:45,112.35,46.0,307.54,41.0,111.38,58.0,373.48,33.0,209.94,195.19000000000003,104.0,74.0,57.16183534492208,112.35,307.54,178,30.0,58.0,0.17,110.0,
07:36:46,114.0,32.0,225.87,69.0,112.0,80.0,269.2,56.0,169.93,111.87,112.0,125.0,32.76724843498426,114.0,225.87,237,-13.0,59.0,-0.05,110.0,
07:36:47,113.08,26.0,231.09,55.0,111.27,55.0,278.53,30.0,172.08,118.01,81.0,85.0,37.62291655361107,113.08,231.09,166,-4.0,-71.0,-0.02,113.0,4.0
07:36:48,112.41,49.0,230.0,45.0,109.09,165.0,263.2,20.0,171.2,117.59,214.0,65.0,25.303213234685995,112.41,230.0,279,149.0,113.0,0.53,112.0,3.0
07:36:49,117.0,72.0,217.81,31.0,110.0,45.0,261.0,40.0,167.4,100.81,117.0,71.0,17.880676720974293,117.0,217.81,188,46.0,-91.0,0.24,112.0,
07:36:50,117.0,88.0,186.67,30.0,110.0,55.0,206.31,32.0,151.83,69.66999999999999,143.0,62.0,8.381668688274157,117.0,186.67,205,81.0,17.0,0.4,112.0,
07:36:51,117.0,66.0,179.7,50.0,110.0,50.0,180.32,22.0,148.35,62.69999999999999,116.0,72.0,11.236212440141768,117.0,179.7,188,44.0,-17.0,0.23,117.0,2.0
07:36:52,117.0,39.0,176.88,42.0,110.0,45.0,178.1,41.0,146.94,59.88,84.0,83.0,11.318693829236569,117.0,176.88,167,1.0,-21.0,0.01,117.0,5.0
07:36:53,110.36,58.0,172.86,63.0,109.05,290.0,173.68,66.0,141.61,62.500000000000014,348.0,129.0,9.760529186473445,110.36,172.86,477,219.0,165.5,0.46,117.0,1.0
07:36:54,110.44,36.0,160.47,53.0,109.29,140.0,164.64,55.0,135.46,50.03,176.0,108.0,6.403270258235401,110.44,160.47,284,68.0,-166.5,0.24,111.0,2.0
07:36:55,110.0,55.0,148.24,29.0,109.0,275.0,149.23,44.0,129.12,38.24000000000001,330.0,73.0,8.047144213943449,110.0,148.24,403,257.0,119.0,0.64,111.0,
07:36:56,110.0,80.0,144.25,53.0,109.0,400.0,145.19,48.0,127.12,34.25,480.0,101.0,8.331020345672249,110.0,144.25,581,379.0,165.5,0.65,111.0,
07:36:57,111.05,20.0,139.5,64.0,109.75,100.0,140.91,46.0,125.28,28.450000000000003,120.0,110.0,6.730402662546003,111.05,139.5,230,10.0,-166.5,0.04,111.0,
07:36:58,110.43,28.0,134.42,77.0,109.1,305.0,136.41,78.0,122.42,23.98999999999998,333.0,155.0,4.902631946210888,110.43,134.42,488,178.0,165.5,0.36,110.5,4.0
07:36:59,109.25,88.0,130.79,39.0,109.0,137.0,132.92,48.0,120.02,21.539999999999992,225.0,87.0,3.632756529139901,109.25,130.79,312,138.0,-166.5,0.44,110.2,5.0
07:37:00,109.0,288.0,125.06,33.0,108.0,24.0,125.06,34.0,117.03,16.060000000000002,312.0,67.0,4.033333608816579,109.0,125.06000000000002,379,245.0,67.0,0.65,110.2,
07:37:01,109.0,360.0,120.1,39.0,108.0,30.0,119.91,54.0,114.55,11.099999999999994,390.0,93.0,4.247369774343909,109.0,120.1,483,297.0,104.0,0.61,110.2,
07:37:02,109.0,240.0,112.71,45.0,108.0,20.0,113.82,33.0,110.86,3.7099999999999937,260.0,78.0,4.533125853096432,109.0,112.71,338,182.0,-145.0,0.54,109.0,4.0
07:37:03,109.13,92.0,114.55,29.0,108.92,130.0,217.53,38.0,111.84,5.420000000000002,222.0,67.0,3.7600199467571978,109.13,114.55,289,155.0,-49.0,0.54,109.38,8.0
07:37:04,109.0,90.0,115.23,13.0,108.0,12.0,153.33,18.0,112.12,6.230000000000004,102.0,31.0,2.4975487983245834,109.0,115.23,133,71.0,-156.0,0.53,109.38,
07:37:05,109.0,144.0,111.93,27.0,108.0,24.0,112.87,23.0,110.46,2.930000000000007,168.0,50.0,1.5974917840205096,109.0,111.93,218,118.0,85.0,0.54,109.0,3.0
07:37:06,109.0,86.0,308.11,35.0,108.0,26.0,368.0,31.0,208.56,199.11,112.0,66.0,43.49240071552738,109.0,308.11,178,46.0,-40.0,0.26,109.2,5.0
07:37:08,109.0,36.0,355.62,16.0,108.0,12.0,586.0,20.0,232.31,246.62,48.0,36.0,100.07857562935226,109.0,355.62,84,12.0,-34.0,0.14,109.2,
07:37:09,111.67,36.0,226.5,40.0,108.62,48.0,582.64,22.0,169.08,114.83,84.0,62.0,89.83838834262319,111.67,226.5,146,22.0,62.0,0.15,109.2,
07:37:10,117.0,10.0,210.0,20.0,109.0,30.0,393.0,10.0,163.5,93.0,40.0,30.0,76.6307307808034,117.0,210.0,70,10.0,-76.0,0.14,109.2,
07:37:11,113.13,31.0,384.91,44.0,108.8,60.0,584.0,22.0,249.02,271.78000000000003,91.0,66.0,76.57183764283033,113.13,384.91,157,25.0,87.0,0.16,112.2,5.0
07:37:12,111.0,9.0,365.71,14.0,108.69,13.0,500.4,10.0,238.36,254.71,22.0,24.0,40.80518324919,111.0,365.71,46,-2.0,-111.0,-0.04,112.2,
07:37:13,112.0,12.0,174.5,24.0,109.0,18.0,366.0,12.0,143.25,62.5,30.0,36.0,47.72999078147808,112.0,174.5,66,-6.0,20.0,-0.09,112.2,
07:37:14,112.0,14.0,225.43,28.0,109.0,21.0,475.86,14.0,168.71,113.43,35.0,42.0,47.77591830619252,112.0,225.43,77,-7.0,11.0,-0.09,112.2,
07:37:15,113.0,18.0,169.67,36.0,112.0,18.0,339.89,18.0,141.33,56.66999999999999,36.0,54.0,51.9909504625563,113.0,169.67,90,-18.0,13.0,-0.2,112.2,
07:37:16,112.24,34.0,135.0,48.0,111.31,26.0,148.0,24.0,123.62,22.760000000000005,60.0,72.0,45.061499420236686,112.24,135.0,132,-12.0,42.0,-0.09,113.0,4.0
07:37:17,111.0,49.0,148.57,28.0,109.0,21.0,206.6,20.0,129.79,37.56999999999999,70.0,48.0,17.321706036069266,111.0,148.57,118,22.0,-14.0,0.19,113.0,
07:37:18,111.0,35.0,293.78,18.0,109.0,15.0,475.33,12.0,202.39,182.78,50.0,30.0,32.49658628225423,111.0,293.78,80,20.0,-38.0,0.25,113.0,
07:37:19,110.56,54.0,112.0,20.0,108.18,39.0,376.64,28.0,111.28,1.4399999999999975,93.0,48.0,35.62836748996504,110.56,112.0,141,45.0,61.0,0.32,111.0,7.0
07:37:20,108.97,154.0,112.0,20.0,107.84,43.0,458.0,24.0,110.49,3.030000000000001,197.0,44.0,38.27570417379673,108.97,112.0,241,153.0,100.0,0.63,111.0,
07:37:21,110.0,50.0,112.0,18.0,109.21,75.0,374.67,18.0,111.0,2.0,125.0,36.0,39.647617204568576,110.0,112.0,161,89.0,-80.0,0.55,110.33,6.0
07:37:22,109.78,36.0,159.27,22.0,109.08,117.0,591.74,38.0,134.53,49.49000000000001,153.0,60.0,39.608623682223566,109.78,159.27,213,93.0,52.0,0.44,110.67,6.0
07:37:24,112.65,37.0,180.8,20.0,109.09,101.0,438.7,40.0,146.72,68.15,138.0,60.0,85.6142489892891,112.65,180.8,198,78.0,-75.0,0.39,110.67,
07:37:25,114.43,98.0,322.62,42.0,109.92,106.0,422.67,42.0,218.52,208.19,204.0,84.0,82.51920455263719,114.43,322.62,288,120.0,90.0,0.42,115.0,1.0
07:37:26,115.0,88.0,256.35,34.0,111.0,99.0,498.88,32.0,185.68,141.35000000000002,187.0,66.0,71.8599006400647,115.0,256.35,253,121.0,-35.0,0.48,115.0,
07:37:27,115.0,48.0,350.0,12.0,111.0,54.0,654.5,24.0,232.5,235.0,102.0,36.0,62.30888957444162,115.0,350.0,138,66.0,-115.0,0.48,115.0,
07:37:30,115.0,56.0,337.65,34.0,112.0,16.0,532.18,34.0,226.32,222.65,72.0,68.0,65.11027737615576,115.0,337.65,140,4.0,35.0,0.03,115.0,
07:37:31,115.0,42.0,127.0,24.0,112.0,12.0,483.88,24.0,121.0,12.0,54.0,48.0,86.55956434733223,115.0,127.0,102,6.0,-38.0,0.06,115.0,
07:37:32,115.0,82.0,126.83,48.0,112.0,26.0,361.16,37.0,120.92,11.829999999999998,108.0,85.0,104.00735839352886,115.0,126.83,193,23.0,91.0,0.12,115.0,4.0
07:37:33,115.0,27.0,260.33,36.0,112.0,18.0,369.0,18.0,187.67,145.32999999999998,45.0,54.0,83.87639286473862,115.0,260.33,99,-9.0,-94.0,-0.09,115.0,
07:37:34,113.67,27.0,294.53,34.0,111.16,64.0,333.63,38.0,204.1,180.86,91.0,72.0,48.57156493258158,113.67,294.53,163,19.0,64.0,0.12,115.0,3.0
07:37:35,112.82,44.0,236.0,16.0,111.18,44.0,324.25,24.0,174.41,123.18,88.0,40.0,38.5785283545134,112.82,236.0,128,48.0,-35.0,0.38,115.0,
07:37:36,114.1,87.0,235.04,47.0,113.98,41.0,345.12,32.0,174.57,120.94,128.0,79.0,31.21290005750809,114.1,235.04,207,49.0,79.0,0.24,115.0,
07:37:37,117.0,96.0,234.58,60.0,116.0,108.0,296.53,47.0,175.79,117.58,204.0,107.0,12.878098462117109,117.0,234.58,311,97.0,104.0,0.31,115.0,
07:37:38,117.0,88.0,230.56,54.0,116.0,99.0,232.36,55.0,173.78,113.56,187.0,109.0,13.196126325554197,117.0,230.56,296,78.0,-15.0,0.26,115.0,
07:37:39,117.0,120.0,214.19,72.0,116.0,135.0,231.47,75.0,165.6,97.19,255.0,147.0,4.106732277612982,117.0,214.19,402,108.0,106.0,0.27,115.0,
07:37:40,117.0,120.0,129.67,18.0,116.0,135.0,130.84,57.0,123.33,12.669999999999987,255.0,75.0,22.323649567218908,117.0,129.67,330,180.0,-72.0,0.55,115.0,
07:37:41,116.86,126.0,124.53,36.0,115.9,189.0,125.96,77.0,120.69,7.670000000000002,315.0,113.0,27.51111720741268,116.86,124.53,428,202.0,98.0,0.47,117.0,8.0
07:37:42,115.91,103.0,118.57,60.0,114.95,110.0,120.38,16.0,117.24,2.6599999999999966,213.0,76.0,27.226591229898837,115.91,118.57,289,137.0,-139.0,0.47,116.0,6.0
07:37:43,115.08,59.0,117.0,44.0,114.37,57.0,118.0,55.0,116.04,1.9200000000000017,116.0,99.0,20.893433178872492,115.08,117.0,215,17.0,-74.0,0.08,116.0,1.0
07:37:44,115.0,99.0,117.45,33.0,112.0,22.0,155.83,46.0,116.23,2.450000000000003,121.0,79.0,3.190020376112894,115.0,117.45,200,42.0,-15.0,0.21,116.8,5.0
07:37:45,115.0,88.0,228.01,69.0,112.0,32.0,315.46,70.0,171.51,113.01,120.0,139.0,24.20394327377277,115.0,228.01,259,-19.0,59.0,-0.07,115.91,11.0
07:37:49,113.18,17.0,418.0,36.0,111.57,14.0,569.33,36.0,265.59,304.82,31.0,72.0,61.10540949866819,113.18,418.0,103,-41.0,11.0,-0.4,115.91,
07:37:52,111.42,31.0,280.34,41.0,110.61,69.0,681.08,48.0,195.88,168.91999999999996,100.0,89.0,34.938842711228034,111.42,280.34,189,11.0,73.0,0.06,115.91,
07:37:53,112.0,12.0,170.0,30.0,111.0,36.0,478.67,24.0,141.0,58.0,48.0,54.0,60.52499260636012,112.0,170.0,102,-6.0,-87.0,-0.06,115.91,
07:37:54,112.0,22.0,170.0,55.0,111.0,66.0,454.36,44.0,141.0,58.0,88.0,99.0,67.94492490245287,112.0,170.0,187,-11.0,85.0,-0.06,115.91,
07:37:55,111.55,22.0,318.57,35.0,110.86,42.0,630.85,33.0,215.06,207.02,64.0,68.0,56.707552583407846,111.55,318.57,132,-4.0,-55.0,-0.03,111.67,3.0
07:37:56,111.0,35.0,358.0,31.0,110.0,21.0,565.69,32.0,234.5,247.0,56.0,63.0,42.84576198412127,111.0,358.0,119,-7.0,-13.0,-0.06,111.67,
07:37:58,111.0,55.0,252.83,35.0,110.0,33.0,347.11,47.0,181.91,141.83,88.0,82.0,62.61515711071846,111.0,252.83000000000004,170,6.0,70.0,0.04,111.67,
07:37:59,111.0,60.0,276.03,35.0,110.0,36.0,277.46,37.0,193.51,165.02999999999997,96.0,72.0,49.98004071626944,111.0,276.03,168,24.0,-2.0,0.14,111.67,
07:38:00,110.43,47.0,270.42,36.0,109.4,30.0,271.68,38.0,190.42,159.99,77.0,74.0,52.561741124129,110.43,270.42,151,3.0,-17.0,0.02,111.0,5.0
07:38:01,110.0,45.0,264.81,48.0,109.0,30.0,266.42,45.0,187.41,154.81,75.0,93.0,53.91067732833599,110.0,264.81,168,-18.0,17.0,-0.11,111.0,
07:38:02,110.07,15.0,156.45,38.0,108.12,16.0,207.09,35.0,133.26,46.38,31.0,73.0,24.98941916091645,110.07,156.45,104,-42.0,-64.0,-0.4,109.75,4.0
07:38:03,110.75,48.0,127.8,45.0,108.47,15.0,129.1,42.0,119.28,17.049999999999997,63.0,87.0,35.56226834722421,110.75,127.8,150,-24.0,46.0,-0.16,110.6,5.0
07:38:04,108.0,30.0,123.63,49.0,107.0,30.0,124.62,50.0,115.82,15.629999999999995,60.0,99.0,36.81915153829584,108.0,123.63,159,-39.0,9.0,-0.25,110.6,
07:38:05,108.0,26.0,116.85,39.0,107.0,26.0,118.38,39.0,112.42,8.849999999999994,52.0,78.0,31.086201440510564,108.0,116.85,130,-26.0,-29.0,-0.2,110.6,
07:38:06,108.0,20.0,112.2,30.0,107.0,20.0,113.5,30.0,110.1,4.200000000000003,40.0,60.0,9.119346467812754,108.0,112.2,100,-20.0,-30.0,-0.2,110.6,
07:38:07,107.73,22.0,109.48,31.0,106.52,31.0,110.83,35.0,108.61,1.75,53.0,66.0,4.3332066648166645,107.73,109.48,119,-13.0,19.0,-0.11,108.33,3.0
07:38:08,106.22,45.0,109.33,58.0,98.89,38.0,110.42,57.0,107.77,3.1099999999999994,83.0,115.0,3.2476191279170634,106.22,109.33,198,-32.0,79.0,-0.16,107.0,2.0
07:38:09,106.21,19.0,109.0,9.0,96.18,11.0,110.0,20.0,107.61,2.7900000000000063,30.0,29.0,2.0029653017498106,106.21,109.0,59,1.0,-139.0,0.02,109.0,1.0
07:38:10,106.47,49.0,109.2,30.0,100.86,42.0,120.77,62.0,107.83,2.730000000000004,91.0,92.0,1.034253353881058,106.47,109.2,183,-1.0,124.0,-0.01,107.29,7.0
07:38:11,106.5,24.0,199.57,37.0,105.11,27.0,380.07,30.0,153.03,93.07,51.0,67.0,20.16186003324121,106.5,199.57,118,-16.0,-65.0,-0.14,110.57,7.0
07:38:12,101.68,25.0,141.33,45.0,45.08,13.0,223.33,36.0,121.51,39.650000000000006,38.0,81.0,19.643334747440612,101.68,141.33,119,-43.0,1.0,-0.36,106.0,4.0
07:38:21,86.0,77.0,106.6,15.0,45.27,22.0,203.26,43.0,96.3,20.599999999999994,99.0,58.0,1.6691225239696648,86.0,106.6,157,41.0,24.0,0.26,105.75,8.0
07:38:22,86.38,71.0,107.79,29.0,38.04,28.0,124.71,35.0,97.09,21.41000000000001,99.0,64.0,1.835502655956212,86.38,107.79,163,35.0,6.0,0.21,109.0,1.0
07:38:23,94.23,56.0,145.69,42.0,92.36,76.0,352.33,30.0,119.96,51.46,132.0,72.0,11.067647898267236,94.23,145.69,204,60.0,41.0,0.29,97.0,3.0
07:38:24,110.19,26.0,127.0,50.0,107.45,44.0,385.67,18.0,118.6,16.810000000000002,70.0,68.0,12.733368368189788,110.19,127.0,138,2.0,-66.0,0.01,97.0,
07:38:25,112.0,36.0,240.28,36.0,110.0,9.0,318.0,18.0,176.14,128.28,45.0,54.0,32.50819004497185,112.0,240.28,99,-9.0,-39.0,-0.09,112.0,3.0
07:38:26,112.78,18.0,279.26,42.0,110.0,9.0,310.69,13.0,196.02,166.48,27.0,55.0,42.22845746649996,112.78,279.26,82,-28.0,-17.0,-0.34,112.0,
07:38:27,115.0,10.0,270.0,16.0,110.0,5.0,287.41,17.0,192.5,155.0,15.0,33.0,38.50090232708821,115.0,270.0,48,-18.0,-34.0,-0.38,112.0,
07:38:28,115.0,10.0,250.0,10.0,110.0,5.0,282.0,25.0,182.5,135.0,15.0,35.0,31.5020812010886,115.0,250.0,50,-20.0,2.0,-0.4,112.0,
07:38:29,114.74,19.0,236.78,18.0,110.59,17.0,279.09,44.0,175.76,122.04,36.0,62.0,9.313328083986606,114.74,236.78,98,-26.0,48.0,-0.27,113.0,4.0
07:38:30,107.65,23.0,130.26,27.0,60.24,33.0,238.1,20.0,118.96,22.609999999999985,56.0,47.0,31.337876762792657,107.65,130.26,103,9.0,5.0,0.09,109.0,4.0
07:38:31,108.38,52.0,130.0,45.0,77.0,25.0,360.48,42.0,119.19,21.620000000000005,77.0,87.0,35.83300740937033,108.38,130.0,164,-10.0,61.0,-0.06,109.0,
07:38:32,109.2,40.0,129.0,25.0,107.0,15.0,358.5,16.0,119.1,19.8,55.0,41.0,32.975230401014606,109.2,129.0,96,14.0,-68.0,0.15,109.0,
07:38:33,111.0,74.0,129.0,55.0,107.74,57.0,365.23,52.0,120.0,18.0,131.0,107.0,25.247342830484257,111.0,129.0,238,24.0,142.0,0.1,111.0,3.0
07:38:34,111.0,35.0,127.62,34.0,108.0,49.0,128.57,35.0,119.31,16.620000000000005,84.0,69.0,0.4053023562866393,111.0,127.62,153,15.0,-85.0,0.1,111.0,
07:38:35,116.32,92.0,125.34,59.0,112.84,62.0,126.37,67.0,120.83,9.02000000000001,154.0,126.0,0.7311155859447142,116.31999999999998,125.34,280,28.0,127.0,0.1,111.0,
07:38:36,117.0,104.0,120.08,59.0,115.0,65.0,121.54,59.0,118.54,3.0799999999999983,169.0,118.0,0.8833062889006003,117.0,120.08,287,51.0,7.0,0.18,111.0,
07:38:37,117.0,29.0,119.45,33.0,115.38,16.0,121.79,39.0,118.23,2.450000000000003,45.0,72.0,1.0630004703721667,117.0,119.45,117,-27.0,-166.5,-0.23,117.0,5.0
07:38:38,115.51,47.0,118.74,38.0,108.82,39.0,121.44,43.0,117.12,3.2299999999999898,86.0,81.0,1.3780166907595066,115.51,118.74,167,5.0,50.0,0.03,116.4,5.0
07:38:39,115.0,63.0,117.03,37.0,108.0,63.0,118.09,44.0,116.01,2.030000000000001,126.0,81.0,1.8014799471579352,115.0,117.03,207,45.0,40.0,0.22,116.4,
07:38:40,110.74,46.0,219.27,30.0,107.7,40.0,235.6,20.0,165.0,108.53000000000002,86.0,50.0,21.27720023875339,110.74,219.27,136,36.0,-71.0,0.26,115.0,7.0
07:38:41,108.0,112.0,261.7,37.0,107.0,42.0,333.56,45.0,184.85,153.7,154.0,82.0,32.439085529650804,108.0,261.7,236,72.0,100.0,0.31,108.0,2.0
07:38:42,108.0,32.0,146.74,19.0,107.0,30.0,311.0,13.0,127.37,38.74000000000001,62.0,32.0,31.11924404608825,108.0,146.74,94,30.0,-142.0,0.32,108.4,5.0
07:38:43,110.25,32.0,374.69,39.0,107.32,31.0,389.77,35.0,242.47,264.44,63.0,74.0,50.46969982078341,110.25,374.69,137,-11.0,43.0,-0.08,112.0,4.0
07:38:44,109.61,61.0,244.13,31.0,107.4,30.0,262.89,27.0,176.87,134.51999999999998,91.0,58.0,41.61841683678005,109.61,244.13,149,33.0,12.0,0.22,112.0,
07:38:45,117.0,32.0,210.62,29.0,110.0,104.0,233.21,14.0,163.81,93.62,136.0,43.0,41.72399165947546,117.0,210.62,179,93.0,30.0,0.52,112.0,
07:38:46,112.8,60.0,209.52,31.0,109.79,87.0,223.12,32.0,161.16,96.72,147.0,63.0,42.24592264349283,112.8,209.52,210,84.0,31.0,0.4,115.6,5.0
07:38:47,110.0,156.0,206.77,39.0,108.0,39.0,210.0,52.0,158.38,96.77,195.0,91.0,35.33884788727523,110.0,206.77,286,104.0,76.0,0.36,115.6,
07:38:48,110.0,96.0,203.04,28.0,108.0,24.0,204.11,28.0,156.52,93.04,120.0,56.0,8.04903534592729,110.0,203.04,176,64.0,-110.0,0.36,115.6,
07:38:49,110.0,96.0,200.38,32.0,108.0,24.0,202.0,24.0,155.19,90.38,120.0,56.0,3.494705996216206,110.0,200.38,176,64.0,0.0,0.36,115.6,
07:38:50,110.0,63.0,199.0,32.0,108.0,27.0,200.45,31.0,154.5,89.0,90.0,63.0,2.685795971400412,110.0,199.0,153,27.0,-23.0,0.18,110.0,5.0
07:38:51,110.07,46.0,144.21,38.0,108.92,39.0,186.67,33.0,127.14,34.140000000000015,85.0,71.0,13.056625904114547,110.06999999999998,144.21,156,14.0,3.0,0.09,110.0,1.0
07:38:52,109.38,32.0,111.4,30.0,108.75,48.0,129.77,39.0,110.39,2.0200000000000102,80.0,69.0,20.935798766705823,109.38,111.4,149,11.0,-7.0,0.07,110.14,7.0
07:38:53,108.0,33.0,109.26,19.0,107.0,33.0,118.47,19.0,108.63,1.2600000000000051,66.0,38.0,22.78897869585223,108.0,109.26,104,28.0,-45.0,0.27,109.0,3.0
07:38:54,108.67,36.0,117.86,7.0,107.43,21.0,196.76,17.0,113.26,9.189999999999998,57.0,24.0,19.16724367247445,108.67,117.86,81,33.0,-23.0,0.41,110.0,1.0
07:38:55,109.04,23.0,165.0,8.0,107.69,13.0,201.0,24.0,137.02,55.96,36.0,32.0,12.300222355714313,109.04,165.0,68,4.0,-13.0,0.06,110.0,
07:38:56,110.38,39.0,199.11,19.0,109.0,15.0,360.41,27.0,154.74,88.73000000000002,54.0,46.0,20.2979080202865,110.38,199.11,100,8.0,32.0,0.08,110.0,2.0
07:38:57,113.79,52.0,227.14,42.0,111.75,60.0,392.25,53.0,170.47,113.34999999999998,112.0,95.0,26.472809257802687,113.79,227.14,207,17.0,107.0,0.08,110.0,
07:38:58,115.24,63.0,308.09,47.0,113.91,55.0,346.11,28.0,211.66,192.85,118.0,75.0,37.03284893172535,115.24,308.09,193,43.0,-14.0,0.22,115.75,4.0
07:38:59,115.0,48.0,289.68,19.0,109.0,36.0,596.26,39.0,202.34,174.68,84.0,58.0,31.48252499403409,115.0,289.68,142,26.0,-51.0,0.18,115.75,
07:39:00,115.0,32.0,323.23,13.0,111.73,33.0,639.82,22.0,219.12,208.23,65.0,35.0,27.749848287873075,115.0,323.23,100,30.0,-42.0,0.3,115.75,
07:39:02,115.0,74.0,238.23,52.0,112.0,65.0,279.98,49.0,176.62,123.23,139.0,101.0,35.0286511301814,115.0,238.23,240,38.0,49.0,0.16,115.0,2.0
07:39:03,112.3,40.0,222.0,22.0,109.13,113.0,255.3,40.0,167.15,109.7,153.0,62.0,41.56720967300984,112.3,222.0,215,91.0,-25.0,0.42,114.4,5.0
07:39:04,112.0,28.0,240.8,10.0,109.0,84.0,242.96,25.0,176.4,128.8,112.0,35.0,43.91799289585038,112.0,240.8,147,77.0,-68.0,0.52,114.4,
07:39:05,109.0,66.0,235.22,18.0,108.0,6.0,240.22,9.0,172.11,126.22,72.0,27.0,44.43780901439639,109.0,235.22,99,45.0,-48.0,0.45,111.4,5.0
07:39:06,109.11,187.0,156.83,29.0,108.69,48.0,172.3,20.0,132.97,47.72000000000001,235.0,49.0,18.34439560192657,109.11,156.83,284,186.0,165.5,0.65,114.33,3.0
07:39:07,110.0,37.0,153.95,38.0,109.0,160.0,159.4,10.0,131.97,43.94999999999999,197.0,48.0,21.838981203343423,110.0,153.95,245,149.0,-39.0,0.61,110.0,1.0
07:39:08,110.07,28.0,151.79,14.0,109.03,117.0,153.04,46.0,130.93,41.72,145.0,60.0,23.228548813905505,110.07,151.79,205,85.0,-40.0,0.41,110.0,
07:39:09,110.43,23.0,143.67,21.0,109.2,75.0,152.03,39.0,127.05,33.23999999999998,98.0,60.0,18.641225281616972,110.43000000000002,143.67,158,38.0,-47.0,0.24,112.0,1.0
07:39:10,111.2,70.0,135.07,86.0,109.08,152.0,146.2,20.0,123.13,23.86999999999999,222.0,106.0,4.072640421151922,111.2,135.07,328,116.0,165.5,0.35,112.0,
07:39:11,110.0,36.0,134.96,52.0,109.0,120.0,141.5,20.0,122.48,24.960000000000008,156.0,72.0,4.344331939435751,110.0,134.96,228,84.0,-100.0,0.37,112.0,
07:39:12,110.57,56.0,132.83,24.0,109.23,104.0,133.86,72.0,121.7,22.26000000000002,160.0,96.0,3.875818623207576,110.57,132.83,256,64.0,28.0,0.25,112.0,
07:39:13,109.36,50.0,128.38,34.0,108.83,72.0,132.31,26.0,118.87,19.02,122.0,60.0,2.95000508474204,109.36,128.38,182,62.0,-74.0,0.34,109.6,5.0
07:39:14,109.0,104.0,125.3,57.0,108.0,39.0,127.0,47.0,117.15,16.299999999999997,143.0,104.0,2.550437217420763,109.0,125.3,247,39.0,65.0,0.16,109.6,
07:39:15,109.0,72.0,120.7,27.0,108.0,27.0,122.72,29.0,114.85,11.700000000000005,99.0,56.0,3.1647195768355063,109.0,120.7,155,43.0,-92.0,0.28,109.6,
07:39:16,109.0,84.0,116.05,63.0,108.0,39.0,117.18,39.0,112.52,7.049999999999997,123.0,102.0,3.546148615048019,109.0,116.05,225,21.0,70.0,0.09,109.0,2.0
07:39:17,108.76,68.0,111.95,61.0,107.55,40.0,113.07,55.0,110.36,3.1899999999999977,108.0,116.0,3.4274407361773864,108.76,111.95,224,-8.0,-1.0,-0.04,108.0,3.0
07:39:18,106.41,34.0,126.24,38.0,102.28,29.0,216.0,30.0,116.32,19.83,63.0,68.0,2.791925858615956,106.41,126.24,131,-5.0,-93.0,-0.04,107.0,5.0
07:39:19,98.13,61.0,107.71,48.0,69.28,50.0,149.65,37.0,102.92,9.579999999999998,111.0,85.0,5.252502260828632,98.13,107.71,196,26.0,65.0,0.13,106.86,7.0
07:39:20,104.0,30.0,107.4,10.0,92.0,25.0,109.0,5.0,105.7,3.4000000000000057,55.0,15.0,5.340606707108363,104.0,107.4,70,40.0,-126.0,0.57,106.86,
07:39:21,97.84,50.0,123.59,27.0,94.72,47.0,156.0,16.0,110.72,25.75,97.0,43.0,5.148755189364806,97.84,123.59000000000002,140,54.0,70.0,0.39,106.33,3.0
07:39:22,109.08,25.0,260.0,24.0,102.15,26.0,348.36,28.0,184.54,150.92000000000002,51.0,52.0,34.204096245917725,109.08,260.0,103,-1.0,-37.0,-0.01,100.5,2.0
07:39:23,114.11,27.0,392.67,27.0,112.0,36.0,613.24,42.0,253.39,278.56,63.0,69.0,66.32093922736611,114.11,392.67,132,-6.0,29.0,-0.05,100.5,
07:39:24,113.5,16.0,398.76,17.0,111.62,13.0,541.0,23.0,256.13,285.26,29.0,40.0,73.31562405108458,113.5,398.76,69,-11.0,-63.0,-0.16,113.8,5.0
07:39:25,114.42,24.0,293.92,24.0,110.26,19.0,529.33,36.0,204.17,179.5,43.0,60.0,59.60781702092405,114.42,293.92,103,-17.0,34.0,-0.17,113.8,
07:39:26,114.0,30.0,254.5,40.0,110.26,27.0,386.28,36.0,184.25,140.5,57.0,76.0,35.8641252507287,114.0,254.5,133,-19.0,30.0,-0.14,111.5,6.0
07:39:27,108.0,67.0,135.64,47.0,92.0,25.0,178.76,34.0,121.82,27.639999999999983,92.0,81.0,55.45390265797315,108.0,135.64,173,11.0,40.0,0.06,108.0,3.0
07:39:28,109.0,51.0,129.33,60.0,105.89,36.0,347.79,39.0,119.17,20.330000000000013,87.0,99.0,57.968550266502056,109.0,129.33,186,-12.0,13.0,-0.06,108.0,4.0
07:39:29,112.0,35.0,128.0,25.0,111.0,5.0,319.6,10.0,120.0,16.0,40.0,35.0,41.08522569002135,112.0,128.0,75,5.0,-111.0,0.07,108.0,
07:39:30,112.0,48.0,125.57,35.0,111.0,7.0,275.0,14.0,118.79,13.569999999999991,55.0,49.0,28.78176384449013,112.0,125.57,104,6.0,29.0,0.06,112.0,1.0
07:39:31,112.0,36.0,124.17,30.0,111.0,6.0,230.0,12.0,118.08,12.170000000000002,42.0,42.0,1.4349111470770293,112.0,124.17,84,0.0,-20.0,0.0,112.0,
07:39:32,112.2,30.0,121.92,60.0,111.25,12.0,230.0,24.0,117.06,9.72,42.0,84.0,1.1136651202253047,112.2,121.92,126,-42.0,42.0,-0.33,112.0,5.0
07:39:33,112.0,10.0,119.9,50.0,111.0,10.0,377.04,26.0,115.95,7.900000000000006,20.0,76.0,1.5583420677138846,112.0,119.9,96,-56.0,-30.0,-0.58,112.0,
07:39:34,108.25,16.0,118.73,55.0,104.51,51.0,206.33,36.0,113.49,10.480000000000004,67.0,91.0,2.077577916711548,108.25,118.73,158,-24.0,62.0,-0.15,108.86,7.0
07:39:35,106.93,15.0,116.45,55.0,105.69,83.0,542.36,33.0,111.69,9.519999999999996,98.0,88.0,2.624219884081412,106.93,116.45,186,10.0,28.0,0.05,106.2,5.0
07:39:36,109.0,8.0,115.38,40.0,106.0,40.0,580.81,27.0,112.19,6.379999999999996,48.0,67.0,2.345715242737044,109.0,115.38,115,-19.0,-71.0,-0.17,106.2,
07:39:37,106.45,53.0,110.72,81.0,103.52,58.0,129.71,77.0,108.58,4.269999999999996,111.0,158.0,2.689293587544844,106.45,110.72,269,-47.0,154.0,-0.17,109.0,1.0
07:39:38,106.0,29.0,107.88,40.0,98.0,18.0,128.43,37.0,106.94,1.8799999999999957,47.0,77.0,2.7176221223729344,106.0,107.88,124,-30.0,-145.0,-0.24,106.0,4.0
07:39:39,106.46,13.0,157.77,22.0,99.41,17.0,319.44,34.0,132.12,51.31000000000002,30.0,56.0,10.194416609105629,106.46,157.77,86,-26.0,-38.0,-0.3,107.0,2.0
07:39:40,111.04,49.0,258.24,17.0,103.67,12.0,293.54,13.0,184.64,147.2,61.0,30.0,32.75547251987062,111.04,258.24,91,31.0,5.0,0.34,107.0,
07:39:41,112.5,118.0,148.69,29.0,110.11,36.0,156.79,24.0,130.59,36.19,154.0,53.0,31.4158587340852,112.5,148.69,207,101.0,116.0,0.49,114.0,4.0
07:39:42,114.99,69.0,138.91,32.0,114.05,95.0,139.17,18.0,126.95,23.92,164.0,50.0,28.880143178315365,114.99,138.91,214,114.0,7.0,0.53,114.0,
07:39:43,117.0,20.0,133.85,20.0,115.0,70.0,135.32,25.0,125.42,16.849999999999994,90.0,45.0,25.13083424799092,117.0,133.85,135,45.0,-79.0,0.33,114.0,
07:39:44,117.0,30.0,130.35,43.0,115.0,108.0,131.6,43.0,123.67,13.349999999999994,138.0,86.0,26.055627607102352,117.0,130.35,224,52.0,89.0,0.23,114.0,
07:39:45,117.0,34.0,124.6,45.0,115.0,24.0,125.73,45.0,120.8,7.599999999999994,58.0,90.0,3.655643582189287,117.0,124.6,148,-32.0,-76.0,-0.22,114.0,
07:39:46,110.94,63.0,120.0,51.0,109.22,64.0,121.07,45.0,115.47,9.060000000000002,127.0,96.0,4.527733428549374,110.94,120.0,223,31.0,75.0,0.14,113.0,8.0
07:39:47,109.82,28.0,115.85,13.0,108.82,93.0,118.0,39.0,112.83,6.030000000000001,121.0,52.0,5.3563018958984285,109.82,115.85,173,69.0,-50.0,0.4,110.4,5.0
07:39:48,109.82,33.0,113.42,31.0,108.66,87.0,114.9,30.0,111.62,3.6000000000000085,120.0,61.0,5.1848018284218655,109.82,113.42,181,59.0,8.0,0.33,112.5,2.0
07:39:49,109.0,112.0,112.81,27.0,107.0,70.0,117.57,44.0,110.91,3.8100000000000014,182.0,71.0,4.014066516639738,109.0,112.81,253,111.0,72.0,0.44,112.0,1.0
07:39:50,109.0,59.0,113.0,50.0,107.0,50.0,114.0,30.0,111.0,4.0,109.0,80.0,1.896873743824164,109.0,113.0,189,29.0,-64.0,0.15,109.0,3.0
07:39:51,109.0,50.0,113.0,50.0,107.0,50.0,114.0,30.0,111.0,4.0,100.0,80.0,0.8104751692741983,109.0,113.0,180,20.0,-9.0,0.11,109.0,
07:39:52,109.0,45.0,111.89,45.0,107.0,45.0,114.0,27.0,110.44,2.890000000000001,90.0,72.0,0.4200952273120001,109.0,111.89,162,18.0,-18.0,0.11,109.0,
07:39:53,109.0,25.0,175.92,49.0,107.0,55.0,366.04,23.0,142.46,66.91999999999999,80.0,72.0,14.143921662679231,109.0,175.92,152,8.0,-10.0,0.05,110.25,8.0
07:39:55,112.0,48.0,330.0,11.0,109.0,14.0,569.7,30.0,221.0,218.0,62.0,41.0,77.0983418758145,112.0,330.0,103,21.0,-94.0,0.2,112.0,3.0
07:39:56,112.0,48.0,324.62,16.0,109.0,16.0,408.89,38.0,218.31,212.62,64.0,54.0,69.68753726456373,112.0,324.62,118,10.0,15.0,0.08,112.0,
07:39:57,112.0,42.0,140.55,11.0,109.0,14.0,240.68,31.0,126.27,28.55000000000001,56.0,42.0,65.05347285118572,112.0,140.55,98,14.0,-20.0,0.14,112.0,
07:39:58,112.0,34.0,139.29,35.0,109.0,14.0,141.0,7.0,125.64,27.289999999999992,48.0,42.0,69.01141115786547,112.0,139.29,90,6.0,-8.0,0.07,112.0,2.0
07:39:59,112.0,36.0,136.78,45.0,109.0,18.0,138.33,45.0,124.39,24.78,54.0,90.0,51.62052954009653,112.0,136.78,144,-36.0,54.0,-0.25,112.0,
07:40:00,112.12,34.0,134.4,50.0,110.0,24.0,135.4,50.0,123.26,22.28,58.0,100.0,41.79476917031592,112.12,134.4,158,-42.0,14.0,-0.27,112.0,
07:40:01,112.0,18.0,132.22,41.0,109.0,18.0,134.56,45.0,122.11,20.22,36.0,86.0,1.6997440983871004,112.0,132.22,122,-50.0,-36.0,-0.41,112.0,2.0
07:40:02,110.91,22.0,129.02,43.0,108.52,21.0,131.33,45.0,119.97,18.110000000000014,43.0,88.0,2.174564324181409,110.91,129.02,131,-45.0,9.0,-0.34,110.5,4.0
07:40:03,109.64,55.0,127.08,51.0,107.78,46.0,129.18,55.0,118.36,17.439999999999998,101.0,106.0,2.447073762681343,109.64,127.08,207,-5.0,76.0,-0.02,108.0,2.0
07:40:04,110.0,50.0,125.4,50.0,108.0,40.0,126.8,50.0,117.7,15.400000000000006,90.0,100.0,2.3805566575917103,110.0,125.4,190,-10.0,-17.0,-0.05,108.0,
07:40:05,110.0,29.0,124.14,35.0,108.0,28.0,126.0,35.0,117.07,14.14,57.0,70.0,2.026615405054687,110.0,124.14,127,-13.0,-63.0,-0.1,110.0,3.0
07:40:06,110.0,22.0,123.0,41.0,108.91,47.0,124.27,51.0,116.5,13.0,69.0,92.0,1.340093280337476,110.0,123.0,161,-23.0,34.0,-0.14,110.0,
07:40:07,110.0,10.0,120.6,25.0,109.0,25.0,121.48,23.0,115.3,10.599999999999994,35.0,48.0,1.1708458480971085,110.0,120.6,83,-13.0,-78.0,-0.16,110.0,
07:40:08,109.1,30.0,119.16,51.0,108.0,49.0,119.83,60.0,114.13,10.060000000000002,79.0,111.0,1.429492917088701,109.1,119.16,190,-32.0,107.0,-0.17,109.17,6.0
07:40:09,109.68,37.0,116.17,30.0,107.86,35.0,117.58,38.0,112.92,6.489999999999995,72.0,68.0,1.698449292739507,109.68,116.17,140,4.0,-50.0,0.03,109.17,
07:40:10,109.0,22.0,112.59,34.0,108.0,33.0,113.47,53.0,110.79,3.5900000000000034,55.0,87.0,2.2023555571269786,109.0,112.59,142,-32.0,2.0,-0.23,109.17,
07:40:11,107.37,49.0,109.0,22.0,107.0,28.0,111.58,48.0,108.18,1.6299999999999957,77.0,70.0,2.827601457067289,107.37,109.0,147,7.0,5.0,0.05,108.0,7.0
07:40:12,96.29,21.0,107.88,48.0,58.58,31.0,196.24,41.0,102.08,11.58999999999999,52.0,89.0,4.7834140527462825,96.29,107.88,141,-37.0,-6.0,-0.26,107.0,5.0
07:40:22,95.29,28.0,117.61,23.0,92.65,17.0,328.44,27.0,106.45,22.319999999999997,45.0,50.0,4.477401031850572,95.29,117.61,95,-5.0,0.0,-0.05,105.0,1.0
07:40:23,112.38,13.0,114.0,18.0,107.14,14.0,352.0,11.0,113.19,1.6200000000000043,27.0,29.0,7.364683971496296,112.38,114.0,56,-2.0,-39.0,-0.04,105.0,
07:40:24,113.0,10.0,163.86,14.0,111.1,20.0,394.0,20.0,138.43,50.860000000000014,30.0,34.0,17.159742713689205,113.0,163.86,64,-4.0,8.0,-0.06,114.0,2.0
07:40:26,114.0,9.0,214.78,27.0,111.0,18.0,489.04,23.0,164.39,100.78,27.0,50.0,77.15251648520596,114.0,214.78,77,-23.0,-22.0,-0.3,114.0,
07:40:28,100.3,20.0,373.0,8.0,84.0,24.0,387.0,16.0,236.65,272.7,44.0,24.0,77.0069407261447,100.3,373.0,68,20.0,23.0,0.29,114.0,
07:40:29,108.66,47.0,372.73,11.0,101.38,26.0,386.18,17.0,240.69,264.07000000000005,73.0,28.0,74.04927400049208,108.66,372.7300000000001,101,45.0,33.0,0.45,114.0,
07:40:30,109.0,34.0,279.79,29.0,108.0,28.0,335.89,19.0,194.4,170.79000000000002,62.0,48.0,56.00707392820986,109.0,279.79,110,14.0,9.0,0.13,109.0,2.0
07:40:31,109.0,40.0,172.1,30.0,108.0,40.0,232.75,40.0,140.55,63.1,80.0,70.0,59.46241308591476,109.0,172.1,150,10.0,40.0,0.07,109.0,
07:40:32,110.57,47.0,122.14,44.0,109.42,53.0,182.07,28.0,116.36,11.570000000000007,100.0,72.0,55.99563866945323,110.57,122.14,172,28.0,22.0,0.16,109.0,
07:40:33,111.0,30.0,113.27,22.0,109.0,40.0,114.15,26.0,112.14,2.269999999999996,70.0,48.0,55.37178857504948,111.0,113.27,118,22.0,-54.0,0.19,109.0,
07:40:34,111.0,24.0,113.0,16.0,109.0,32.0,114.0,24.0,112.0,2.0,56.0,40.0,35.20707031265162,111.0,113.0,96,16.0,-22.0,0.17,109.0,
07:40:35,108.38,26.0,111.56,27.0,105.5,44.0,113.35,31.0,109.97,3.180000000000007,70.0,58.0,12.70634211722652,108.38,111.56,128,12.0,32.0,0.09,110.12,8.0
07:40:36,107.31,13.0,110.0,22.0,106.06,67.0,113.0,22.0,108.65,2.6899999999999977,80.0,44.0,2.9247957193636736,107.31,110.0,124,36.0,-4.0,0.29,107.0,1.0
07:40:37,107.77,22.0,258.78,50.0,106.21,57.0,328.53,62.0,183.28,151.01,79.0,112.0,32.49594236208577,107.77,258.78,191,-33.0,67.0,-0.17,109.33,3.0
07:40:39,107.22,74.0,299.33,36.0,104.62,29.0,372.25,16.0,203.27,192.11,103.0,52.0,71.15694379327971,107.22,299.33,155,51.0,-45.0,0.33,109.33,
07:40:40,112.49,59.0,119.82,11.0,110.48,67.0,168.37,38.0,116.15,7.329999999999998,126.0,49.0,69.74579076904904,112.49,119.82,175,77.0,20.0,0.44,112.0,3.0
07:40:41,113.89,9.0,119.0,9.0,112.74,46.0,152.65,43.0,116.44,5.109999999999999,55.0,52.0,67.87041056307207,113.89,119.0,107,3.0,-68.0,0.03,113.2,5.0
07:40:42,111.19,31.0,118.11,18.0,100.84,43.0,137.89,18.0,114.65,6.920000000000002,74.0,36.0,73.63137761851245,111.19,118.11,110,38.0,3.0,0.35,111.67,3.0
07:40:43,111.0,23.0,117.43,14.0,106.0,8.0,118.2,10.0,114.21,6.430000000000007,31.0,24.0,39.32492822625364,111.0,117.43,55,7.0,-55.0,0.13,111.0,3.0
07:40:44,109.64,11.0,115.0,11.0,98.2,20.0,117.0,22.0,112.32,5.359999999999999,31.0,33.0,1.660009036124107,109.64,115.0,64,-2.0,9.0,-0.03,111.0,1.0
07:40:45,106.0,11.0,113.6,15.0,95.36,44.0,116.33,18.0,109.8,7.599999999999994,55.0,33.0,2.527415676143248,106.0,113.6,88,22.0,24.0,0.25,111.0,
07:40:46,108.65,43.0,112.0,24.0,91.04,27.0,114.0,12.0,110.33,3.3499999999999943,70.0,36.0,2.196285500570348,108.65,112.0,106,34.0,18.0,0.32,111.0,
07:40:47,109.0,42.0,111.27,11.0,106.0,7.0,112.2,10.0,110.14,2.269999999999996,49.0,21.0,1.8726318378197595,109.0,111.27,70,28.0,-36.0,0.4,111.0,
07:40:48,109.03,68.0,110.67,18.0,108.0,41.0,139.57,42.0,109.85,1.6400000000000006,109.0,60.0,1.0467425662582353,109.03,110.67,169,49.0,99.0,0.29,110.0,1.0
07:40:49,109.15,66.0,246.3,44.0,108.37,38.0,327.58,59.0,177.72,137.15,104.0,103.0,30.272662089747037,109.15,246.3,207,1.0,38.0,0.0,111.0,2.0
07:40:50,109.0,54.0,402.56,36.0,106.0,9.0,486.69,29.0,255.78,293.56,63.0,65.0,64.60293979378946,109.0,402.56,128,-2.0,-79.0,-0.02,111.0,
07:40:52,109.0,17.0,268.0,44.0,107.0,22.0,470.19,54.0,188.5,159.0,39.0,98.0,67.21367398081995,109.0,268.0,137,-59.0,32.0,-0.43,111.0,
07:40:53,114.32,19.0,227.29,56.0,108.88,16.0,301.53,60.0,170.8,112.97,35.0,116.0,49.47479176307812,114.32,227.29,151,-81.0,14.0,-0.54,111.0,
07:40:54,116.44,18.0,214.89,36.0,110.91,11.0,227.44,36.0,165.67,98.45,29.0,72.0,51.93691432882728,116.44,214.89,101,-43.0,-50.0,-0.43,116.67,3.0
07:40:55,116.0,16.0,213.5,32.0,110.09,11.0,215.0,32.0,164.75,97.5,27.0,64.0,48.56947117274345,116.0,213.5,91,-37.0,-10.0,-0.41,116.67,
07:40:56,116.0,14.0,212.0,28.0,111.0,14.0,215.0,28.0,164.0,96.0,28.0,56.0,10.276596226376322,116.0,212.0,84,-28.0,-7.0,-0.33,116.67,
07:40:57,116.0,16.0,211.62,32.0,111.0,16.0,396.0,20.0,163.81,95.62,32.0,52.0,2.8861444870233925,116.0,211.62,84,-20.0,0.0,-0.24,116.67,
07:40:58,116.0,17.0,210.94,47.0,113.4,40.0,344.28,39.0,163.47,94.94,57.0,86.0,0.878976677720457,116.0,210.94,143,-29.0,59.0,-0.2,116.0,1.0
07:40:59,116.0,13.0,173.86,42.0,115.0,52.0,187.73,33.0,144.93,57.860000000000014,65.0,75.0,8.544590101343625,116.0,173.86,140,-10.0,-3.0,-0.07,116.0,
07:41:00,115.57,23.0,121.72,54.0,114.35,62.0,125.33,36.0,118.64,6.150000000000006,85.0,90.0,19.82805461965409,115.56999999999998,121.72,175,-5.0,35.0,-0.03,115.33,3.0
07:41:01,115.0,34.0,118.15,48.0,111.0,40.0,119.33,36.0,116.57,3.1500000000000057,74.0,84.0,23.109874080141427,115.0,118.15000000000002,158,-10.0,-17.0,-0.06,115.33,
07:41:02,111.2,40.0,115.66,41.0,110.25,32.0,115.62,29.0,113.43,4.459999999999994,72.0,70.0,21.89299477001716,111.2,115.65999999999998,142,2.0,-16.0,0.01,113.67,3.0
07:41:03,110.41,29.0,148.19,37.0,109.02,86.0,259.62,29.0,129.3,37.78,115.0,66.0,12.846856814022756,110.41,148.19,181,49.0,39.0,0.27,111.8,10.0
07:41:04,116.72,76.0,243.2,10.0,109.21,34.0,246.0,30.0,179.96,126.48,110.0,40.0,27.69471519983549,116.71999999999998,243.2,150,70.0,-31.0,0.47,117.0,7.0
07:41:05,117.0,56.0,241.71,7.0,110.14,7.0,246.0,21.0,179.36,124.71,63.0,28.0,33.33950404550121,117.0,241.71,91,35.0,-59.0,0.38,117.0,
07:41:06,117.0,56.0,200.6,10.0,111.0,7.0,378.43,23.0,158.8,83.6,63.0,33.0,29.913883064556934,117.0,200.6,96,30.0,5.0,0.31,117.0,
07:41:07,117.0,88.0,222.52,25.0,114.33,36.0,345.45,22.0,169.76,105.52,124.0,47.0,20.93662054869361,117.0,222.52,171,77.0,75.0,0.45,117.0,
07:41:08,117.0,88.0,233.68,19.0,115.0,66.0,342.86,28.0,175.34,116.68,154.0,47.0,8.744580035654918,117.0,233.68,201,107.0,30.0,0.53,117.0,
07:41:09,117.0,64.0,238.38,8.0,115.0,48.0,361.25,24.0,177.69,121.38,112.0,32.0,8.318329159150581,117.0,238.38,144,80.0,-57.0,0.56,117.0,
07:41:10,117.0,56.0,136.86,14.0,115.0,54.0,266.12,17.0,126.93,19.860000000000014,110.0,31.0,20.760877389936585,117.0,136.86,141,79.0,-3.0,0.56,117.0,5.0
07:41:11,115.52,42.0,120.26,23.0,112.38,65.0,137.16,31.0,117.89,4.740000000000009,107.0,54.0,28.725267100585583,115.52,120.26,161,53.0,20.0,0.33,115.67,9.0
07:41:12,111.0,14.0,127.64,14.0,109.71,94.0,129.45,20.0,119.32,16.64,108.0,34.0,30.404889902776983,111.0,127.64,142,74.0,-19.0,0.52,115.67,
07:41:13,109.85,91.0,126.1,10.0,108.93,60.0,129.0,10.0,117.97,16.25,151.0,20.0,25.8359652422741,109.85,126.1,171,131.0,29.0,0.77,109.67,3.0
07:41:14,110.64,89.0,123.27,11.0,109.15,41.0,124.91,11.0,116.96,12.629999999999995,130.0,22.0,4.065984505627253,110.64,123.27,152,108.0,-19.0,0.71,111.0,3.0
07:41:15,113.73,66.0,122.55,11.0,110.88,50.0,124.0,11.0,118.14,8.819999999999993,116.0,22.0,0.8427514461581528,113.73,122.55,138,94.0,-14.0,0.68,111.0,
07:41:16,114.62,48.0,121.0,8.0,111.0,8.0,123.5,8.0,117.81,6.379999999999996,56.0,16.0,0.8474373133168402,114.62,121.0,72,40.0,-66.0,0.56,111.0,
07:41:17,115.0,49.0,117.11,9.0,111.0,9.0,118.33,9.0,116.06,2.1099999999999994,58.0,18.0,0.8702126176986626,115.0,117.11,76,40.0,4.0,0.53,115.0,1.0
07:41:18,114.73,45.0,116.0,12.0,110.75,12.0,223.07,28.0,115.37,1.269999999999996,57.0,40.0,1.1630434213743637,114.73,116.0,97,17.0,21.0,0.18,115.0,5.0
07:41:19,111.0,7.0,114.57,7.0,110.0,7.0,254.52,23.0,112.79,3.569999999999993,14.0,30.0,2.153747896110997,111.0,114.57,44,-16.0,-53.0,-0.36,115.0,
07:41:20,109.19,62.0,112.08,13.0,108.6,20.0,203.0,52.0,110.64,2.890000000000001,82.0,65.0,2.826858680585785,109.19,112.08,147,17.0,103.0,0.12,109.6,5.0
07:41:21,109.0,61.0,112.0,8.0,107.93,15.0,203.6,30.0,110.5,3.0,76.0,38.0,2.589318443143647,109.0,112.0,114,38.0,-33.0,0.33,109.0,1.0
07:41:22,109.15,66.0,142.78,18.0,108.45,29.0,255.59,29.0,125.96,33.629999999999995,95.0,47.0,6.410707449260412,109.15,142.78,142,48.0,28.0,0.34,110.67,3.0
07:41:23,110.45,33.0,202.84,37.0,109.16,73.0,234.64,50.0,156.65,92.39,106.0,87.0,19.709600959938264,110.45,202.84,193,19.0,51.0,0.1,110.67,
07:41:24,115.31,39.0,186.49,37.0,112.0,13.0,197.57,28.0,150.9,71.18,52.0,65.0,21.87515257089641,115.31,186.49,117,-13.0,-76.0,-0.11,110.67,
07:41:25,115.0,36.0,166.56,18.0,110.25,24.0,217.41,37.0,140.78,51.56,60.0,55.0,18.8264686014131,115.0,166.56,115,5.0,-2.0,0.04,115.0,4.0
07:41:26,109.18,51.0,160.0,9.0,108.54,39.0,322.22,36.0,134.59,50.81999999999999,90.0,45.0,12.321320140309291,109.18,160.0,135,45.0,20.0,0.33,115.0,
07:41:27,110.4,57.0,158.73,11.0,108.96,73.0,224.45,44.0,134.57,48.329999999999984,130.0,55.0,9.927410034847483,110.4,158.73,185,75.0,50.0,0.41,115.0,
07:41:28,112.27,56.0,157.29,14.0,109.12,82.0,233.19,42.0,134.78,45.02,138.0,56.0,7.09899499929337,112.27,157.29,194,82.0,9.0,0.42,112.0,1.0
07:41:29,114.31,65.0,154.92,26.0,109.0,29.0,157.0,13.0,134.62,40.60999999999999,94.0,39.0,2.747138511250128,114.31,154.92,133,55.0,-61.0,0.41,112.0,
07:41:30,111.33,45.0,153.64,22.0,108.48,31.0,157.0,11.0,132.48,42.30999999999999,76.0,33.0,0.9695205000381772,111.33,153.64,109,43.0,-24.0,0.39,112.0,10.0
07:41:31,108.18,33.0,148.4,20.0,107.4,15.0,154.43,14.0,128.29,40.22,48.0,34.0,2.7703194761606182,108.18,148.4,82,14.0,-27.0,0.17,112.0,
07:41:32,109.0,21.0,128.33,9.0,108.0,21.0,147.0,14.0,118.67,19.330000000000013,42.0,23.0,6.733629778952524,109.0,128.33,65,19.0,-17.0,0.29,112.0,
07:41:33,108.55,33.0,126.35,23.0,106.09,32.0,137.0,16.0,117.45,17.799999999999997,65.0,39.0,7.8726469500414975,108.55,126.35,104,26.0,39.0,0.25,107.88,8.0
07:41:34,105.39,31.0,124.95,21.0,96.76,21.0,127.5,12.0,115.17,19.56,52.0,33.0,7.533028607406147,105.39,124.95000000000002,85,19.0,-19.0,0.22,107.88,
07:41:35,105.75,16.0,124.0,6.0,82.69,26.0,125.0,12.0,114.88,18.25,42.0,18.0,5.486357625966524,105.75,124.0,60,24.0,-25.0,0.4,107.88,
07:41:36,105.0,33.0,123.05,21.0,77.48,46.0,124.17,12.0,114.02,18.05,79.0,33.0,1.9421560184502136,105.0,123.04999999999998,112,46.0,52.0,0.41,107.88,
07:41:37,108.0,40.0,121.77,13.0,105.2,30.0,122.35,17.0,114.88,13.769999999999996,70.0,30.0,1.2873033830464071,108.0,121.77,100,40.0,-12.0,0.4,107.88,
07:41:38,108.0,42.0,117.84,19.0,106.0,33.0,118.21,19.0,112.92,9.840000000000003,75.0,38.0,0.9199347802986376,108.0,117.84,113,37.0,13.0,0.33,108.0,1.0
07:41:39,108.0,33.0,113.0,18.0,106.16,32.0,115.18,33.0,110.5,5.0,65.0,51.0,1.8301366069240557,108.0,113.0,116,14.0,3.0,0.12,108.0,1.0
07:41:40,107.31,13.0,109.71,17.0,106.07,29.0,112.12,16.0,108.51,2.3999999999999915,42.0,33.0,2.622666581936031,107.31,109.71,75,9.0,-41.0,0.12,108.0,2.0
07:41:41,107.45,11.0,214.42,43.0,106.22,23.0,384.89,27.0,160.94,106.96999999999998,34.0,70.0,22.15108349494444,107.45,214.42,104,-36.0,29.0,-0.35,109.75,4.0
07:41:42,97.92,13.0,325.65,40.0,38.29,85.0,384.06,18.0,211.79,227.73,98.0,58.0,45.23035783630273,97.92,325.65,156,40.0,52.0,0.26,108.5,2.0
07:41:43,91.0,15.0,187.12,33.0,56.67,123.0,240.04,23.0,139.06,96.12,138.0,56.0,42.61840388846103,91.0,187.12,194,82.0,38.0,0.42,103.11,9.0
07:41:44,107.67,12.0,262.35,34.0,71.86,7.0,316.29,28.0,185.01,154.68,19.0,62.0,39.977031780761095,107.67,262.35,81,-43.0,-113.0,-0.53,103.11,
07:41:45,111.0,19.0,130.94,17.0,94.0,10.0,236.51,41.0,120.97,19.94,29.0,58.0,36.08066559807318,111.0,130.94,87,-29.0,6.0,-0.33,111.0,1.0
07:41:46,111.0,10.0,128.24,34.0,85.44,18.0,465.88,34.0,119.62,17.24000000000001,28.0,68.0,41.198157118977846,111.0,128.24,96,-40.0,9.0,-0.42,111.0,
07:41:47,101.3,10.0,132.0,8.0,73.75,8.0,458.0,32.0,116.65,30.700000000000003,18.0,40.0,28.634019452392504,101.3,132.0,58,-22.0,-38.0,-0.38,109.25,4.0
07:41:48,107.5,6.0,132.0,5.0,97.33,6.0,247.0,25.0,119.75,24.5,12.0,30.0,29.45280292264208,107.5,132.0,42,-18.0,-16.0,-0.43,107.5,2.0
07:41:49,112.04,55.0,198.74,31.0,110.92,25.0,301.74,38.0,155.39,86.7,80.0,69.0,16.241378636063995,112.04,198.74,149,11.0,107.0,0.07,107.5,
07:41:50,113.33,36.0,137.0,18.0,112.0,81.0,170.0,36.0,125.17,23.67,117.0,54.0,15.992116182669376,113.33,137.0,171,63.0,22.0,0.37,107.5,
07:41:51,114.7,37.0,138.0,16.0,111.95,64.0,170.0,32.0,126.35,23.3,101.0,48.0,15.45669175470596,114.70000000000002,138.0,149,53.0,-22.0,0.36,116.0,4.0
07:41:52,112.0,90.0,129.38,32.0,109.0,10.0,173.48,46.0,120.69,17.379999999999995,100.0,78.0,14.761754638253374,112.0,129.38,178,22.0,29.0,0.12,116.0,
07:41:53,112.0,45.0,149.06,16.0,109.0,5.0,158.68,19.0,130.53,37.06,50.0,35.0,13.739005786445912,112.0,149.06,85,15.0,-93.0,0.18,116.0,
07:41:54,112.0,48.0,147.45,11.0,109.0,7.0,148.12,32.0,129.73,35.44999999999999,55.0,43.0,3.9440182555353775,112.0,147.45,98,12.0,13.0,0.12,112.0,5.0
07:41:55,112.17,24.0,145.78,37.0,111.29,21.0,147.59,17.0,128.98,33.61,45.0,54.0,3.992027054016048,112.17,145.78,99,-9.0,1.0,-0.09,112.0,
07:41:56,114.33,9.0,144.95,37.0,112.0,36.0,145.82,17.0,129.64,30.61999999999999,45.0,54.0,4.075626332233585,114.33,144.95,99,-9.0,0.0,-0.09,112.0,
07:41:57,115.0,11.0,141.79,19.0,112.0,44.0,144.41,27.0,128.39,26.789999999999992,55.0,46.0,0.8101419628653019,115.0,141.79,101,9.0,2.0,0.09,112.0,
07:41:58,115.0,12.0,139.81,16.0,112.0,48.0,140.71,24.0,127.41,24.81,60.0,40.0,0.9615872295301312,115.0,139.81,100,20.0,-1.0,0.2,112.0,
07:41:59,116.12,25.0,137.38,24.0,112.07,45.0,138.06,48.0,126.75,21.25999999999999,70.0,72.0,1.1660746116761251,116.12,137.38,142,-2.0,42.0,-0.01,112.0,
07:42:00,117.0,182.0,130.97,33.0,115.0,13.0,133.51,37.0,123.98,13.97,195.0,70.0,2.120077828759108,117.0,130.97,265,125.0,123.0,0.47,112.0,
07:42:01,117.0,138.0,126.24,33.0,115.0,17.0,127.0,21.0,121.62,9.239999999999997,155.0,54.0,2.776823725049264,117.0,126.24,209,101.0,-56.0,0.48,117.0,4.0
07:42:02,117.0,113.0,122.96,27.0,115.0,30.0,123.38,39.0,119.98,5.959999999999994,143.0,66.0,3.2016511365226927,117.0,122.95999999999998,209,77.0,0.0,0.37,117.0,5.0
07:42:03,117.0,55.0,119.32,22.0,115.0,28.0,120.52,62.0,118.16,2.319999999999993,83.0,84.0,3.3691720051071417,117.0,119.32,167,-1.0,-42.0,-0.01,117.0,4.0
07:42:04,117.0,8.0,118.58,12.0,115.0,16.0,119.97,36.0,117.79,1.5799999999999983,24.0,48.0,2.5625534140771062,117.0,118.58,72,-24.0,-95.0,-0.33,117.0,
07:42:05,115.22,18.0,118.0,50.0,112.33,36.0,236.58,24.0,116.61,2.780000000000001,54.0,74.0,1.9726555705441051,115.22,118.0,128,-20.0,56.0,-0.16,117.0,1.0
07:42:06,115.5,24.0,117.33,45.0,112.6,30.0,262.29,28.0,116.42,1.8299999999999983,54.0,73.0,1.4319811451269149,115.5,117.33,127,-19.0,-1.0,-0.15,117.0,
07:42:07,116.0,14.0,117.0,30.0,115.0,12.0,212.0,24.0,116.5,1.0,26.0,54.0,0.8158002206417866,116.0,117.0,80,-28.0,-47.0,-0.35,116.0,2.0
07:42:08,114.56,25.0,117.0,55.0,112.5,30.0,249.43,28.0,115.78,2.4399999999999977,55.0,83.0,0.7295546586783836,114.56,117.0,138,-28.0,58.0,-0.2,114.75,4.0
07:42:09,113.09,78.0,115.5,70.0,111.5,54.0,166.55,60.0,114.29,2.4099999999999966,132.0,130.0,0.9668246997256148,113.09,115.5,262,2.0,124.0,0.01,114.0,5.0
