Time,Bid1_Price,Bid1_Volume,Ask1_Price,Ask1_Volume,Bid2_Price,Bid2_Volume,Ask2_Price,Ask2_Volume,Mid-Price,Bid_Ask_Spread,Market_Depth_Bid,Market_Depth_Ask,Historical_Volatility,Weighted_Avg_Bid_Price,Weighted_Avg_Ask_Price,Total_volume,Cumulative_Volume_Difference,Total_Volume_Change_Corrected,Order_imbalance,Weighted_Avg_Price,Trade_Volume
07:30:03,311.11,38.0,365.12,24.0,294.0,40.0,409.35,34.0,338.12,54.00999999999999,78.0,58.0,,311.11,365.12000000000006,136,20.0,97.0,0.15,,
07:30:22,313.33,30.0,317.0,30.0,312.42,60.0,318.0,30.0,315.17,3.670000000000016,90.0,60.0,1.3680533615346395,313.33,317.0,150,30.0,36.0,0.2,,
07:30:23,313.0,64.0,315.36,42.0,311.94,97.0,317.07,42.0,314.18,2.3600000000000136,161.0,84.0,1.979785341901,313.0,315.36,245,77.0,95.0,0.31,313.0,3.0
07:30:24,313.0,24.0,314.86,35.0,311.26,57.0,317.0,36.0,313.93,1.8600000000000136,81.0,71.0,1.977414979210436,313.0,314.86,152,10.0,-93.0,0.07,314.0,1.0
07:30:25,312.17,24.0,313.5,20.0,311.11,54.0,325.11,38.0,312.83,1.329999999999984,78.0,58.0,1.691487511040351,312.17,313.5,136,20.0,-16.0,0.15,312.5,4.0
07:30:26,311.08,26.0,313.0,12.0,310.2,20.0,326.0,24.0,312.04,1.920000000000016,46.0,36.0,1.2178054031761678,311.08,313.0,82,10.0,-54.0,0.12,312.0,1.0
07:30:27,311.0,52.0,319.54,26.0,309.0,20.0,326.63,38.0,315.27,8.54000000000002,72.0,64.0,1.249819987040156,311.0,319.54,136,8.0,54.0,0.06,311.0,2.0
07:30:28,312.16,55.0,323.76,59.0,309.76,42.0,325.2,60.0,317.96,11.599999999999966,97.0,119.0,2.3283964439084275,312.16,323.76,216,-22.0,80.0,-0.1,316.33,3.0
07:30:29,309.0,36.0,321.2,60.0,304.78,37.0,323.0,52.0,315.1,12.199999999999989,73.0,112.0,2.3273912434323405,309.0,321.2,185,-39.0,-31.0,-0.21,310.33,6.0
07:30:30,307.0,28.0,318.57,49.0,301.0,42.0,320.45,49.0,312.79,11.569999999999991,70.0,98.0,2.3352237580166646,307.0,318.57,168,-28.0,-17.0,-0.17,310.33,
07:30:31,312.34,91.0,318.0,42.0,304.27,33.0,320.0,56.0,315.17,5.660000000000025,124.0,98.0,1.8319852619510444,312.34,318.0,222,26.0,54.0,0.12,310.33,
07:30:32,311.91,44.0,318.0,24.0,304.0,20.0,320.0,47.0,314.95,6.089999999999975,64.0,71.0,1.837043820926928,311.91,318.0,135,-7.0,-87.0,-0.05,310.33,
07:30:33,306.5,64.0,315.97,68.0,304.64,47.0,319.86,87.0,311.24,9.470000000000027,111.0,155.0,1.7642703874420982,306.5,315.97,266,-44.0,131.0,-0.17,310.33,
07:30:34,308.6,30.0,313.36,53.0,306.04,46.0,319.14,56.0,310.98,4.759999999999991,76.0,109.0,1.983060765585518,308.6,313.36,185,-33.0,-81.0,-0.18,309.0,5.0
07:30:35,310.0,13.0,315.0,39.0,309.0,26.0,320.0,52.0,312.5,5.0,39.0,91.0,1.9958882734272931,310.0,315.0,130,-52.0,-55.0,-0.4,309.0,
07:30:36,310.28,18.0,315.16,57.0,309.16,31.0,320.46,71.0,312.72,4.880000000000052,49.0,128.0,1.5769020261272562,310.28,315.16,177,-79.0,47.0,-0.45,311.0,1.0
07:30:37,310.0,14.0,320.53,34.0,309.0,28.0,323.23,70.0,315.26,10.529999999999973,42.0,104.0,1.6997058569070942,310.0,320.53,146,-62.0,-31.0,-0.42,311.0,
07:30:38,311.0,26.0,319.38,26.0,310.0,13.0,321.77,35.0,315.19,8.379999999999995,39.0,61.0,1.855262784622382,311.0,319.38,100,-22.0,-46.0,-0.22,311.0,
07:30:39,311.0,18.0,319.0,18.0,310.0,9.0,321.0,18.0,315.0,8.0,27.0,36.0,1.3966316622521953,311.0,319.0,63,-9.0,-37.0,-0.14,311.0,
07:30:40,312.49,37.0,317.27,30.0,308.9,20.0,318.75,32.0,314.88,4.779999999999973,57.0,62.0,1.0672394295591048,312.49,317.2699999999999,119,-5.0,56.0,-0.04,314.0,2.0
07:30:41,310.0,15.0,313.4,75.0,299.8,30.0,315.0,15.0,311.7,3.3999999999999773,45.0,90.0,1.5201907775031198,310.0,313.4,135,-45.0,16.0,-0.33,314.0,
07:30:42,301.75,24.0,311.83,48.0,295.95,57.0,314.38,32.0,306.79,10.079999999999984,81.0,80.0,3.611436002479384,301.75,311.83,161,1.0,26.0,0.01,310.0,1.0
07:30:43,297.47,51.0,310.41,51.0,293.12,136.0,311.66,53.0,303.94,12.939999999999998,187.0,104.0,4.941277162839849,297.47,310.41,291,83.0,130.0,0.29,310.0,
07:30:44,306.6,20.0,309.79,70.0,300.48,62.0,310.57,58.0,308.19,3.1899999999999977,82.0,128.0,4.270778617535877,306.6,309.79,210,-46.0,-81.0,-0.22,310.0,
07:30:45,308.0,16.0,309.0,113.0,299.28,85.0,314.0,80.0,308.5,1.0,101.0,193.0,2.818196231634847,308.0,309.0,294,-92.0,84.0,-0.31,309.0,1.0
07:30:46,308.0,7.0,309.0,49.0,299.14,28.0,314.0,35.0,308.5,1.0,35.0,84.0,1.9464403407246895,308.0,309.0,119,-49.0,-174.5,-0.41,309.0,
07:30:47,300.0,27.0,308.44,43.0,298.4,30.0,311.4,50.0,304.22,8.439999999999998,57.0,93.0,2.369789020145059,300.0,308.44,150,-36.0,31.0,-0.24,308.0,1.0
07:30:48,299.0,60.0,305.33,30.0,298.0,45.0,307.4,40.0,302.17,6.329999999999984,105.0,70.0,2.9425380201451645,299.0,305.33,175,35.0,25.0,0.2,308.0,
07:30:49,299.0,44.0,305.12,17.0,298.0,33.0,307.08,25.0,302.06,6.1200000000000045,77.0,42.0,3.2295665343818274,299.0,305.12,119,35.0,-56.0,0.29,305.4,5.0
07:30:50,299.77,52.0,307.0,11.0,298.78,41.0,309.0,55.0,303.38,7.230000000000018,93.0,66.0,2.6350294116002555,299.77,307.0,159,27.0,40.0,0.17,305.4,
07:30:51,300.0,25.0,307.0,5.0,299.0,20.0,309.0,25.0,303.5,7.0,45.0,30.0,0.9264879923656696,300.0,307.0,75,15.0,-84.0,0.2,305.4,
07:30:52,300.75,60.0,307.0,12.0,299.0,48.0,309.0,60.0,303.88,6.25,108.0,72.0,0.8278405643586827,300.75,307.0,180,36.0,105.0,0.2,305.4,
07:30:53,303.33,45.0,307.0,9.0,296.6,30.0,309.0,45.0,305.17,3.670000000000016,75.0,54.0,1.115042600082199,303.33,307.0,129,21.0,-51.0,0.16,305.4,
07:30:54,304.0,54.0,307.0,12.0,294.0,30.0,309.0,50.0,305.5,3.0,84.0,62.0,0.9821812460022058,304.0,307.0,146,22.0,17.0,0.15,305.4,
07:30:55,304.0,77.0,307.0,30.0,293.0,45.0,309.0,75.0,305.5,3.0,122.0,105.0,0.9503683496406504,304.0,307.0,227,17.0,81.0,0.07,305.4,
07:30:56,304.0,25.0,307.0,10.0,293.0,15.0,309.0,25.0,305.5,3.0,40.0,35.0,0.7022819946424168,304.0,307.0,75,5.0,-152.0,0.07,305.4,
07:30:57,304.0,25.0,307.0,10.0,293.0,55.0,309.0,25.0,305.5,3.0,80.0,35.0,0.1475804865119402,304.0,307.0,115,45.0,40.0,0.39,305.4,
07:30:58,304.85,99.0,307.0,20.0,298.2,74.0,309.0,50.0,305.92,2.1499999999999773,173.0,70.0,0.1878297101077852,304.85,307.0,243,103.0,128.0,0.42,305.4,
07:30:59,305.1,146.0,308.94,68.0,295.95,158.0,309.92,61.0,307.02,3.839999999999975,304.0,129.0,0.6584223568495374,305.1,308.94,433,175.0,173.5,0.4,308.33,6.0
07:31:00,310.08,36.0,312.11,18.0,309.39,167.0,315.7,86.0,311.1,2.0300000000000296,203.0,104.0,2.3704683081618825,310.08,312.11,307,99.0,-126.0,0.32,309.8,5.0
07:31:01,311.44,36.0,313.0,10.0,310.91,90.0,317.0,22.0,312.22,1.5600000000000025,126.0,32.0,3.095790690599182,311.44,313.0,158,94.0,-149.0,0.59,311.5,4.0
07:31:02,312.06,54.0,314.85,53.0,311.05,179.0,316.82,44.0,313.45,2.7900000000000205,233.0,97.0,3.2996545273711995,312.06,314.8500000000001,330,136.0,172.0,0.41,313.0,1.0
07:31:03,311.0,102.0,313.9,20.0,294.0,33.0,319.41,17.0,312.45,2.8999999999999773,135.0,37.0,2.506804739105514,311.0,313.9,172,98.0,-158.0,0.57,311.6,5.0
07:31:04,313.0,30.0,317.0,24.0,311.0,96.0,318.0,12.0,315.0,4.0,126.0,36.0,1.4664344513146608,313.0,317.0,162,90.0,-10.0,0.56,313.0,3.0
07:31:05,313.0,14.0,317.0,28.0,311.0,112.0,318.78,23.0,315.0,4.0,126.0,51.0,1.338517837013364,313.0,317.0,177,75.0,15.0,0.42,313.0,
07:31:06,313.0,7.0,323.67,24.0,311.0,58.0,383.22,27.0,318.33,10.670000000000016,65.0,51.0,2.22908725715338,313.0,323.67,116,14.0,-61.0,0.12,314.33,9.0
07:31:11,311.36,56.0,320.41,41.0,299.43,70.0,325.23,65.0,315.89,9.050000000000011,126.0,106.0,2.6588343310568296,311.36,320.41,232,20.0,79.0,0.09,314.33,
07:31:12,312.0,60.0,321.0,60.0,311.0,48.0,328.25,60.0,316.5,9.0,108.0,120.0,3.152483148250921,312.0,321.0,228,-12.0,-4.0,-0.05,314.33,
07:31:13,312.0,50.0,319.0,50.0,309.7,40.0,328.1,50.0,315.5,7.0,90.0,100.0,3.056656670286229,312.0,319.0,190,-10.0,-38.0,-0.05,314.33,
07:31:36,313.17,24.0,321.0,32.0,312.58,48.0,330.0,40.0,317.08,7.829999999999984,72.0,72.0,0.1867618804915244,313.17,321.0,144,0.0,-36.0,0.0,313.33,3.0
07:31:37,313.0,40.0,320.8,30.0,312.0,40.0,326.4,20.0,316.9,7.800000000000011,80.0,50.0,0.2639696952391098,313.0,320.8,130,30.0,-14.0,0.23,313.33,
07:31:38,313.0,70.0,319.93,42.0,312.0,70.0,321.0,56.0,316.46,6.930000000000007,140.0,98.0,0.3988984833318351,313.0,319.93,238,42.0,108.0,0.18,313.33,
07:31:41,312.27,37.0,314.67,18.0,311.76,102.0,319.94,31.0,313.47,2.400000000000034,139.0,49.0,1.347583021562369,312.27,314.67,188,90.0,48.0,0.48,313.0,1.0
07:31:42,312.0,128.0,322.0,64.0,310.0,64.0,325.53,43.0,317.0,10.0,192.0,107.0,1.3691895412992334,312.0,322.0,299,85.0,111.0,0.28,312.0,1.0
07:31:43,313.0,9.0,322.0,36.0,312.0,72.0,326.0,27.0,317.5,9.0,81.0,63.0,1.5625235998228746,313.0,322.0,144,18.0,-155.0,0.12,312.0,
07:31:44,313.0,10.0,322.7,40.0,312.0,80.0,326.0,30.0,317.85,9.699999999999989,90.0,70.0,1.7770565550943518,313.0,322.7,160,20.0,16.0,0.12,312.0,
07:31:45,312.65,23.0,322.8,15.0,311.82,44.0,324.29,21.0,317.73,10.150000000000034,67.0,36.0,1.8402309637662952,312.65,322.8,103,31.0,-57.0,0.3,312.0,
07:32:01,312.19,57.0,314.91,44.0,311.02,65.0,319.0,22.0,313.55,2.7200000000000277,122.0,66.0,2.5107429179437144,312.18999999999994,314.91,188,56.0,-40.0,0.3,313.44,9.0
07:32:02,311.6,57.0,314.67,30.0,311.0,68.0,319.36,22.0,313.13,3.069999999999993,125.0,52.0,2.2653366195784823,311.6,314.67,177,73.0,-11.0,0.41,313.0,2.0
07:32:03,312.11,37.0,315.0,28.0,311.39,82.0,325.6,20.0,313.55,2.8899999999999864,119.0,48.0,1.227057455868373,312.11,315.0,167,71.0,-10.0,0.43,312.17,6.0
07:32:04,311.46,52.0,313.67,30.0,306.13,78.0,322.0,48.0,312.56,2.2100000000000364,130.0,78.0,0.9266336924597178,311.46,313.67,208,52.0,41.0,0.25,311.75,4.0
07:32:05,311.35,31.0,313.12,32.0,307.36,72.0,316.0,36.0,312.24,1.7699999999999818,103.0,68.0,0.5901101592084423,311.35,313.12,171,35.0,-37.0,0.2,312.0,1.0
07:32:06,311.0,48.0,313.36,22.0,310.0,24.0,322.09,44.0,312.18,2.3600000000000136,72.0,66.0,0.5924272107193909,311.0,313.36,138,6.0,-33.0,0.04,312.0,
07:32:07,311.0,17.0,323.57,84.0,310.0,24.0,325.1,31.0,317.29,12.569999999999991,41.0,115.0,2.1540496744507958,311.0,323.57,156,-74.0,18.0,-0.47,311.0,3.0
07:32:08,301.17,47.0,323.62,90.0,299.11,108.0,324.85,26.0,312.4,22.44999999999999,155.0,116.0,2.216411514137519,301.17,323.62,271,39.0,115.0,0.14,310.33,3.0
07:32:09,301.86,63.0,320.71,51.0,298.25,144.0,322.14,57.0,311.28,18.84999999999997,207.0,108.0,2.3948945697047224,301.86,320.71,315,99.0,44.0,0.31,310.33,
07:32:10,301.0,102.0,319.36,55.0,298.0,118.0,321.0,44.0,310.18,18.360000000000014,220.0,99.0,2.7289888237222244,301.0,319.36,319,121.0,4.0,0.38,310.33,
07:32:11,301.0,216.0,319.0,60.0,298.0,24.0,321.62,73.0,310.0,18.0,240.0,133.0,2.98790896782356,301.0,319.0,373,107.0,54.0,0.29,310.33,
07:32:12,301.0,252.0,310.16,57.0,298.0,28.0,319.34,62.0,305.58,9.160000000000023,280.0,119.0,2.593476431355882,301.0,310.16,399,161.0,26.0,0.4,307.0,1.0
07:32:13,301.0,198.0,316.0,35.0,298.0,22.0,318.8,59.0,308.5,15.0,220.0,94.0,2.2067442081033657,301.0,316.0,314,126.0,-85.0,0.4,307.0,
07:32:14,301.0,234.0,310.6,70.0,296.15,26.0,315.2,56.0,305.8,9.600000000000025,260.0,126.0,2.219125954063145,301.0,310.6,386,134.0,72.0,0.35,307.0,
07:32:15,301.52,88.0,310.17,81.0,300.97,62.0,310.91,34.0,305.85,8.650000000000034,150.0,115.0,1.9951390928944768,301.52,310.17,265,35.0,-121.0,0.13,308.38,8.0
07:32:16,305.56,18.0,315.74,27.0,304.67,18.0,316.3,33.0,310.65,10.180000000000009,36.0,60.0,2.234419387670067,305.56,315.74,96,-24.0,-169.0,-0.25,308.38,
07:32:17,309.07,14.0,315.0,12.0,307.09,22.0,316.0,48.0,312.04,5.930000000000007,36.0,60.0,2.8037243088429893,309.07,315.0,96,-24.0,0.0,-0.25,308.38,
07:32:18,312.52,25.0,314.2,15.0,310.0,20.0,316.53,60.0,313.36,1.6800000000000068,45.0,75.0,3.524138192522808,312.52,314.2,120,-30.0,24.0,-0.25,308.38,
07:32:19,312.8,20.0,314.0,11.0,302.27,33.0,317.0,44.0,313.4,1.1999999999999886,53.0,55.0,3.1240278487873945,312.8,314.0,108,-2.0,-12.0,-0.02,313.0,2.0
07:32:20,301.76,38.0,312.22,27.0,273.71,125.0,317.0,29.0,306.99,10.460000000000036,163.0,56.0,2.655140297611305,301.76,312.22,219,107.0,111.0,0.49,311.0,1.0
07:32:21,298.0,102.0,311.27,22.0,154.21,71.0,318.0,45.0,304.64,13.269999999999982,173.0,67.0,4.023801684973864,298.0,311.27,240,106.0,21.0,0.44,311.0,
07:32:22,299.02,100.0,310.36,28.0,291.1,78.0,318.81,67.0,304.69,11.340000000000032,178.0,95.0,4.451351480168379,299.02,310.36,273,83.0,33.0,0.3,311.0,
07:32:23,300.0,96.0,309.31,32.0,297.05,63.0,318.0,64.0,304.66,9.310000000000002,159.0,96.0,3.783666211493238,300.0,309.31,255,63.0,-18.0,0.25,311.0,
07:32:24,301.53,114.0,308.26,38.0,297.0,61.0,317.96,25.0,304.89,6.730000000000018,175.0,63.0,1.0200637234967898,301.53,308.26,238,112.0,-17.0,0.47,311.0,
07:32:25,303.44,75.0,308.83,36.0,301.74,105.0,318.98,41.0,306.14,5.389999999999986,180.0,77.0,0.6428296819484559,303.44,308.83,257,103.0,19.0,0.4,308.0,3.0
07:32:26,312.0,27.0,318.85,20.0,310.05,57.0,329.55,44.0,315.43,6.850000000000023,84.0,64.0,4.662002788501513,312.0,318.85,148,20.0,-109.0,0.14,316.0,2.0
07:32:27,311.0,54.0,319.11,27.0,293.0,9.0,372.22,36.0,315.06,8.110000000000014,63.0,63.0,5.515825414205739,311.0,319.11000000000007,126,0.0,-22.0,0.0,316.0,
07:32:28,311.0,46.0,316.0,33.0,293.0,11.0,402.2,15.0,313.5,5.0,57.0,48.0,5.082079298869687,311.0,316.0,105,9.0,-21.0,0.09,311.0,4.0
07:32:29,311.0,11.0,316.0,30.0,293.0,10.0,322.0,10.0,313.5,5.0,21.0,40.0,3.7859186467753942,311.0,316.0,61,-19.0,-44.0,-0.31,311.0,1.0
07:32:30,311.0,7.0,316.0,21.0,293.0,7.0,322.0,7.0,313.5,5.0,14.0,28.0,0.9646864775683616,311.0,316.0,42,-14.0,-19.0,-0.33,311.0,
07:32:31,311.0,10.0,315.58,36.0,308.71,55.0,318.62,16.0,313.29,4.579999999999984,65.0,52.0,0.7268424863770274,311.0,315.58,117,13.0,75.0,0.11,311.0,
07:32:32,310.2,15.0,312.84,38.0,308.71,55.0,313.89,35.0,311.52,2.6399999999999864,70.0,73.0,0.8667871711106139,310.2,312.84,143,-3.0,26.0,-0.02,311.0,1.0
07:32:33,310.8,60.0,312.64,33.0,308.71,55.0,320.07,28.0,311.72,1.839999999999975,115.0,61.0,0.9975870889308476,310.8,312.64,176,54.0,33.0,0.31,311.0,5.0
07:32:34,311.0,40.0,313.0,24.0,309.0,48.0,324.0,24.0,312.0,2.0,88.0,48.0,0.9217808850270268,311.0,313.0,136,40.0,-40.0,0.29,311.0,
07:32:35,309.93,28.0,311.62,24.0,307.45,33.0,321.33,27.0,310.78,1.6899999999999975,61.0,51.0,0.917343992186499,309.93,311.62,112,10.0,-24.0,0.09,310.25,8.0
07:32:36,309.0,30.0,313.33,27.0,292.0,10.0,323.48,29.0,311.17,4.329999999999984,40.0,56.0,0.4761512364786739,309.0,313.33,96,-16.0,-16.0,-0.17,310.0,1.0
07:32:37,312.0,14.0,325.0,21.0,309.0,21.0,327.0,7.0,318.5,13.0,35.0,28.0,3.2026520260561755,312.0,325.0,63,7.0,-33.0,0.11,310.0,
07:32:38,310.36,11.0,325.0,18.0,301.42,24.0,327.0,6.0,317.68,14.639999999999986,35.0,24.0,3.747209628510672,310.36,325.0,59,11.0,-4.0,0.19,312.0,1.0
07:32:39,309.27,11.0,325.0,18.0,305.25,8.0,327.0,6.0,317.14,15.730000000000018,19.0,24.0,3.757483200229135,309.27,325.0,43,-5.0,-16.0,-0.12,310.5,2.0
07:32:40,309.0,20.0,325.0,30.0,295.55,64.0,327.0,10.0,317.0,16.0,84.0,40.0,2.9264688619572574,309.0,325.0,124,44.0,81.0,0.35,310.5,
07:32:41,309.0,12.0,323.75,16.0,296.0,54.0,326.45,11.0,316.38,14.75,66.0,27.0,0.7966178506702646,309.0,323.75,93,39.0,-31.0,0.42,310.5,
07:32:42,309.0,24.0,320.0,24.0,296.0,108.0,325.78,41.0,314.5,11.0,132.0,65.0,1.230690862891944,309.0,320.0,197,67.0,104.0,0.34,310.5,
07:32:43,297.06,49.0,320.0,14.0,295.38,48.0,325.0,28.0,308.53,22.94,97.0,42.0,3.6115924465537543,297.06,320.0,139,55.0,-58.0,0.4,309.0,2.0
07:32:44,296.36,83.0,308.46,26.0,295.14,63.0,320.54,26.0,302.41,12.099999999999966,146.0,52.0,6.20815834205294,296.36,308.46,198,94.0,59.0,0.47,305.0,3.0
07:32:45,312.75,60.0,315.0,24.0,311.0,24.0,323.75,32.0,313.88,2.25,84.0,56.0,5.685063763934491,312.75,315.0,140,28.0,-58.0,0.2,305.0,
07:32:46,313.0,55.0,315.0,22.0,311.0,22.0,320.0,11.0,314.0,2.0,77.0,33.0,5.21701351349607,313.0,315.0,110,44.0,-30.0,0.4,305.0,
07:32:47,313.0,40.0,315.0,16.0,311.0,16.0,320.0,8.0,314.0,2.0,56.0,24.0,5.129154901150919,313.0,315.0,80,32.0,-30.0,0.4,305.0,
07:32:48,313.0,50.0,314.2,20.0,311.0,20.0,315.88,17.0,313.6,1.1999999999999886,70.0,37.0,5.127671986389272,313.0,314.2,107,33.0,27.0,0.31,314.0,2.0
07:32:49,313.0,40.0,320.27,11.0,311.0,16.0,324.95,20.0,316.64,7.269999999999982,56.0,31.0,1.2495119047066456,313.0,320.27,87,25.0,-20.0,0.29,314.0,2.0
07:32:57,313.0,75.0,316.12,32.0,311.0,150.0,320.07,59.0,314.56,3.1200000000000045,225.0,91.0,0.8308549813323409,313.0,316.12,316,134.0,77.0,0.42,314.0,
07:32:58,313.0,56.0,315.82,33.0,311.0,140.0,321.33,54.0,314.41,2.819999999999993,196.0,87.0,1.0014838990241126,313.0,315.82,283,109.0,-33.0,0.39,313.33,3.0
07:32:59,313.0,36.0,314.0,26.0,311.0,130.0,323.53,51.0,313.5,1.0,166.0,77.0,1.144062935333626,313.0,314.0,243,89.0,-40.0,0.37,313.0,1.0
07:33:00,311.06,127.0,314.0,26.0,310.29,31.0,326.0,52.0,312.53,2.9399999999999977,158.0,78.0,1.1283394879218689,311.06,314.0,236,80.0,-7.0,0.34,312.33,3.0
07:33:01,311.0,80.0,314.0,20.0,309.0,10.0,326.0,40.0,312.5,3.0,90.0,60.0,0.9864836541998584,311.0,314.0,150,30.0,-86.0,0.2,311.0,5.0
07:33:02,311.0,104.0,314.0,26.0,305.95,59.0,326.0,52.0,312.5,3.0,163.0,78.0,0.8544413379532455,311.0,314.0,241,85.0,91.0,0.35,311.0,
07:33:03,311.27,73.0,319.54,26.0,309.17,69.0,326.7,43.0,315.41,8.270000000000039,142.0,69.0,1.261376232534696,311.27,319.54,211,73.0,-30.0,0.35,314.0,2.0
07:33:04,312.43,56.0,325.0,60.0,309.73,66.0,326.0,35.0,318.71,12.569999999999991,122.0,95.0,2.7517539860975653,312.43,325.0,217,27.0,6.0,0.12,315.0,5.0
07:33:06,311.1,151.0,320.86,70.0,309.12,97.0,323.0,70.0,315.98,9.759999999999993,248.0,140.0,2.7120711642589383,311.1,320.86,388,108.0,110.0,0.28,315.0,
07:33:07,311.0,169.0,318.18,62.0,309.0,91.0,321.64,55.0,314.59,7.180000000000007,260.0,117.0,2.049251082714136,311.0,318.18,377,143.0,-11.0,0.38,315.0,
07:33:08,311.24,85.0,314.75,56.0,310.58,165.0,316.15,52.0,312.99,3.509999999999991,250.0,108.0,2.649745270776961,311.24,314.75,358,142.0,-19.0,0.4,315.0,
07:33:09,311.05,173.0,313.44,66.0,309.44,117.0,314.7,61.0,312.24,2.3899999999999864,290.0,127.0,2.7503872454627984,311.05,313.44,417,163.0,59.0,0.39,312.67,3.0
07:33:10,311.0,59.0,320.12,24.0,309.0,56.0,325.13,38.0,315.56,9.120000000000005,115.0,62.0,1.6163137071757356,311.0,320.12,177,53.0,-174.5,0.3,311.0,8.0
07:33:11,311.0,35.0,327.93,29.0,309.0,49.0,354.86,29.0,319.47,16.930000000000007,84.0,58.0,2.833540188528191,311.0,327.92999999999995,142,26.0,-35.0,0.18,311.0,
07:33:12,311.0,53.0,330.0,54.0,309.0,63.0,406.14,28.0,320.5,19.0,116.0,82.0,3.727153069033336,311.0,330.0,198,34.0,56.0,0.17,311.0,
07:33:13,311.0,46.0,330.0,42.0,309.0,49.0,508.93,14.0,320.5,19.0,95.0,56.0,3.646694393557675,311.0,330.0,151,39.0,-47.0,0.26,311.0,10.0
07:33:14,311.0,18.0,325.0,30.0,309.0,42.0,330.0,36.0,318.0,14.0,60.0,66.0,2.083645843228973,311.0,325.0,126,-6.0,-25.0,-0.05,311.0,
07:33:15,311.0,33.0,324.98,51.0,309.0,77.0,328.36,58.0,317.99,13.980000000000018,110.0,109.0,1.2564513520250329,311.0,324.98,219,1.0,93.0,0.0,311.0,
07:33:16,312.0,64.0,321.0,16.0,311.0,48.0,324.83,48.0,316.5,9.0,112.0,64.0,1.754571172681613,312.0,321.0,176,48.0,-43.0,0.27,311.0,
07:33:17,312.25,12.0,317.17,6.0,311.5,18.0,320.0,6.0,314.71,4.920000000000016,30.0,12.0,2.136948759330686,312.25,317.17,42,18.0,-134.0,0.43,312.0,1.0
07:33:18,312.45,22.0,316.5,14.0,311.71,42.0,323.3,30.0,314.48,4.050000000000011,64.0,44.0,1.7044148556042775,312.45,316.5,108,20.0,66.0,0.19,314.0,1.0
07:33:19,312.0,21.0,319.0,7.0,311.0,21.0,326.0,35.0,315.5,7.0,42.0,42.0,1.4404964422047042,312.0,319.0,84,0.0,-24.0,0.0,314.0,
07:33:20,312.0,24.0,323.5,8.0,311.0,24.0,326.0,40.0,317.75,11.5,48.0,48.0,1.352061389140445,312.0,323.5,96,0.0,12.0,0.0,314.0,
07:33:21,312.0,45.0,325.0,15.0,311.0,45.0,326.0,75.0,318.5,13.0,90.0,90.0,1.8275858392985147,312.0,325.0,180,0.0,84.0,0.0,314.0,
07:33:22,312.0,30.0,325.0,10.0,311.0,30.0,326.0,50.0,318.5,13.0,60.0,60.0,1.8471816369822964,312.0,325.0,120,0.0,-60.0,0.0,314.0,
07:33:24,312.0,30.0,322.05,19.0,311.0,220.0,323.89,18.0,317.03,10.050000000000011,250.0,37.0,1.0050223878128,312.0,322.05,287,213.0,1.0,0.74,314.0,
07:33:31,312.0,30.0,314.68,25.0,311.0,220.0,317.68,31.0,313.34,2.680000000000007,250.0,56.0,2.3829393613780616,312.0,314.68,306,194.0,69.0,0.63,314.0,
07:33:32,311.13,115.0,314.05,38.0,310.68,157.0,320.61,49.0,312.59,2.920000000000016,272.0,87.0,2.622098396323974,311.13,314.05,359,185.0,53.0,0.52,311.43,7.0
07:33:33,311.16,150.0,314.21,76.0,310.75,249.0,324.89,47.0,312.69,3.0499999999999545,399.0,123.0,2.2096538190414914,311.16,314.21,522,276.0,163.0,0.53,311.43,
07:33:34,311.02,191.0,313.71,49.0,309.79,91.0,322.69,29.0,312.37,2.6899999999999977,282.0,78.0,1.163215371289669,311.02,313.71,360,204.0,-162.0,0.57,311.67,3.0
07:33:35,311.0,165.0,312.8,25.0,309.0,50.0,319.11,45.0,311.9,1.8000000000000114,215.0,70.0,0.5235169529293922,311.0,312.8,285,145.0,-75.0,0.51,311.0,1.0
07:33:36,311.0,112.0,317.14,35.0,309.0,40.0,324.26,34.0,314.07,6.139999999999986,152.0,69.0,0.811652635062858,311.0,317.14,221,83.0,-64.0,0.38,311.0,4.0
07:33:37,311.0,100.0,324.68,31.0,309.0,45.0,326.85,80.0,317.84,13.680000000000009,145.0,111.0,2.4123702037631847,311.0,324.68,256,34.0,35.0,0.13,311.0,
07:33:38,311.0,129.0,324.86,21.0,309.0,45.0,326.74,69.0,317.93,13.860000000000014,174.0,90.0,2.9104930853730644,311.0,324.86,264,84.0,8.0,0.32,311.0,3.0
07:33:39,311.0,108.0,322.0,17.0,309.0,45.0,323.16,19.0,316.5,11.0,153.0,36.0,2.6113157603025368,311.0,322.0,189,117.0,-75.0,0.62,311.0,
07:33:40,311.0,132.0,319.18,11.0,309.0,55.0,322.0,39.0,315.09,8.180000000000007,187.0,50.0,1.695915681867567,311.0,319.18,237,137.0,48.0,0.58,311.0,
07:33:41,311.46,78.0,316.64,14.0,310.71,140.0,322.0,56.0,314.05,5.180000000000007,218.0,70.0,1.7024599848467328,311.46,316.64,288,148.0,51.0,0.51,311.0,
07:33:42,312.36,100.0,317.97,30.0,310.87,180.0,322.25,48.0,315.16,5.610000000000014,280.0,78.0,1.499043028069708,312.36,317.97,358,202.0,70.0,0.56,314.0,1.0
07:33:53,311.02,147.0,321.4,58.0,310.0,72.0,321.94,35.0,316.21,10.379999999999995,219.0,93.0,1.4577997118960069,311.02,321.4,312,126.0,134.0,0.4,314.12,8.0
07:33:54,312.51,53.0,324.0,54.0,310.49,47.0,325.27,11.0,318.25,11.490000000000007,100.0,65.0,1.385074005244506,312.51,324.0,165,35.0,-147.0,0.21,311.0,5.0
07:33:56,311.0,50.0,319.0,40.0,309.0,30.0,323.88,24.0,315.0,8.0,80.0,64.0,1.7626258820305691,311.0,319.0,144,16.0,-89.0,0.11,311.0,
07:33:57,310.9,58.0,317.33,48.0,308.71,35.0,322.33,12.0,314.11,6.430000000000007,93.0,60.0,1.9067564081455168,310.9,317.33,153,33.0,9.0,0.22,311.0,5.0
07:33:59,312.75,28.0,316.75,48.0,305.0,45.0,323.0,24.0,314.75,4.0,73.0,72.0,1.658273198240799,312.75,316.75,145,1.0,34.0,0.01,309.0,2.0
07:34:00,309.91,22.0,314.43,56.0,304.2,50.0,322.93,28.0,312.17,4.519999999999982,72.0,84.0,1.2635940803927,309.91,314.43,156,-12.0,11.0,-0.08,309.0,
07:34:01,311.29,41.0,319.71,28.0,310.0,20.0,323.68,25.0,315.5,8.419999999999959,61.0,53.0,1.3517285230413358,311.29,319.71,114,8.0,-42.0,0.07,312.33,6.0
07:34:02,311.0,21.0,321.75,16.0,309.0,7.0,323.8,20.0,316.38,10.75,28.0,36.0,1.597989361667861,311.0,321.75,64,-8.0,-50.0,-0.12,312.33,
07:34:03,311.0,18.0,320.17,24.0,309.0,6.0,322.0,12.0,315.58,9.170000000000016,24.0,36.0,1.6190521918714251,311.0,320.17,60,-12.0,-4.0,-0.2,312.33,
07:34:04,311.0,12.0,320.0,16.0,309.0,4.0,322.29,7.0,315.5,9.0,16.0,23.0,1.6390790096891987,311.0,320.0,39,-7.0,-21.0,-0.18,312.33,
07:34:05,311.06,35.0,319.0,52.0,309.71,17.0,324.77,47.0,315.03,7.939999999999998,52.0,99.0,0.488282705001927,311.06,319.0,151,-47.0,112.0,-0.31,312.0,1.0
07:34:06,311.0,33.0,318.36,44.0,309.0,11.0,323.0,44.0,314.68,7.360000000000014,44.0,88.0,0.6427129997160002,311.0,318.36,132,-44.0,-19.0,-0.33,312.0,
07:34:07,311.0,33.0,316.36,44.0,309.0,11.0,323.0,44.0,313.68,5.360000000000014,44.0,88.0,0.770700979630709,311.0,316.36,132,-44.0,0.0,-0.33,312.0,
07:34:08,311.56,27.0,315.86,28.0,310.38,13.0,323.0,28.0,313.71,4.300000000000011,40.0,56.0,0.8074342078482872,311.56,315.86,96,-16.0,-36.0,-0.17,312.0,
07:34:09,312.0,58.0,314.04,56.0,310.8,40.0,321.0,64.0,313.02,2.0400000000000205,98.0,120.0,0.8165965956354144,312.0,314.04,218,-22.0,122.0,-0.1,312.0,2.0
07:34:10,312.0,51.0,313.22,36.0,309.0,9.0,324.09,44.0,312.61,1.2200000000000273,60.0,80.0,0.7879403530744327,312.0,313.22,140,-20.0,-78.0,-0.14,312.0,
07:34:11,312.0,32.0,322.0,32.0,309.0,8.0,325.6,20.0,317.0,10.0,40.0,52.0,1.737737034192277,312.0,322.0,92,-12.0,-48.0,-0.13,312.0,4.0
07:34:12,312.0,36.0,325.0,48.0,309.0,12.0,326.0,24.0,318.5,13.0,48.0,72.0,2.623998856707828,312.0,325.0,120,-24.0,28.0,-0.2,312.0,
07:34:13,312.0,24.0,325.0,32.0,309.0,8.0,326.0,16.0,318.5,13.0,32.0,48.0,2.908827942660853,312.0,325.0,80,-16.0,-40.0,-0.2,312.0,
07:34:14,312.0,9.0,325.0,12.0,309.0,3.0,326.0,6.0,318.5,13.0,12.0,18.0,2.5504744656642235,312.0,325.0,30,-6.0,-50.0,-0.2,312.0,
07:34:26,313.07,44.0,316.94,71.0,312.17,54.0,319.12,66.0,315.01,3.870000000000005,98.0,137.0,2.908083561386509,313.07,316.94,235,-39.0,79.0,-0.17,316.0,1.0
07:34:27,312.73,15.0,314.85,47.0,311.96,45.0,317.5,48.0,313.79,2.1200000000000045,60.0,95.0,3.4825565322051824,312.7300000000001,314.85,155,-35.0,-80.0,-0.23,314.0,1.0
07:34:28,312.45,22.0,314.29,42.0,311.86,43.0,315.77,43.0,313.37,1.840000000000032,65.0,85.0,3.1606455036912364,312.45,314.29,150,-20.0,-5.0,-0.13,313.0,1.0
07:34:29,308.72,64.0,313.07,56.0,304.15,93.0,314.9,49.0,310.9,4.349999999999966,157.0,105.0,2.859575143269019,308.72,313.07,262,52.0,112.0,0.2,311.6,5.0
07:34:30,304.6,30.0,309.75,53.0,302.57,126.0,311.25,48.0,307.18,5.149999999999977,156.0,101.0,3.1052777653536934,304.6,309.75,257,55.0,-5.0,0.21,308.0,1.0
07:34:31,302.0,119.0,306.19,79.0,300.0,102.0,307.68,56.0,304.09,4.189999999999998,221.0,135.0,4.162983305275006,302.0,306.19,356,86.0,99.0,0.24,308.0,
07:34:32,302.9,72.0,304.64,70.0,300.24,68.0,307.0,42.0,303.77,1.740000000000009,140.0,112.0,4.213225605162512,302.9,304.64,252,28.0,-104.0,0.11,304.0,3.0
07:34:33,303.0,26.0,306.74,23.0,298.73,22.0,307.82,17.0,304.87,3.740000000000009,48.0,40.0,2.965176217359752,303.0,306.74,88,8.0,-164.0,0.09,303.0,2.0
07:34:34,304.15,60.0,306.99,68.0,297.59,66.0,308.33,96.0,305.57,2.840000000000032,126.0,164.0,1.359146791187499,304.15,306.99,290,-38.0,173.5,-0.13,306.0,3.0
07:34:35,305.0,33.0,308.0,55.0,299.0,11.0,310.0,44.0,306.5,3.0,44.0,99.0,1.1095945205322453,305.0,308.0,143,-55.0,-147.0,-0.38,306.0,
07:34:36,305.78,27.0,308.0,45.0,299.0,9.0,310.0,36.0,306.89,2.2200000000000277,36.0,81.0,1.2574577527676989,305.78,308.0,117,-45.0,-26.0,-0.38,306.0,
07:34:37,306.77,64.0,308.42,57.0,304.65,26.0,310.54,39.0,307.59,1.650000000000034,90.0,96.0,1.0757230126738544,306.77,308.42,186,-6.0,69.0,-0.03,308.0,5.0
07:34:38,307.45,29.0,310.0,52.0,306.03,35.0,317.0,13.0,308.72,2.550000000000012,64.0,65.0,1.1831018552925507,307.45,310.0,129,-1.0,-57.0,-0.01,308.0,
07:34:39,308.86,28.0,310.0,34.0,306.59,22.0,317.0,10.0,309.43,1.1399999999999864,50.0,44.0,1.2310686414644716,308.86,310.0,94,6.0,-35.0,0.06,310.0,3.0
07:34:40,303.89,54.0,317.45,29.0,297.52,21.0,319.72,53.0,310.67,13.560000000000002,75.0,82.0,1.492849624040456,303.89,317.45,157,-7.0,63.0,-0.04,310.75,4.0
07:34:41,297.0,12.0,318.18,17.0,293.0,36.0,319.15,39.0,307.59,21.180000000000007,48.0,56.0,1.3065603698252213,297.0,318.18,104,-8.0,-53.0,-0.08,318.0,2.0
07:34:42,297.0,18.0,305.73,22.0,293.0,62.0,311.33,36.0,301.36,8.730000000000018,80.0,58.0,3.638520303639512,297.0,305.73,138,22.0,34.0,0.16,305.67,3.0
07:34:43,303.43,23.0,307.85,13.0,296.62,26.0,313.89,35.0,305.64,4.420000000000016,49.0,48.0,3.652460814299941,303.43,307.85,97,1.0,-41.0,0.01,306.0,1.0
07:34:44,303.94,34.0,312.0,9.0,301.59,17.0,314.0,27.0,307.97,8.060000000000002,51.0,36.0,3.4565343915541207,303.94,312.0,87,15.0,-10.0,0.17,306.0,
07:34:45,304.15,52.0,312.0,13.0,295.0,26.0,314.0,39.0,308.08,7.850000000000023,78.0,52.0,2.8422121666047526,304.15,312.0,130,26.0,43.0,0.2,306.0,
07:34:46,306.71,56.0,313.69,32.0,305.44,54.0,318.22,96.0,310.2,6.980000000000018,110.0,128.0,3.3687534786618527,306.71,313.69,238,-18.0,108.0,-0.08,312.0,1.0
07:34:47,307.8,30.0,313.11,56.0,306.96,45.0,315.88,48.0,310.45,5.310000000000002,75.0,104.0,1.9573119322165495,307.8,313.11,179,-29.0,-59.0,-0.16,307.0,3.0
07:34:48,309.53,17.0,312.0,70.0,307.83,53.0,313.96,52.0,310.76,2.4700000000000277,70.0,122.0,1.3543522436935684,309.53,312.0,192,-52.0,13.0,-0.27,310.0,1.0
07:34:49,308.0,40.0,311.86,44.0,301.67,15.0,319.18,34.0,309.93,3.8600000000000136,55.0,78.0,1.0540540783081478,308.0,311.86,133,-23.0,-59.0,-0.17,312.0,2.0
07:34:50,307.64,56.0,310.29,51.0,298.23,47.0,315.74,68.0,308.97,2.650000000000034,103.0,119.0,0.6831324908084059,307.64,310.29,222,-16.0,89.0,-0.07,310.0,3.0
07:34:51,297.42,12.0,305.0,60.0,296.02,60.0,311.83,36.0,301.21,7.579999999999984,72.0,96.0,4.001297289629607,297.42,305.0,168,-24.0,-54.0,-0.14,310.0,
07:34:52,298.0,13.0,306.27,44.0,296.15,13.0,312.57,37.0,302.14,8.269999999999982,26.0,81.0,4.5539839701075415,298.0,306.27,107,-55.0,-61.0,-0.51,305.0,5.0
07:34:53,298.0,10.0,309.0,38.0,296.0,10.0,312.7,30.0,303.5,11.0,20.0,68.0,4.02327602831272,298.0,309.0,88,-48.0,-19.0,-0.55,305.0,
07:34:54,299.0,84.0,309.0,24.0,298.0,12.0,313.0,36.0,304.0,10.0,96.0,60.0,3.007828120088511,299.0,309.0,156,36.0,68.0,0.23,305.0,
07:34:55,300.18,68.0,307.12,68.0,300.4,62.0,309.0,34.0,303.65,6.939999999999998,130.0,102.0,1.1796397755224302,300.18,307.12,232,28.0,76.0,0.12,305.0,
07:34:56,304.86,57.0,306.07,60.0,303.18,39.0,309.0,30.0,305.46,1.2099999999999795,96.0,90.0,1.1886126366461718,304.86,306.07,186,6.0,-46.0,0.03,305.0,
07:34:57,306.12,17.0,309.0,18.0,304.33,21.0,314.0,27.0,307.56,2.8799999999999955,38.0,45.0,1.710257290583904,306.12,309.0,83,-7.0,-103.0,-0.08,306.0,4.0
07:34:58,306.74,19.0,308.21,28.0,303.21,43.0,310.55,29.0,307.48,1.4699999999999704,62.0,57.0,1.854292317838736,306.74,308.21,119,5.0,36.0,0.04,308.0,3.0
07:34:59,308.56,16.0,313.22,32.0,302.93,41.0,314.64,42.0,310.89,4.660000000000025,57.0,74.0,2.7050822538319093,308.56,313.22,131,-17.0,12.0,-0.13,308.5,4.0
07:35:00,310.58,12.0,314.0,36.0,309.42,36.0,315.0,36.0,312.29,3.420000000000016,48.0,72.0,2.782234713318984,310.58,314.0,120,-24.0,-11.0,-0.2,308.5,
07:35:01,310.17,29.0,312.11,55.0,305.04,23.0,315.47,57.0,311.14,1.9399999999999975,52.0,112.0,2.2112145983593763,310.17,312.11,164,-60.0,44.0,-0.37,312.0,1.0
07:35:02,310.0,18.0,315.48,31.0,295.0,6.0,316.77,26.0,312.74,5.480000000000018,24.0,57.0,2.0658823780646416,310.0,315.48,81,-33.0,-83.0,-0.41,312.0,
07:35:03,310.0,17.0,316.0,27.0,296.88,48.0,317.0,32.0,313.0,6.0,65.0,59.0,0.949036353359805,310.0,316.0,124,6.0,43.0,0.05,310.0,1.0
07:35:04,310.0,16.0,316.0,32.0,296.5,24.0,317.0,32.0,313.0,6.0,40.0,64.0,0.7793458795673726,310.0,316.0,104,-24.0,-20.0,-0.23,310.0,
07:35:05,310.41,34.0,316.0,48.0,299.29,14.0,317.0,48.0,313.21,5.589999999999975,48.0,96.0,0.8428641646188977,310.41,316.0,144,-48.0,40.0,-0.33,310.0,
07:35:06,312.0,77.0,316.0,44.0,310.0,22.0,317.0,44.0,314.0,4.0,99.0,88.0,0.4824935232715038,312.0,316.0,187,11.0,43.0,0.06,310.0,
07:35:07,312.0,84.0,316.0,48.0,310.0,24.0,317.0,48.0,314.0,4.0,108.0,96.0,0.5165462225193979,312.0,316.0,204,12.0,17.0,0.06,310.0,
07:35:08,312.41,95.0,316.0,25.0,310.0,26.0,317.0,52.0,314.21,3.589999999999975,121.0,77.0,0.5405830186004382,312.41,316.0,198,44.0,-6.0,0.22,310.0,
07:35:09,313.25,48.0,316.0,25.0,311.61,36.0,317.0,64.0,314.62,2.75,84.0,89.0,0.5129034996949511,313.25,316.0,173,-5.0,-25.0,-0.03,313.29,7.0
07:35:10,313.0,8.0,315.53,19.0,312.0,32.0,316.77,26.0,314.26,2.5299999999999727,40.0,45.0,0.2542046419706389,313.0,315.53,85,-5.0,-88.0,-0.06,313.29,
07:35:11,313.0,11.0,315.0,33.0,312.0,44.0,316.25,12.0,314.0,2.0,55.0,45.0,0.2542046419706389,313.0,315.0,100,10.0,15.0,0.1,313.29,
07:35:12,313.0,10.0,316.0,20.0,312.0,40.0,320.0,10.0,314.5,3.0,50.0,30.0,0.2451938008993507,313.0,316.0,80,20.0,-20.0,0.25,315.0,3.0
07:35:16,313.12,16.0,321.0,30.0,312.0,16.0,322.0,6.0,317.06,7.8799999999999955,32.0,36.0,2.539117957086851,313.12,321.0,68,-4.0,-33.0,-0.06,317.5,6.0
07:35:17,312.0,24.0,321.0,30.0,310.0,12.0,322.0,6.0,316.5,9.0,36.0,36.0,1.9274646559667576,312.0,321.0,72,0.0,4.0,0.0,317.5,
07:35:18,312.0,24.0,321.0,30.0,310.0,12.0,322.0,6.0,316.5,9.0,36.0,36.0,2.10112350898299,312.0,321.0,72,0.0,0.0,0.0,317.5,
07:35:19,312.0,40.0,320.15,20.0,310.0,20.0,321.29,14.0,316.07,8.149999999999977,60.0,34.0,1.8088062361681416,312.0,320.15,94,26.0,22.0,0.28,317.5,
07:35:20,312.0,52.0,317.46,13.0,310.0,26.0,319.0,13.0,314.73,5.45999999999998,78.0,26.0,0.8794145780009076,312.0,317.46,104,52.0,10.0,0.5,317.5,
07:35:21,312.84,76.0,315.95,19.0,311.68,38.0,316.45,31.0,314.39,3.1100000000000136,114.0,50.0,1.0068117996926738,312.84,315.95,164,64.0,60.0,0.39,317.5,
07:35:22,313.0,35.0,314.26,27.0,312.0,44.0,322.18,39.0,313.63,1.259999999999991,79.0,66.0,1.1933482308196062,313.0,314.26,145,13.0,-19.0,0.09,313.0,7.0
07:35:23,313.0,10.0,314.2,10.0,312.0,40.0,322.83,30.0,313.6,1.1999999999999886,50.0,40.0,1.011869556810627,313.0,314.2,90,10.0,-55.0,0.11,313.0,1.0
07:35:24,312.0,24.0,313.33,6.0,310.0,12.0,323.6,15.0,312.67,1.329999999999984,36.0,21.0,0.7997999749937538,312.0,313.33,57,15.0,-33.0,0.26,313.0,
07:35:25,310.57,14.0,321.33,24.0,303.48,23.0,323.67,36.0,315.95,10.759999999999993,37.0,60.0,1.2256508475092165,310.57,321.33,97,-23.0,40.0,-0.24,312.0,4.0
07:35:26,310.5,20.0,322.2,40.0,304.0,25.0,323.2,40.0,316.35,11.699999999999989,45.0,80.0,1.6142180769648808,310.5,322.2,125,-35.0,28.0,-0.28,312.0,
07:35:27,311.44,32.0,321.69,64.0,310.0,32.0,322.69,64.0,316.56,10.25,64.0,128.0,1.7708839600607242,311.44,321.69,192,-64.0,67.0,-0.33,312.0,
07:35:30,312.0,56.0,319.86,28.0,310.0,28.0,321.06,32.0,315.93,7.860000000000014,84.0,60.0,0.4221966366526377,312.0,319.86,144,24.0,-20.0,0.17,312.0,
07:35:33,312.0,21.0,326.0,30.0,310.0,12.0,328.0,34.0,319.0,14.0,33.0,64.0,2.144241124500946,312.0,326.0,97,-31.0,-51.0,-0.32,312.0,
07:35:34,312.17,48.0,326.0,50.0,310.77,26.0,328.0,50.0,319.08,13.829999999999984,74.0,100.0,2.190212318475357,312.17,326.0,174,-26.0,77.0,-0.15,312.0,
07:35:35,312.19,64.0,325.66,53.0,310.73,41.0,327.57,93.0,318.92,13.470000000000027,105.0,146.0,1.8944840986404032,312.19,325.66,251,-41.0,77.0,-0.16,312.8,5.0
07:35:36,312.77,52.0,322.83,36.0,311.43,56.0,326.44,63.0,317.8,10.060000000000002,108.0,99.0,0.9042676594910488,312.77,322.83,207,9.0,-44.0,0.04,312.8,
07:35:44,310.34,59.0,321.47,45.0,309.48,81.0,324.0,55.0,315.9,11.130000000000052,140.0,100.0,2.4375971775504093,310.34,321.47,240,40.0,173.5,0.17,311.0,4.0
07:35:45,311.14,28.0,319.72,54.0,309.9,118.0,324.0,90.0,315.43,8.580000000000041,146.0,144.0,2.911992445045404,311.14,319.72,290,2.0,50.0,0.01,311.0,2.0
07:35:46,310.0,108.0,315.88,60.0,304.67,108.0,318.89,84.0,312.94,5.879999999999996,216.0,144.0,3.5974685544144416,310.0,315.88,360,72.0,70.0,0.2,311.0,
07:35:47,310.0,78.0,313.25,57.0,303.0,156.0,319.03,68.0,311.62,3.25,234.0,125.0,3.073063617955162,310.0,313.25,359,109.0,-1.0,0.3,312.0,3.0
07:35:48,310.0,84.0,312.54,61.0,304.9,58.0,322.0,84.0,311.27,2.5400000000000205,142.0,145.0,2.1379125332900686,310.0,312.54,287,-3.0,-72.0,-0.01,313.0,1.0
07:35:49,310.12,75.0,312.0,56.0,308.9,40.0,322.0,79.0,311.06,1.8799999999999957,115.0,135.0,1.8119685427728176,310.12,312.0,250,-20.0,-37.0,-0.08,313.0,
07:35:50,309.71,77.0,316.38,29.0,307.94,47.0,323.86,56.0,313.05,6.670000000000016,124.0,85.0,0.9415784619446136,309.71,316.38,209,39.0,-41.0,0.19,310.75,4.0
07:35:51,310.67,168.0,318.65,17.0,309.73,89.0,323.46,50.0,314.66,7.979999999999961,257.0,67.0,1.5155757981698632,310.67,318.65,324,190.0,115.0,0.59,311.0,4.0
07:35:52,312.98,86.0,316.5,14.0,310.32,50.0,322.0,14.0,314.74,3.519999999999982,136.0,28.0,1.7700649705585898,312.98,316.5,164,108.0,-160.0,0.66,311.0,
07:36:03,313.18,197.0,322.17,58.0,311.73,165.0,324.62,64.0,317.68,8.990000000000009,362.0,122.0,0.7922878264884954,313.18,322.17,484,240.0,95.0,0.5,315.33,3.0
07:36:04,312.86,195.0,318.56,66.0,309.99,93.0,321.27,74.0,315.71,5.699999999999989,288.0,140.0,1.5672172791293333,312.86,318.56,428,148.0,-56.0,0.35,315.33,
07:36:06,313.29,21.0,316.0,45.0,312.4,15.0,322.55,44.0,314.64,2.7099999999999795,36.0,89.0,1.9152467203994508,313.29,316.0,125,-53.0,-35.0,-0.42,315.0,1.0
07:36:07,312.25,16.0,321.03,37.0,311.02,86.0,323.68,28.0,316.64,8.779999999999973,102.0,65.0,1.159590444941912,312.25,321.03,167,37.0,42.0,0.22,313.0,2.0
07:36:08,312.0,16.0,317.88,32.0,311.0,160.0,319.09,35.0,314.94,5.879999999999996,176.0,67.0,0.7741898991851464,312.0,317.88,243,109.0,76.0,0.45,313.0,
07:36:09,311.02,169.0,315.73,30.0,310.42,132.0,316.73,30.0,313.38,4.710000000000036,301.0,60.0,1.1963193553562992,311.02,315.7300000000001,361,241.0,118.0,0.67,312.0,1.0
07:36:10,311.04,119.0,314.19,32.0,310.37,122.0,316.36,33.0,312.61,3.1499999999999773,241.0,65.0,1.5493934297007568,311.04,314.19,306,176.0,-55.0,0.58,312.0,1.0
07:36:11,311.17,114.0,316.0,28.0,310.18,102.0,320.0,42.0,313.58,4.829999999999984,216.0,70.0,1.587576769797228,311.17,316.0,286,146.0,-20.0,0.51,315.0,1.0
07:36:12,311.72,104.0,315.0,64.0,310.28,117.0,316.0,32.0,313.36,3.2799999999999727,221.0,96.0,0.8483395546593232,311.72,315.0,317,125.0,31.0,0.39,311.0,4.0
07:36:13,311.0,85.0,313.59,58.0,310.0,34.0,314.73,44.0,312.29,2.589999999999975,119.0,102.0,0.560562217777249,311.0,313.59,221,17.0,-96.0,0.08,311.0,
07:36:14,311.0,50.0,312.67,30.0,310.0,20.0,313.33,30.0,311.83,1.670000000000016,70.0,60.0,0.7309787958615535,311.0,312.67,130,10.0,-91.0,0.08,311.0,
07:36:15,311.0,48.0,312.0,24.0,310.0,24.0,313.46,39.0,311.5,1.0,72.0,63.0,0.9217212159862156,311.0,312.0,135,9.0,5.0,0.07,311.0,4.0
07:36:16,311.0,9.0,312.0,18.0,310.0,18.0,320.67,9.0,311.5,1.0,27.0,27.0,0.7772580009230763,311.0,312.0,54,0.0,-81.0,0.0,311.0,
07:36:17,311.0,5.0,312.0,10.0,310.0,10.0,322.0,20.0,311.5,1.0,15.0,30.0,0.3471743078034072,311.0,312.0,45,-15.0,-9.0,-0.33,311.0,
07:36:18,310.04,23.0,321.2,25.0,304.5,24.0,323.83,48.0,315.62,11.159999999999968,47.0,73.0,1.811270272488094,310.04,321.2,120,-26.0,75.0,-0.22,311.0,1.0
07:36:19,310.0,26.0,320.91,33.0,304.0,26.0,323.66,58.0,315.45,10.910000000000023,52.0,91.0,2.210877653783545,310.0,320.91,143,-39.0,23.0,-0.27,311.0,
07:36:20,310.0,28.0,318.29,42.0,304.0,28.0,322.0,53.0,314.14,8.29000000000002,56.0,95.0,2.0375033742302566,310.0,318.29,151,-39.0,8.0,-0.26,311.0,
07:36:21,310.0,28.0,315.25,24.0,302.27,15.0,317.89,38.0,312.62,5.25,43.0,62.0,1.7896312469332258,310.0,315.25,105,-19.0,-46.0,-0.18,311.0,
07:36:22,310.0,30.0,313.54,35.0,304.79,87.0,314.28,25.0,311.77,3.5400000000000205,117.0,60.0,1.70233662945958,310.0,313.54,177,57.0,72.0,0.32,311.0,
07:36:23,305.41,98.0,310.12,34.0,304.35,46.0,311.75,16.0,307.76,4.70999999999998,144.0,50.0,2.927946379290263,305.41,310.12,194,94.0,17.0,0.48,307.25,4.0
07:36:24,305.0,90.0,317.74,19.0,302.0,10.0,321.57,14.0,311.37,12.740000000000007,100.0,33.0,2.3609468439587054,305.0,317.74,133,67.0,-61.0,0.5,310.67,3.0
07:36:25,305.09,138.0,318.94,67.0,303.98,41.0,320.27,51.0,312.01,13.850000000000025,179.0,118.0,1.924559689902702,305.09,318.94,297,61.0,164.0,0.21,310.67,
07:36:26,306.67,60.0,308.73,45.0,304.93,135.0,310.0,75.0,307.7,2.0600000000000023,195.0,120.0,2.195625195701213,306.67,308.73,315,75.0,18.0,0.24,307.0,4.0
07:36:27,304.0,135.0,307.28,25.0,297.07,57.0,309.37,57.0,305.64,3.2799999999999727,192.0,82.0,2.699079472708716,304.0,307.28,274,110.0,-41.0,0.4,308.0,1.0
07:36:28,304.1,100.0,306.0,20.0,303.7,100.0,307.0,40.0,305.05,1.8999999999999773,200.0,60.0,3.208290822228772,304.1,306.0,260,140.0,-14.0,0.54,308.0,
07:36:29,303.23,66.0,307.85,13.0,302.76,34.0,313.95,41.0,305.54,4.6200000000000045,100.0,54.0,2.8808453620416667,303.23,307.85,154,46.0,-106.0,0.3,308.2,5.0
07:36:30,303.0,54.0,320.0,24.0,298.0,6.0,321.86,14.0,311.5,17.0,60.0,38.0,2.6686475975664044,303.0,320.0,98,22.0,-56.0,0.22,311.67,3.0
07:36:31,303.0,99.0,320.33,30.0,298.0,11.0,321.49,39.0,311.67,17.329999999999984,110.0,69.0,3.3900811199729604,303.0,320.33,179,41.0,81.0,0.23,307.0,1.0
07:36:32,310.32,139.0,317.24,17.0,302.78,113.0,320.48,69.0,313.78,6.920000000000016,252.0,86.0,3.953197440047395,310.32,317.24,338,166.0,159.0,0.49,307.0,
07:36:56,313.0,11.0,323.93,54.0,312.0,143.0,326.61,49.0,318.46,10.930000000000009,154.0,103.0,2.178125340745809,313.0,323.93,257,51.0,157.0,0.2,307.0,
07:36:57,313.0,10.0,322.43,23.0,312.0,130.0,324.41,49.0,317.72,9.430000000000009,140.0,72.0,1.7579732648704398,313.0,322.43,212,68.0,-45.0,0.32,307.0,
07:36:58,313.0,13.0,320.12,50.0,312.0,169.0,322.37,41.0,316.56,7.1200000000000045,182.0,91.0,1.1005089731571442,313.0,320.12,273,91.0,61.0,0.33,307.0,
07:36:59,312.09,79.0,316.73,48.0,311.62,147.0,318.16,57.0,314.41,4.640000000000043,226.0,105.0,1.947480423521376,312.09,316.73,331,121.0,58.0,0.37,312.2,5.0
07:37:00,312.0,81.0,314.26,27.0,311.0,63.0,315.83,36.0,313.13,2.259999999999991,144.0,63.0,2.2401406205857817,312.0,314.26,207,81.0,-124.0,0.39,312.2,
07:37:01,313.25,77.0,317.8,35.0,311.16,100.0,324.37,27.0,315.52,4.550000000000011,177.0,62.0,1.7925038354207778,313.25,317.8,239,115.0,32.0,0.48,312.86,7.0
07:37:21,312.46,39.0,330.0,52.0,311.0,84.0,331.0,39.0,321.23,17.54000000000002,123.0,91.0,3.5307789508831173,312.46,330.0,214,32.0,94.0,0.15,312.5,8.0
07:37:22,312.72,32.0,328.88,80.0,309.17,69.0,329.88,50.0,320.8,16.159999999999968,101.0,130.0,3.311333568216898,312.72,328.88,231,-29.0,17.0,-0.13,312.5,
07:37:29,311.0,13.0,317.39,57.0,310.0,65.0,318.55,47.0,314.19,6.389999999999986,78.0,104.0,3.3126016965521763,311.0,317.39,182,-26.0,58.0,-0.14,312.5,
07:37:30,311.92,12.0,316.45,44.0,310.0,60.0,317.23,52.0,314.19,4.529999999999973,72.0,96.0,3.416338683444466,311.92,316.45,168,-24.0,-14.0,-0.14,312.5,
07:37:31,310.77,39.0,315.15,39.0,307.36,99.0,317.0,75.0,312.96,4.379999999999996,138.0,114.0,3.1768270333774544,310.77,315.15,252,24.0,84.0,0.1,315.0,1.0
07:37:32,306.76,102.0,314.0,28.0,305.54,78.0,317.0,70.0,310.38,7.240000000000009,180.0,98.0,2.779235506393128,306.76,314.0,278,82.0,26.0,0.29,307.0,1.0
07:37:33,309.3,60.0,314.0,28.0,306.11,105.0,317.0,70.0,311.65,4.699999999999989,165.0,98.0,1.6575071643873294,309.3,314.0,263,67.0,-15.0,0.25,312.0,3.0
07:37:34,309.0,60.0,313.64,28.0,300.46,39.0,316.76,49.0,311.32,4.639999999999986,99.0,77.0,1.4897147377920674,309.0,313.64,176,22.0,-87.0,0.12,309.0,1.0
07:37:35,309.0,40.0,313.0,40.0,297.75,48.0,314.0,16.0,311.0,4.0,88.0,56.0,0.959645767976064,309.0,313.0,144,32.0,-32.0,0.22,309.0,
07:37:36,309.0,60.0,312.95,58.0,297.0,108.0,313.81,27.0,310.97,3.9499999999999886,168.0,85.0,0.4716248509080537,309.0,312.95,253,83.0,109.0,0.33,309.0,
07:37:37,305.28,87.0,311.32,41.0,296.95,111.0,312.64,67.0,308.3,6.0400000000000205,198.0,108.0,1.341294151181501,305.28,311.32,306,90.0,53.0,0.29,309.0,5.0
07:37:38,299.11,57.0,308.25,20.0,296.93,86.0,310.0,33.0,303.68,9.139999999999986,143.0,53.0,3.24195619957957,299.11,308.25,196,90.0,-110.0,0.46,309.0,1.0
07:37:39,301.06,32.0,306.56,18.0,297.92,26.0,308.12,34.0,303.81,5.5,58.0,52.0,3.6443751179031,301.06,306.56,110,6.0,-86.0,0.05,309.0,
07:37:40,303.32,19.0,305.26,19.0,301.0,57.0,307.0,57.0,304.29,1.9399999999999975,76.0,76.0,3.273873852180342,303.32,305.26,152,0.0,42.0,0.0,309.0,
07:37:41,302.41,17.0,306.06,17.0,300.33,27.0,308.33,36.0,304.24,3.649999999999977,44.0,53.0,1.938924959865409,302.41,306.06,97,-9.0,-55.0,-0.09,305.0,1.0
07:37:42,298.46,39.0,306.1,49.0,291.58,131.0,308.14,42.0,302.28,7.640000000000043,170.0,91.0,0.8155672872229031,298.46,306.1,261,79.0,164.0,0.3,305.0,
07:37:43,298.0,39.0,306.88,64.0,294.72,198.0,307.92,39.0,302.44,8.879999999999995,237.0,103.0,0.9799336712185882,298.0,306.88,340,134.0,79.0,0.39,305.0,4.0
07:37:44,295.97,71.0,307.0,42.0,294.1,186.0,308.0,36.0,301.49,11.029999999999973,257.0,78.0,1.2550179281538454,295.97,307.0,335,179.0,-5.0,0.53,305.0,
07:37:45,299.27,15.0,306.73,60.0,295.87,45.0,307.67,49.0,303.0,7.460000000000036,60.0,109.0,1.0209309477077062,299.2699999999999,306.7300000000001,169,-49.0,-166.0,-0.29,305.0,
07:37:46,300.69,16.0,306.17,52.0,299.56,16.0,307.17,52.0,303.43,5.480000000000018,32.0,104.0,0.738762478735373,300.69,306.17,136,-72.0,-33.0,-0.53,306.0,4.0
07:37:47,302.85,13.0,307.0,33.0,295.52,104.0,308.0,39.0,304.92,4.149999999999977,117.0,72.0,1.2697755707161684,302.85,307.0,189,45.0,53.0,0.24,307.0,1.0
07:37:48,302.14,7.0,307.0,14.0,296.86,112.0,308.0,21.0,304.57,4.860000000000014,119.0,35.0,1.3651629939270369,302.14,307.0,154,84.0,-35.0,0.55,307.0,
07:37:49,303.0,10.0,307.0,20.0,298.84,76.0,308.0,30.0,305.0,4.0,86.0,50.0,0.9119923245226864,303.0,307.0,136,36.0,-18.0,0.26,307.0,
07:37:50,303.0,5.0,307.0,10.0,294.47,68.0,308.0,15.0,305.0,4.0,73.0,25.0,0.6691262959924338,303.0,307.0,98,48.0,-38.0,0.49,307.0,
07:37:51,303.0,11.0,307.0,22.0,294.0,176.0,308.0,33.0,305.0,4.0,187.0,55.0,0.1866011789586938,303.0,307.0,242,132.0,144.0,0.55,307.0,
07:37:52,303.55,11.0,307.0,22.0,294.0,176.0,308.0,33.0,305.27,3.4499999999999886,187.0,55.0,0.251336427898575,303.55,307.0,242,132.0,0.0,0.55,307.0,
07:37:53,297.89,80.0,307.51,41.0,294.22,92.0,308.38,37.0,302.7,9.620000000000005,172.0,78.0,1.0652135935992173,297.89,307.51,250,94.0,8.0,0.38,306.0,3.0
07:37:54,293.02,233.0,304.88,34.0,292.63,104.0,307.38,39.0,298.95,11.860000000000014,337.0,73.0,2.6883135977760526,293.0199999999999,304.88,410,264.0,160.0,0.64,306.0,
07:37:55,294.94,17.0,304.78,27.0,293.0,272.0,307.33,48.0,299.86,9.839999999999977,289.0,75.0,2.890991179506904,294.94,304.78,364,214.0,-46.0,0.59,305.0,5.0
07:37:56,295.91,11.0,306.05,38.0,293.0,176.0,307.47,17.0,300.98,10.139999999999986,187.0,55.0,2.505088820777828,295.91,306.05,242,132.0,-122.0,0.55,305.0,
07:37:57,296.08,12.0,306.0,48.0,293.26,108.0,307.0,12.0,301.04,9.920000000000016,120.0,60.0,1.4108437191926737,296.08,306.0,180,60.0,-62.0,0.33,305.0,
07:37:58,298.27,15.0,306.0,60.0,292.12,204.0,307.0,15.0,302.13,7.730000000000018,219.0,75.0,1.2194957974447254,298.2699999999999,306.0,294,144.0,114.0,0.49,305.0,
07:37:59,299.93,15.0,305.78,45.0,292.6,240.0,306.33,30.0,302.86,5.849999999999966,255.0,75.0,1.155283514980657,299.93,305.78,330,180.0,36.0,0.55,305.33,3.0
07:38:00,301.59,17.0,306.0,51.0,293.29,272.0,307.0,17.0,303.79,4.410000000000025,289.0,68.0,1.203598770349496,301.59,306.0,357,221.0,27.0,0.62,305.33,
07:38:01,303.54,13.0,306.0,39.0,294.0,208.0,307.0,13.0,304.77,2.4599999999999795,221.0,52.0,1.4440810226533458,303.54,306.0,273,169.0,-84.0,0.62,305.33,
07:38:02,297.16,45.0,305.97,35.0,293.78,136.0,306.93,15.0,301.56,8.810000000000002,181.0,50.0,1.2849785990387743,297.16,305.97,231,131.0,-42.0,0.57,306.0,2.0
07:38:03,294.0,224.0,305.0,14.0,289.0,126.0,306.0,14.0,299.5,11.0,350.0,28.0,2.051226462384665,294.0,305.0,378,322.0,147.0,0.85,306.0,
07:38:04,292.81,170.0,304.2,15.0,290.41,170.0,306.0,15.0,298.51,11.389999999999986,340.0,30.0,2.6833430641619778,292.81,304.2,370,310.0,-8.0,0.84,306.0,
07:38:05,304.42,31.0,311.05,21.0,293.67,95.0,442.56,41.0,307.73,6.629999999999996,126.0,62.0,3.816821976459871,304.42,311.05,188,64.0,-174.5,0.34,307.6,10.0
07:38:06,305.07,14.0,310.46,70.0,288.67,58.0,314.62,13.0,307.76,5.389999999999986,72.0,83.0,4.458516569441863,305.07,310.46,155,-11.0,-33.0,-0.07,310.25,4.0
07:38:07,290.0,9.0,310.0,36.0,288.0,144.0,316.3,30.0,300.0,20.0,153.0,66.0,4.636555833804583,290.0,310.0,219,87.0,64.0,0.4,310.25,
07:38:08,291.59,37.0,310.0,48.0,287.65,190.0,315.67,36.0,300.8,18.410000000000025,227.0,84.0,4.444732837864112,291.59,310.0,311,143.0,92.0,0.46,310.25,
07:38:09,291.0,36.0,308.88,48.0,287.88,123.0,310.1,39.0,299.94,17.879999999999995,159.0,87.0,4.121028997712566,291.0,308.88,246,72.0,-65.0,0.29,310.25,
07:38:10,292.7,53.0,308.0,51.0,290.47,38.0,310.67,18.0,300.35,15.300000000000011,91.0,69.0,3.3659768270126653,292.7,308.0,160,22.0,-86.0,0.14,310.25,
07:38:11,293.07,87.0,308.0,84.0,291.44,122.0,312.0,48.0,300.53,14.930000000000009,209.0,132.0,0.361289357696511,293.07,308.0,341,77.0,173.5,0.23,310.25,
07:38:12,295.0,30.0,307.93,87.0,293.0,135.0,310.78,69.0,301.47,12.930000000000009,165.0,156.0,0.5697104527609451,295.0,307.93,321,9.0,-20.0,0.03,310.25,
07:38:13,296.3,33.0,307.12,16.0,292.29,136.0,308.55,65.0,301.71,10.819999999999991,169.0,81.0,0.7569676347012911,296.3,307.12,250,88.0,-71.0,0.35,307.33,3.0
07:38:14,297.45,22.0,310.73,11.0,291.16,171.0,311.73,44.0,304.09,13.28000000000003,193.0,55.0,1.4943225889968297,297.45,310.73,248,138.0,-2.0,0.56,308.8,5.0
07:38:15,298.0,24.0,311.0,12.0,293.71,72.0,312.0,48.0,304.5,13.0,96.0,60.0,1.73824624262133,298.0,311.0,156,36.0,-92.0,0.23,308.8,
07:38:16,299.5,32.0,310.13,46.0,293.38,128.0,311.92,52.0,304.82,10.629999999999995,160.0,98.0,1.6007716889013672,299.5,310.13,258,62.0,102.0,0.24,308.8,
07:38:17,300.47,30.0,309.47,60.0,293.0,295.0,311.33,60.0,304.97,9.0,325.0,120.0,1.33359289139865,300.47,309.47,445,205.0,173.5,0.46,308.8,
07:38:18,301.0,24.0,309.0,48.0,293.44,180.0,310.0,48.0,305.0,8.0,204.0,96.0,0.3829229687414608,301.0,309.0,300,108.0,-145.0,0.36,308.8,
07:38:19,304.72,81.0,308.31,67.0,295.64,122.0,310.0,76.0,306.51,3.589999999999975,203.0,143.0,0.7802884082122,304.72,308.31,346,60.0,46.0,0.17,307.0,3.0
07:38:20,304.57,92.0,308.41,37.0,294.93,82.0,310.74,38.0,306.49,3.840000000000032,174.0,75.0,0.8626528849953721,304.57,308.41,249,99.0,-97.0,0.4,305.67,3.0
07:38:21,294.0,44.0,310.73,26.0,293.0,88.0,312.69,39.0,302.37,16.730000000000018,132.0,65.0,1.6878151557532146,294.0,310.73,197,67.0,-52.0,0.34,309.0,5.0
07:38:22,296.65,162.0,310.23,26.0,294.16,100.0,311.81,31.0,303.44,13.58000000000004,262.0,57.0,1.8417030162297872,296.65,310.23,319,205.0,122.0,0.64,309.0,
07:38:23,298.42,249.0,356.4,60.0,297.07,162.0,415.2,30.0,327.41,57.97999999999996,411.0,90.0,10.319897286310338,298.42,356.4,501,321.0,173.5,0.64,308.67,9.0
07:38:24,308.33,223.0,448.0,52.0,300.97,117.0,456.13,46.0,378.16,139.67000000000002,340.0,98.0,32.176066105103864,308.33,448.0,438,242.0,-63.0,0.55,308.67,
07:38:25,312.04,200.0,447.31,52.0,309.75,64.0,502.0,52.0,379.67,135.26999999999998,264.0,104.0,38.48711667558423,312.04,447.31,368,160.0,-70.0,0.43,308.67,
07:38:26,313.0,56.0,412.67,36.0,312.0,144.0,432.0,36.0,362.83,99.67000000000002,200.0,72.0,33.59906650489042,313.0,412.67,272,128.0,-96.0,0.47,313.0,3.0
07:38:27,313.0,50.0,406.2,40.0,312.0,160.0,409.0,40.0,359.6,93.2,210.0,80.0,21.066595121188072,313.0,406.2,290,130.0,18.0,0.45,313.0,
07:38:30,313.19,32.0,356.0,32.0,312.09,106.0,361.09,33.0,334.59,42.81,138.0,65.0,11.483876523197807,313.19,356.0,203,73.0,-54.0,0.36,313.0,
07:38:32,313.1,93.0,349.56,36.0,312.17,174.0,350.27,30.0,331.33,36.45999999999998,267.0,66.0,12.47048034359694,313.1,349.56,333,201.0,173.5,0.6,316.0,1.0
07:38:36,313.0,48.0,323.33,18.0,312.0,120.0,325.2,15.0,318.17,10.329999999999984,168.0,33.0,5.974314186583634,313.0,323.33,201,135.0,-103.0,0.67,316.0,
07:38:37,313.0,64.0,323.0,32.0,312.0,160.0,324.0,16.0,318.0,10.0,224.0,48.0,5.745702742050886,313.0,323.0,272,176.0,71.0,0.65,316.0,
07:38:38,313.0,60.0,320.94,35.0,312.0,200.0,322.23,35.0,316.97,7.939999999999998,260.0,70.0,3.297221557615924,313.0,320.94,330,190.0,58.0,0.58,313.0,4.0
07:38:39,313.0,34.0,317.43,42.0,312.0,260.0,318.9,49.0,315.21,4.430000000000007,294.0,91.0,2.3828197581866704,313.0,317.43,385,203.0,55.0,0.53,313.0,2.0
07:38:40,312.05,176.0,313.87,46.0,311.47,170.0,316.69,39.0,312.96,1.8199999999999927,346.0,85.0,2.1893081098836955,312.05,313.87,431,261.0,46.0,0.61,312.33,6.0
07:38:41,312.0,113.0,314.57,28.0,311.0,100.0,433.23,26.0,313.29,2.569999999999993,213.0,54.0,2.213691487086946,312.0,314.57,267,159.0,-164.0,0.6,312.27,11.0
07:38:42,313.08,25.0,324.0,10.0,311.55,44.0,625.0,25.0,318.54,10.920000000000016,69.0,35.0,2.385692771502941,313.08,324.0,104,34.0,-163.0,0.33,312.27,
07:38:43,313.38,26.0,324.0,12.0,311.62,52.0,682.5,30.0,318.69,10.620000000000005,78.0,42.0,2.763796302190484,313.38,324.0,120,36.0,16.0,0.3,314.25,4.0
07:38:44,312.0,56.0,322.29,28.0,311.0,80.0,408.0,18.0,317.14,10.29000000000002,136.0,46.0,2.8060702058220603,312.0,322.29,182,90.0,62.0,0.49,314.25,
07:38:45,312.0,35.0,320.0,25.0,311.0,50.0,321.0,10.0,316.0,8.0,85.0,35.0,2.216544608168977,312.0,320.0,120,50.0,-62.0,0.42,314.25,
07:38:47,313.0,7.0,317.0,16.0,311.64,55.0,318.2,15.0,315.0,4.0,62.0,31.0,1.3724612927157165,313.0,317.0,93,31.0,-90.0,0.33,314.25,
07:38:48,313.0,5.0,316.0,15.0,311.0,50.0,318.0,10.0,314.5,3.0,55.0,25.0,1.107167557328984,313.0,316.0,80,30.0,-13.0,0.38,314.25,
07:38:49,312.3,23.0,314.55,22.0,311.5,80.0,327.42,19.0,313.42,2.25,103.0,41.0,1.2713850714873651,312.3,314.55,144,62.0,64.0,0.43,313.0,1.0
07:38:50,312.0,62.0,325.22,18.0,311.0,100.0,551.94,17.0,318.61,13.220000000000027,162.0,35.0,2.0322032378680954,312.0,325.22,197,127.0,53.0,0.64,312.0,4.0
07:38:51,311.12,259.0,419.69,26.0,310.66,208.0,511.07,27.0,365.41,108.57,467.0,53.0,22.4577040233416,311.12,419.69,520,414.0,173.5,0.8,312.0,4.0
07:38:52,311.0,470.0,397.53,38.0,309.0,75.0,442.93,30.0,354.26,86.52999999999997,545.0,68.0,24.671877715326477,311.0,397.53,613,477.0,93.0,0.78,311.0,4.0
07:38:53,312.01,178.0,414.52,33.0,310.66,206.0,421.93,43.0,363.26,102.51,384.0,76.0,25.04651412871729,312.01,414.52,460,308.0,-153.0,0.67,315.0,3.0
07:38:57,311.06,242.0,326.36,33.0,310.74,204.0,329.0,21.0,318.71,15.300000000000011,446.0,54.0,19.49877047405931,311.06,326.36,500,392.0,173.5,0.78,315.2,5.0
07:38:58,313.0,22.0,324.91,33.0,311.0,363.0,327.0,22.0,318.95,11.910000000000023,385.0,55.0,22.67880993350481,313.0,324.91,440,330.0,-60.0,0.75,315.2,
07:38:59,311.92,104.0,322.81,32.0,310.93,271.0,324.52,23.0,317.37,10.889999999999986,375.0,55.0,21.26430624309254,311.92,322.81,430,320.0,-10.0,0.74,312.5,4.0
07:39:00,313.0,50.0,322.0,15.0,311.0,105.0,323.0,10.0,317.5,9.0,155.0,25.0,13.621331799791516,313.0,322.0,180,130.0,-174.5,0.72,312.5,
07:39:01,313.0,67.0,321.29,34.0,311.0,236.0,322.33,36.0,317.15,8.29000000000002,303.0,70.0,0.8299879517214332,313.0,321.29,373,233.0,173.5,0.62,313.0,7.0
07:39:02,313.0,10.0,319.2,15.0,311.0,120.0,321.65,17.0,316.1,6.199999999999989,130.0,32.0,1.020406781632715,313.0,319.2,162,98.0,-174.5,0.6,313.0,2.0
07:39:03,311.01,214.0,316.93,42.0,309.53,75.0,318.12,51.0,313.97,5.920000000000016,289.0,93.0,1.4753541947616238,311.01,316.93,382,196.0,173.5,0.51,311.0,1.0
07:39:04,311.0,266.0,438.72,39.0,309.0,74.0,439.06,33.0,374.86,127.72000000000004,340.0,72.0,26.27854505104907,311.0,438.72,412,268.0,30.0,0.65,313.1,10.0
07:39:05,313.29,84.0,362.0,6.0,310.66,82.0,379.5,12.0,337.64,48.70999999999998,166.0,18.0,25.82240751750349,313.29,362.0,184,148.0,-174.5,0.8,311.0,2.0
07:39:12,313.0,40.0,404.08,26.0,311.0,180.0,441.0,13.0,358.54,91.07999999999998,220.0,39.0,18.094642300968943,313.0,404.08,259,181.0,104.0,0.7,311.0,
07:39:13,313.0,36.0,401.2,25.0,311.0,74.0,420.05,19.0,357.1,88.19999999999999,110.0,44.0,21.655671774387965,313.0,401.2,154,66.0,-105.0,0.43,311.0,
07:39:14,313.0,46.0,346.59,34.0,311.0,84.0,348.09,22.0,329.79,33.589999999999975,130.0,56.0,19.781810584474467,313.0,346.59,186,74.0,32.0,0.4,313.0,1.0
07:39:15,313.0,51.0,341.19,47.0,311.0,158.0,343.32,41.0,327.1,28.19,209.0,88.0,17.369415073629522,313.0,341.19,297,121.0,111.0,0.41,313.0,
07:39:16,313.0,36.0,328.9,29.0,311.0,120.0,338.0,31.0,320.95,15.899999999999975,156.0,60.0,17.75666156686071,313.0,328.9,216,96.0,-81.0,0.44,313.0,
07:39:17,313.0,42.0,326.55,29.0,311.0,140.0,328.05,41.0,319.78,13.550000000000011,182.0,70.0,15.20492781962544,313.0,326.55,252,112.0,36.0,0.44,313.0,
07:39:18,313.0,30.0,323.48,21.0,311.94,154.0,326.69,29.0,318.24,10.480000000000018,184.0,50.0,4.99986699823214,313.0,323.48,234,134.0,-18.0,0.57,313.0,
07:39:24,313.0,80.0,326.64,28.0,312.0,160.0,499.36,14.0,319.82,13.639999999999986,240.0,42.0,21.436495282578957,313.0,326.64,282,198.0,77.0,0.7,313.0,
07:39:25,313.0,104.0,324.63,30.0,312.0,208.0,325.44,36.0,318.82,11.629999999999995,312.0,66.0,14.394421488896931,313.0,324.63,378,246.0,96.0,0.65,313.0,
07:39:28,313.0,70.0,315.4,10.0,311.9,124.0,317.0,40.0,314.2,2.3999999999999773,194.0,50.0,2.3334695198360933,313.0,315.4,244,144.0,74.0,0.59,313.0,
07:39:29,312.76,50.0,314.17,18.0,310.79,47.0,327.7,23.0,313.46,1.410000000000025,97.0,41.0,2.1117007363740763,312.76,314.17,138,56.0,-106.0,0.41,313.0,7.0
07:39:30,311.0,36.0,440.3,23.0,309.0,50.0,437.5,18.0,375.65,129.3,86.0,41.0,27.188496648399205,311.0,440.3,127,45.0,-11.0,0.35,311.6,5.0
07:39:31,311.35,31.0,382.9,20.0,309.07,60.0,492.47,19.0,347.13,71.54999999999995,91.0,39.0,27.671463098289934,311.35,382.9,130,52.0,3.0,0.4,311.6,
07:39:32,313.29,62.0,355.2,25.0,311.96,114.0,482.8,35.0,334.25,41.90999999999997,176.0,60.0,25.874477192786443,313.29,355.2,236,116.0,106.0,0.49,311.6,
07:39:34,312.46,46.0,341.89,18.0,312.13,45.0,344.0,18.0,327.17,29.430000000000007,91.0,36.0,20.14553101807028,312.46,341.89,127,55.0,-77.0,0.43,313.4,5.0
07:39:35,312.26,95.0,339.5,20.0,311.88,80.0,342.5,20.0,325.88,27.24000000000001,175.0,40.0,8.752934936352547,312.26,339.5,215,135.0,88.0,0.63,313.4,
07:39:36,312.49,71.0,336.0,22.0,311.76,116.0,339.0,22.0,324.25,23.50999999999999,187.0,44.0,3.822181314382611,312.49,336.0,231,143.0,16.0,0.62,313.0,5.0
07:39:37,312.0,81.0,335.11,18.0,311.0,63.0,336.78,18.0,323.56,23.110000000000014,144.0,36.0,1.990434625907872,312.0,335.11,180,108.0,-51.0,0.6,313.0,
07:39:38,312.0,81.0,333.11,18.0,311.0,63.0,334.56,18.0,322.56,21.110000000000014,144.0,36.0,1.8421264886026731,312.0,333.11,180,108.0,0.0,0.6,313.0,
07:39:39,313.0,48.0,329.11,18.0,312.0,120.0,331.93,27.0,321.06,16.110000000000014,168.0,45.0,1.8069643051289244,313.0,329.11,213,123.0,33.0,0.58,313.0,2.0
07:39:40,313.0,24.0,329.87,15.0,312.0,112.0,422.84,19.0,321.43,16.870000000000005,136.0,34.0,1.358517574420327,313.0,329.87,170,102.0,-43.0,0.6,313.0,
07:39:41,313.0,27.0,330.89,18.0,312.0,126.0,457.26,19.0,321.94,17.889999999999986,153.0,37.0,0.9872689603184612,313.0,330.89,190,116.0,20.0,0.61,313.0,3.0
07:39:42,312.0,85.0,318.68,41.0,311.0,30.0,331.38,26.0,315.34,6.680000000000007,115.0,67.0,2.9204246266607035,312.0,318.68,182,48.0,-8.0,0.26,312.0,5.0
07:39:43,312.0,64.0,327.42,31.0,311.0,65.0,422.14,29.0,319.71,15.420000000000016,129.0,60.0,2.677579130484399,312.0,327.42,189,69.0,7.0,0.37,312.0,
07:39:44,312.0,67.0,321.11,62.0,311.0,95.0,322.32,34.0,316.56,9.110000000000014,162.0,96.0,2.932648973198889,312.0,321.11,258,66.0,69.0,0.26,312.0,1.0
07:39:45,311.67,45.0,314.48,33.0,310.81,62.0,315.53,47.0,313.08,2.8100000000000023,107.0,80.0,3.5189458648866068,311.67,314.48,187,27.0,-71.0,0.14,312.0,3.0
07:39:46,311.0,46.0,312.38,32.0,310.0,56.0,314.35,34.0,311.69,1.3799999999999957,102.0,66.0,3.1222956298211155,311.0,312.38,168,36.0,-19.0,0.21,311.0,5.0
07:39:47,310.11,36.0,336.52,21.0,309.5,16.0,481.5,24.0,323.32,26.409999999999968,52.0,45.0,4.768665431753628,310.11,336.52,97,7.0,-71.0,0.07,311.0,2.0
07:39:48,311.0,8.0,411.0,24.0,310.0,32.0,569.8,20.0,361.0,100.0,40.0,44.0,20.550024330886124,311.0,411.0,84,-4.0,-13.0,-0.05,311.0,
07:39:49,309.95,19.0,341.0,30.0,306.89,19.0,492.05,22.0,325.47,31.05000000000001,38.0,52.0,20.000044249951397,309.95,341.0,90,-14.0,6.0,-0.16,310.2,5.0
07:39:50,309.0,12.0,359.0,36.0,305.0,120.0,492.83,24.0,334.0,50.0,132.0,60.0,18.516164019580795,309.0,359.0,192,72.0,102.0,0.38,310.2,
07:39:51,309.0,10.0,347.27,26.0,305.0,100.0,400.17,30.0,328.13,38.26999999999998,110.0,56.0,15.40732715301464,309.0,347.27000000000004,166,54.0,-26.0,0.33,310.2,
07:39:52,309.0,7.0,324.0,21.0,305.0,70.0,358.64,22.0,316.5,15.0,77.0,43.0,16.86465090062705,309.0,324.0,120,34.0,-46.0,0.28,310.2,
07:39:53,310.11,36.0,322.33,36.0,301.43,116.0,427.5,36.0,316.22,12.21999999999997,152.0,72.0,7.680750614361282,310.11,322.33,224,80.0,104.0,0.36,309.0,1.0
07:39:54,313.0,39.0,322.0,39.0,305.0,132.0,410.82,44.0,317.5,9.0,171.0,83.0,8.129895448282806,313.0,322.0,254,88.0,30.0,0.35,313.0,1.0
07:39:55,313.0,33.0,321.83,36.0,305.1,62.0,384.32,40.0,317.42,8.829999999999984,95.0,76.0,5.048839470611632,313.0,321.83,171,19.0,-83.0,0.11,313.0,1.0
07:39:56,304.22,51.0,321.0,30.0,217.0,35.0,474.46,35.0,312.61,16.779999999999973,86.0,65.0,2.002773077511001,304.22,321.0,151,21.0,-20.0,0.14,312.33,3.0
07:39:57,311.75,80.0,321.0,24.0,280.43,70.0,400.4,20.0,316.38,9.25,150.0,44.0,1.9967423469248264,311.75,321.0,194,106.0,43.0,0.55,312.33,
07:40:06,312.5,32.0,348.9,40.0,310.86,14.0,414.0,20.0,330.7,36.39999999999998,46.0,60.0,56.18577907264492,312.5,348.9,106,-14.0,-25.0,-0.13,314.0,4.0
07:40:07,312.0,33.0,348.0,44.0,310.0,11.0,352.0,44.0,330.0,36.0,44.0,88.0,42.39560083310575,312.0,348.0,132,-44.0,26.0,-0.33,314.0,
07:40:08,312.0,24.0,346.75,32.0,310.0,8.0,352.0,32.0,329.38,34.75,32.0,64.0,3.402895825618831,312.0,346.75,96,-32.0,-36.0,-0.33,314.0,
07:40:09,312.0,17.0,346.0,24.0,310.0,6.0,352.0,24.0,329.0,34.0,23.0,48.0,1.3295487956490544,312.0,346.0,71,-25.0,-25.0,-0.35,312.0,1.0
07:40:10,312.0,14.0,346.0,28.0,310.0,7.0,352.0,28.0,329.0,34.0,21.0,56.0,0.7309445943510634,312.0,346.0,77,-35.0,6.0,-0.45,312.0,
07:40:11,309.78,23.0,344.2,40.0,306.5,10.0,361.05,38.0,326.99,34.420000000000016,33.0,78.0,1.129725630412158,309.78,344.2,111,-45.0,34.0,-0.41,310.4,5.0
07:40:20,312.0,80.0,328.58,31.0,309.75,32.0,331.11,27.0,320.29,16.579999999999984,112.0,58.0,2.9140435823784285,312.0,328.58,170,54.0,38.0,0.32,310.4,
07:40:21,312.0,84.0,325.0,24.0,311.0,43.0,325.52,31.0,318.5,13.0,127.0,55.0,3.264403467710487,312.0,325.0,182,72.0,12.0,0.4,312.0,1.0
07:40:23,312.54,52.0,317.53,19.0,311.18,44.0,318.9,21.0,315.03,4.989999999999952,96.0,40.0,3.3034103590074646,312.54,317.53,136,56.0,16.0,0.41,319.0,2.0
07:40:24,311.26,61.0,312.73,37.0,309.57,42.0,314.24,34.0,312.0,1.4700000000000273,103.0,71.0,3.2832864632856507,311.26,312.73,174,32.0,38.0,0.18,311.67,6.0
07:40:25,310.2,35.0,313.0,30.0,306.17,53.0,318.27,30.0,311.6,2.800000000000012,88.0,60.0,3.2726823860546777,310.2,313.0,148,28.0,-26.0,0.19,311.8,5.0
07:40:26,309.0,26.0,314.25,16.0,305.0,78.0,320.95,44.0,311.62,5.25,104.0,60.0,2.888551540130589,309.0,314.25,164,44.0,16.0,0.27,311.8,
07:40:27,308.41,34.0,313.93,14.0,306.39,72.0,319.32,59.0,311.17,5.519999999999982,106.0,73.0,1.5629235425922186,308.41,313.93,179,33.0,15.0,0.18,309.0,2.0
07:40:28,307.0,52.0,309.19,27.0,305.0,55.0,313.27,11.0,308.09,2.1899999999999977,107.0,38.0,1.5958790680960913,307.0,309.19,145,69.0,-34.0,0.48,307.0,1.0
07:40:29,307.0,35.0,308.0,45.0,305.0,50.0,319.0,12.0,307.5,1.0,85.0,57.0,2.0280113411877245,307.0,308.0,142,28.0,-3.0,0.2,307.0,1.0
07:40:30,309.56,25.0,323.33,30.0,305.8,30.0,340.23,13.0,316.45,13.769999999999982,55.0,43.0,3.5646921325673007,309.56,323.33,98,12.0,-44.0,0.12,308.0,5.0
07:40:31,311.0,44.0,320.71,21.0,308.09,33.0,474.1,20.0,315.86,9.70999999999998,77.0,41.0,4.205832854499603,311.0,320.71,118,36.0,20.0,0.31,308.0,
07:40:32,311.0,36.0,313.0,27.0,309.0,27.0,358.93,27.0,312.0,2.0,63.0,54.0,4.190411674285533,311.0,313.0,117,9.0,-1.0,0.08,308.0,
07:40:33,311.0,32.0,313.0,24.0,308.38,26.0,320.0,32.0,312.0,2.0,58.0,56.0,3.6072454865159065,311.0,313.0,114,2.0,-3.0,0.02,308.0,
07:40:34,311.0,28.0,313.0,15.0,307.0,28.0,320.0,28.0,312.0,2.0,56.0,43.0,2.285327110063328,311.0,313.0,99,13.0,-15.0,0.13,313.0,1.0
07:40:35,311.0,28.0,312.43,14.0,307.55,22.0,317.2,20.0,311.71,1.4300000000000068,50.0,34.0,1.7631449174668854,311.0,312.43,84,16.0,-15.0,0.19,313.0,
07:40:36,311.0,40.0,312.0,20.0,309.0,20.0,313.0,20.0,311.5,1.0,60.0,40.0,0.2287356552623573,311.0,312.0,100,20.0,16.0,0.2,313.0,
07:40:37,311.0,28.0,312.62,13.0,309.0,14.0,318.82,22.0,311.81,1.6200000000000043,42.0,35.0,0.2110213259086775,311.0,312.62,77,7.0,-23.0,0.09,312.0,2.0
07:40:38,311.0,32.0,312.9,20.0,309.0,22.0,320.5,40.0,311.95,1.8999999999999773,54.0,60.0,0.2003247363363905,311.0,312.9,114,-6.0,37.0,-0.05,311.0,2.0
07:40:39,312.67,24.0,315.57,14.0,310.43,14.0,324.0,28.0,314.12,2.8999999999999773,38.0,42.0,1.0758113217421827,312.67,315.57,80,-4.0,-34.0,-0.05,311.0,
07:40:41,313.17,24.0,314.94,49.0,311.33,24.0,316.0,24.0,314.05,1.7699999999999818,48.0,73.0,1.3100648838854194,313.17,314.94,121,-25.0,-3.0,-0.21,314.5,4.0
07:40:42,311.18,22.0,316.43,23.0,307.32,44.0,321.9,42.0,313.81,5.25,66.0,65.0,1.0140364884904864,311.18,316.43,131,1.0,10.0,0.01,313.0,2.0
07:40:43,309.67,12.0,317.0,12.0,306.4,10.0,321.0,24.0,313.33,7.329999999999984,22.0,36.0,0.4505885040593041,309.67,317.0,58,-14.0,-73.0,-0.24,310.67,3.0
07:40:44,306.38,21.0,316.4,15.0,303.71,34.0,319.67,30.0,311.39,10.019999999999982,55.0,45.0,1.2224238217532672,306.38,316.4,100,10.0,42.0,0.1,307.0,2.0
07:40:45,305.0,24.0,314.25,20.0,302.86,44.0,316.33,15.0,309.62,9.25,68.0,35.0,1.8918245161718603,305.0,314.25,103,33.0,3.0,0.32,312.0,1.0
07:40:46,304.0,36.0,310.14,29.0,302.0,64.0,313.11,28.0,307.07,6.139999999999986,100.0,57.0,2.775640466628828,304.0,310.14,157,43.0,54.0,0.27,312.0,
07:40:47,304.0,15.0,306.0,10.0,302.0,30.0,308.0,25.0,305.0,2.0,45.0,35.0,3.323126539869602,304.0,306.0,80,10.0,-77.0,0.12,312.0,
07:40:48,304.0,30.0,305.48,23.0,302.0,60.0,307.58,38.0,304.74,1.4800000000000182,90.0,61.0,2.9007981660198143,304.0,305.48,151,29.0,71.0,0.19,305.25,4.0
07:40:49,304.0,27.0,306.0,9.0,302.0,54.0,308.0,45.0,305.0,2.0,81.0,54.0,2.0873380176632965,304.0,306.0,135,27.0,-16.0,0.2,305.25,
07:40:50,302.68,73.0,306.0,13.0,263.38,29.0,308.0,80.0,304.34,3.319999999999993,102.0,93.0,1.06343782139875,302.68,306.0,195,9.0,60.0,0.05,305.25,
07:40:51,304.0,50.0,306.0,10.0,300.0,10.0,308.0,100.0,305.0,2.0,60.0,110.0,0.2889290570033204,304.0,306.0,170,-50.0,-25.0,-0.29,305.25,
07:40:52,304.03,62.0,307.94,107.0,299.91,58.0,311.14,63.0,305.99,3.910000000000025,120.0,170.0,0.6087528233865179,304.03,307.94,290,-50.0,120.0,-0.17,307.33,3.0
07:40:53,302.0,45.0,307.48,46.0,297.0,9.0,309.4,47.0,304.74,5.480000000000018,54.0,93.0,0.6087528233865179,302.0,307.48,147,-39.0,-143.0,-0.27,307.33,
07:40:54,301.0,60.0,305.43,28.0,295.25,40.0,307.14,56.0,303.21,4.430000000000007,100.0,84.0,1.011894263241315,301.0,305.43,184,16.0,37.0,0.09,305.0,2.0
07:40:55,301.0,45.0,306.0,27.0,297.0,27.0,308.0,72.0,303.5,5.0,72.0,99.0,1.1391970856618665,301.0,306.0,171,-27.0,-13.0,-0.16,305.0,
07:40:56,301.0,50.0,305.8,30.0,297.75,20.0,308.0,80.0,303.4,4.800000000000011,70.0,110.0,1.1832877925425167,301.0,305.8,180,-40.0,9.0,-0.22,305.0,
07:40:57,301.0,55.0,305.0,33.0,300.0,11.0,308.0,88.0,303.0,4.0,66.0,121.0,0.6813956266218925,301.0,305.0,187,-55.0,7.0,-0.29,305.0,
07:40:58,301.0,75.0,311.4,52.0,300.0,15.0,310.67,60.0,306.2,10.399999999999975,90.0,112.0,1.3208784955399122,301.0,311.4,202,-22.0,15.0,-0.11,307.75,12.0
07:40:59,303.63,95.0,313.59,27.0,302.52,103.0,314.33,49.0,308.61,9.95999999999998,198.0,76.0,2.411704791217419,303.63,313.5899999999999,274,122.0,72.0,0.45,307.75,
07:41:00,307.37,175.0,310.74,27.0,305.18,110.0,313.02,49.0,309.06,3.3700000000000045,285.0,76.0,2.826708333023108,307.37,310.74,361,209.0,87.0,0.58,307.75,
07:41:01,308.2,175.0,309.88,51.0,307.0,140.0,314.86,73.0,309.04,1.6800000000000068,315.0,124.0,2.620671669626602,308.2,309.88,439,191.0,78.0,0.44,309.0,1.0
07:41:02,309.31,52.0,315.27,73.0,308.0,170.0,317.52,63.0,312.29,5.95999999999998,222.0,136.0,2.168720821126027,309.31,315.27,358,86.0,-81.0,0.24,309.0,3.0
07:41:03,311.12,97.0,316.93,111.0,310.45,94.0,318.26,69.0,314.03,5.810000000000002,191.0,180.0,2.417959883866407,311.12,316.93,371,11.0,13.0,0.03,313.0,1.0
07:41:04,312.64,28.0,314.86,56.0,311.0,152.0,318.22,49.0,313.75,2.2200000000000277,180.0,105.0,2.4496387488747,312.64,314.86,285,75.0,-86.0,0.26,313.0,
07:41:05,313.0,16.0,314.0,32.0,311.0,128.0,320.0,36.0,313.5,1.0,144.0,68.0,2.056494590313664,313.0,314.0,212,76.0,-73.0,0.36,313.0,
07:41:06,312.0,32.0,316.52,50.0,310.82,88.0,321.19,74.0,314.26,4.519999999999982,120.0,124.0,0.7686546688796506,312.0,316.52,244,-4.0,32.0,-0.02,313.0,2.0
07:41:07,311.0,80.0,320.65,62.0,309.0,40.0,322.58,24.0,315.82,9.649999999999975,120.0,86.0,0.9115207073847678,311.0,320.65,206,34.0,-38.0,0.17,313.0,
07:41:08,311.05,74.0,317.38,32.0,309.43,56.0,319.28,58.0,314.21,6.329999999999984,130.0,90.0,0.9030891428819529,311.05,317.38,220,40.0,14.0,0.18,311.0,2.0
07:41:09,313.19,32.0,317.0,32.0,311.0,96.0,320.0,16.0,315.09,3.8100000000000014,128.0,48.0,0.8948910548170278,313.19,317.0,176,80.0,-44.0,0.45,311.0,
07:41:10,312.91,22.0,317.0,18.0,311.33,54.0,320.0,9.0,314.95,4.089999999999975,76.0,27.0,0.6642514584040035,312.91,317.0,103,49.0,-73.0,0.48,312.8,5.0
07:41:11,312.0,36.0,316.75,32.0,311.0,72.0,320.0,12.0,314.38,4.75,108.0,44.0,0.6385530518225316,312.0,316.75,152,64.0,49.0,0.42,312.8,
07:41:12,312.91,33.0,314.87,31.0,311.83,36.0,315.75,24.0,313.89,1.9599999999999795,69.0,55.0,0.5052524121579877,312.91,314.87,124,14.0,-28.0,0.11,313.0,2.0
07:41:13,313.0,14.0,315.0,40.0,311.33,63.0,320.0,14.0,314.0,2.0,77.0,54.0,0.5431114066114066,313.0,315.0,131,23.0,7.0,0.18,315.0,2.0
07:41:14,312.1,20.0,314.0,28.0,310.69,78.0,315.0,14.0,313.05,1.8999999999999773,98.0,42.0,0.6976603758212184,312.1,314.0,140,56.0,9.0,0.4,311.5,4.0
07:41:15,310.8,41.0,313.76,17.0,307.86,57.0,315.0,23.0,312.28,2.9599999999999795,98.0,40.0,0.8463746215420609,310.8,313.76,138,58.0,-2.0,0.42,311.0,3.0
07:41:16,309.0,40.0,323.0,10.0,296.0,50.0,325.0,10.0,316.0,14.0,90.0,20.0,1.3920596251564774,309.0,323.0,110,70.0,-28.0,0.64,311.0,
07:41:17,312.53,34.0,323.0,11.0,307.56,45.0,325.0,11.0,317.76,10.470000000000027,79.0,22.0,2.2410310127241733,312.53,323.0,101,57.0,-9.0,0.56,311.0,
07:41:18,309.57,42.0,323.0,11.0,301.38,26.0,325.0,11.0,316.29,13.430000000000009,68.0,22.0,2.3159080292602363,309.57,323.0,90,46.0,-11.0,0.51,313.0,3.0
07:41:19,312.14,28.0,323.0,13.0,307.47,38.0,325.56,18.0,317.57,10.860000000000014,66.0,31.0,2.206977571248292,312.14,323.0,97,35.0,7.0,0.36,313.0,
07:41:21,309.0,52.0,323.65,23.0,299.0,47.0,324.9,21.0,316.33,14.649999999999975,99.0,44.0,1.0382533409502797,309.0,323.65,143,55.0,11.0,0.38,313.0,
07:41:22,309.0,52.0,322.69,13.0,299.0,39.0,324.0,39.0,315.85,13.689999999999998,91.0,52.0,1.1851497795612107,309.0,322.69,143,39.0,0.0,0.27,313.0,
07:41:23,309.0,56.0,321.07,14.0,299.0,42.0,323.08,24.0,315.04,12.069999999999991,98.0,38.0,1.4605923455891778,309.0,321.07,136,60.0,-7.0,0.44,313.0,
07:41:24,309.0,48.0,318.67,36.0,299.17,35.0,320.0,12.0,313.83,9.670000000000016,83.0,48.0,1.8207608299809448,309.0,318.67,131,35.0,-5.0,0.27,313.0,
07:41:25,309.0,26.0,317.5,30.0,302.0,20.0,320.0,10.0,313.25,8.5,46.0,40.0,1.306369013713857,309.0,317.5,86,6.0,-45.0,0.07,309.0,2.0
07:41:26,309.0,30.0,316.95,41.0,302.0,30.0,319.71,21.0,312.98,7.949999999999989,60.0,62.0,1.2201844122881444,309.0,316.95,122,-2.0,36.0,-0.02,309.0,
07:41:27,309.0,34.0,314.79,34.0,300.46,41.0,316.29,31.0,311.9,5.7900000000000205,75.0,65.0,1.153624722338263,309.0,314.79,140,10.0,18.0,0.07,309.0,
07:41:28,300.99,85.0,313.03,35.0,298.83,47.0,318.5,40.0,307.01,12.039999999999964,132.0,75.0,2.764494528840326,300.99,313.03,207,57.0,67.0,0.28,312.4,5.0
07:41:29,300.8,35.0,314.4,15.0,299.97,101.0,320.19,27.0,307.6,13.599999999999966,136.0,42.0,3.0104600977237044,300.8,314.4,178,94.0,-29.0,0.53,312.0,1.0
07:41:30,306.94,34.0,318.0,15.0,301.31,70.0,320.67,66.0,312.47,11.060000000000002,104.0,81.0,2.8514505080724217,306.94,318.0,185,23.0,7.0,0.12,312.0,
07:41:33,312.0,44.0,319.54,26.0,310.0,22.0,320.62,64.0,315.77,7.54000000000002,66.0,90.0,3.924177620851285,312.0,319.54,156,-24.0,18.0,-0.15,312.0,
07:41:34,312.57,37.0,319.0,55.0,311.56,36.0,320.09,44.0,315.78,6.430000000000007,73.0,99.0,1.7735642080262517,312.57,319.0,172,-26.0,16.0,-0.15,312.0,
07:41:40,312.0,44.0,320.96,49.0,310.0,22.0,322.53,59.0,316.48,8.95999999999998,66.0,108.0,0.2298912786367686,312.0,320.96,174,-42.0,74.0,-0.24,312.0,
07:41:41,312.0,40.0,320.0,10.0,310.0,20.0,321.0,58.0,316.0,8.0,60.0,68.0,0.4333358974202415,312.0,320.0,128,-8.0,-46.0,-0.06,312.0,
07:41:42,313.0,60.0,320.0,15.0,312.0,60.0,321.0,67.0,316.5,7.0,120.0,82.0,0.3953226530226751,313.0,320.0,202,38.0,74.0,0.19,312.0,
07:41:45,312.81,32.0,320.54,26.0,312.35,31.0,321.88,32.0,316.68,7.730000000000018,63.0,58.0,1.158274578842854,312.81,320.54,121,5.0,-9.0,0.04,314.0,8.0
07:41:46,311.0,27.0,319.67,27.0,310.0,18.0,321.0,9.0,315.33,8.670000000000016,45.0,36.0,1.3503073724132049,311.0,319.67,81,9.0,-40.0,0.11,314.0,
07:41:47,311.0,39.0,318.49,43.0,310.0,26.0,321.53,19.0,314.74,7.490000000000009,65.0,62.0,1.707199461103788,311.0,318.49,127,3.0,46.0,0.02,314.0,
07:41:48,311.0,27.0,317.44,32.0,310.0,18.0,320.71,14.0,314.22,6.439999999999998,45.0,46.0,1.8679668091248989,311.0,317.44,91,-1.0,-36.0,-0.01,314.0,
07:41:49,311.0,36.0,314.83,36.0,310.0,24.0,319.66,29.0,312.92,3.829999999999984,60.0,65.0,1.3862972264240585,311.0,314.83,125,-5.0,34.0,-0.04,314.0,
07:41:50,311.0,27.0,312.67,27.0,310.0,18.0,314.33,27.0,311.83,1.670000000000016,45.0,54.0,1.4191441082533427,311.0,312.67,99,-9.0,-26.0,-0.09,314.0,
07:41:51,310.95,44.0,312.2,45.0,307.56,36.0,319.5,32.0,311.58,1.25,80.0,77.0,1.4045355104053232,310.95,312.2,157,3.0,58.0,0.02,311.0,3.0
07:41:52,310.27,11.0,312.0,27.0,299.82,66.0,321.0,18.0,311.14,1.7300000000000182,77.0,45.0,1.2398064365008536,310.27,312.0,122,32.0,-35.0,0.26,310.75,4.0
07:41:53,310.0,11.0,311.0,33.0,300.0,88.0,321.0,22.0,310.5,1.0,99.0,55.0,0.8968165921682864,310.0,311.0,154,44.0,32.0,0.29,310.75,
07:41:54,301.49,47.0,313.9,31.0,299.67,61.0,320.92,24.0,307.7,12.409999999999968,108.0,55.0,1.6712570119486752,301.49,313.9,163,53.0,9.0,0.33,310.0,1.0
07:41:55,300.0,128.0,305.29,65.0,298.5,48.0,307.39,57.0,302.65,5.2900000000000205,176.0,122.0,3.711115735191569,300.0,305.29,298,54.0,135.0,0.18,310.0,
07:41:56,300.0,80.0,303.77,43.0,297.67,18.0,308.67,24.0,301.88,3.769999999999982,98.0,67.0,4.323225647590599,300.0,303.77,165,31.0,-133.0,0.19,302.71,7.0
07:41:57,300.0,64.0,304.0,40.0,296.0,8.0,316.0,8.0,302.0,4.0,72.0,48.0,3.930086513040641,300.0,304.0,120,24.0,-45.0,0.2,302.71,
07:41:58,300.0,56.0,304.0,35.0,296.0,7.0,316.0,7.0,302.0,4.0,63.0,42.0,2.508202543652093,300.0,304.0,105,21.0,-15.0,0.2,302.71,
07:41:59,300.0,80.0,304.0,50.0,296.0,10.0,310.94,16.0,302.0,4.0,90.0,66.0,0.308512560493371,300.0,304.0,156,24.0,51.0,0.15,302.71,
07:42:00,300.0,56.0,304.0,35.0,296.0,7.0,307.0,21.0,302.0,4.0,63.0,56.0,0.0536656312932606,300.0,304.0,119,7.0,-37.0,0.06,302.71,
07:42:01,300.0,120.0,304.0,75.0,296.0,15.0,307.0,45.0,302.0,4.0,135.0,120.0,0.0,300.0,304.0,255,15.0,136.0,0.06,302.71,
07:42:02,300.82,44.0,308.11,35.0,299.22,97.0,311.75,24.0,304.47,7.29000000000002,141.0,59.0,1.1046175808769347,300.82,308.11,200,82.0,-55.0,0.41,305.12,8.0
07:42:03,301.0,48.0,311.44,54.0,297.98,83.0,313.84,25.0,306.22,10.439999999999998,131.0,79.0,1.9337838555492453,301.0,311.44,210,52.0,10.0,0.25,305.12,
07:42:04,301.86,42.0,309.93,41.0,297.28,97.0,311.31,29.0,305.89,8.069999999999993,139.0,70.0,2.0404729843796807,301.86,309.93,209,69.0,-1.0,0.33,307.0,1.0
07:42:05,301.63,35.0,310.0,40.0,296.97,74.0,312.0,26.0,305.81,8.370000000000005,109.0,66.0,1.7423461194561152,301.63,310.0,175,43.0,-34.0,0.25,307.0,
07:42:06,296.97,66.0,310.0,36.0,295.33,24.0,312.33,15.0,303.48,13.029999999999973,90.0,51.0,1.1593662061591865,296.97,310.0,141,39.0,-34.0,0.28,307.0,
07:42:07,296.57,28.0,310.0,56.0,294.28,64.0,313.0,14.0,303.29,13.430000000000009,92.0,70.0,1.4275748666825825,296.57,310.0,162,22.0,21.0,0.14,307.0,
07:42:08,297.0,22.0,307.55,49.0,295.0,22.0,309.83,30.0,302.28,10.550000000000011,44.0,79.0,1.6177607981352933,297.0,307.55,123,-35.0,-39.0,-0.28,307.0,
07:42:09,299.55,33.0,305.0,68.0,297.76,21.0,306.0,85.0,302.27,5.449999999999989,54.0,153.0,1.445209327392721,299.55,305.0,207,-99.0,84.0,-0.48,307.0,
07:42:10,300.08,26.0,305.0,43.0,299.0,13.0,306.0,65.0,302.54,4.920000000000016,39.0,108.0,0.573907658062273,300.08,305.0,147,-69.0,-60.0,-0.47,305.0,1.0
07:42:11,301.86,14.0,305.0,56.0,299.0,7.0,306.0,35.0,303.43,3.1399999999999864,21.0,91.0,0.5587217554225986,301.86,305.0,112,-70.0,-35.0,-0.62,305.0,
07:42:12,303.27,15.0,305.06,68.0,301.83,12.0,306.12,41.0,304.16,1.7900000000000205,27.0,109.0,0.8326043478043033,303.2699999999999,305.06,136,-82.0,24.0,-0.6,305.11,9.0
07:42:13,304.8,10.0,306.0,36.0,303.94,17.0,311.0,9.0,305.4,1.1999999999999886,27.0,45.0,1.271514844578311,304.8,306.0,72,-18.0,-64.0,-0.25,305.11,
07:42:14,295.43,53.0,305.86,56.0,289.94,70.0,307.1,29.0,300.65,10.430000000000009,123.0,85.0,1.7850854321244096,295.43,305.86,208,38.0,136.0,0.18,304.33,3.0
07:42:15,295.56,27.0,304.0,6.0,289.91,11.0,306.0,24.0,299.78,8.439999999999998,38.0,30.0,2.3812874668931543,295.56,304.0,68,8.0,-140.0,0.12,304.33,
07:42:16,290.0,20.0,307.02,46.0,289.0,10.0,308.2,10.0,298.51,17.019999999999982,30.0,56.0,2.9456153856166747,290.0,307.02,86,-26.0,18.0,-0.3,305.6,5.0
07:42:17,290.0,28.0,307.0,70.0,289.0,14.0,308.0,19.0,298.5,17.0,42.0,89.0,2.849907016023647,290.0,307.0,131,-47.0,45.0,-0.36,305.6,
07:42:18,290.0,18.0,307.0,47.0,289.0,9.0,308.0,9.0,298.5,17.0,27.0,56.0,0.9866965085474976,290.0,307.0,83,-29.0,-48.0,-0.35,307.0,1.0
07:42:19,298.12,258.0,307.0,85.0,297.07,165.0,308.0,32.0,302.56,8.879999999999995,423.0,117.0,1.760511289364574,298.12,307.0,540,306.0,173.5,0.57,307.0,
07:42:20,300.62,160.0,307.48,31.0,297.36,339.0,310.48,23.0,304.05,6.860000000000014,499.0,54.0,2.6822248227881222,300.62,307.48,553,445.0,13.0,0.8,307.0,5.0
07:42:21,303.56,160.0,308.0,16.0,290.69,134.0,311.0,46.0,305.78,4.439999999999998,294.0,62.0,3.287479277498458,303.56,308.0,356,232.0,-174.5,0.65,307.0,
07:42:22,299.76,92.0,305.38,61.0,289.96,104.0,307.59,27.0,302.57,5.6200000000000045,196.0,88.0,2.6918896708413573,299.76,305.38,284,108.0,-72.0,0.38,305.0,4.0
07:42:23,297.57,72.0,305.68,38.0,295.79,24.0,307.62,21.0,301.63,8.110000000000014,96.0,59.0,1.626397860298284,297.57,305.68,155,37.0,-129.0,0.24,305.0,
07:42:24,299.0,96.0,304.22,18.0,297.0,16.0,305.07,30.0,301.61,5.220000000000027,112.0,48.0,1.784858537807048,299.0,304.22,160,64.0,5.0,0.4,305.0,
07:42:25,299.6,45.0,307.27,15.0,298.83,46.0,309.62,26.0,303.43,7.669999999999959,91.0,41.0,1.7253347501231864,299.6,307.2699999999999,132,50.0,-28.0,0.38,305.25,4.0
07:42:26,303.28,47.0,311.0,32.0,299.91,66.0,315.38,48.0,307.14,7.720000000000027,113.0,80.0,2.2878767449281097,303.28,311.0,193,33.0,61.0,0.17,305.25,
07:42:27,306.67,86.0,311.0,32.0,305.38,26.0,316.0,48.0,308.84,4.329999999999984,112.0,80.0,3.299037738490377,306.67,311.0,192,32.0,-1.0,0.17,305.25,
07:42:28,309.6,40.0,313.42,31.0,307.11,76.0,317.02,49.0,311.51,3.819999999999993,116.0,80.0,4.010053615599826,309.6,313.42,196,36.0,4.0,0.18,311.0,2.0
07:42:35,313.27,44.0,315.81,43.0,311.42,71.0,318.55,55.0,314.54,2.5400000000000205,115.0,98.0,0.4293250516707744,313.27,315.81,213,17.0,36.0,0.08,314.33,3.0
07:42:36,311.6,40.0,314.71,14.0,309.93,45.0,318.57,35.0,313.16,3.109999999999957,85.0,49.0,1.0270345661134177,311.6,314.71,134,36.0,-79.0,0.27,313.0,4.0
07:42:37,311.22,90.0,313.13,30.0,310.08,65.0,319.73,75.0,312.18,1.909999999999968,155.0,105.0,1.4709452743019868,311.22,313.13,260,50.0,126.0,0.19,313.0,
07:42:38,312.76,42.0,321.9,73.0,311.1,51.0,323.24,85.0,317.33,9.139999999999986,93.0,158.0,2.011198647571035,312.76,321.9,251,-65.0,-9.0,-0.26,312.0,2.0
07:42:40,313.33,45.0,322.43,46.0,311.73,41.0,323.96,115.0,317.88,9.100000000000025,86.0,161.0,2.995551702106376,313.33,322.43,247,-75.0,43.0,-0.3,314.5,4.0
07:42:41,312.0,36.0,321.42,24.0,311.0,12.0,324.0,60.0,316.71,9.420000000000016,48.0,84.0,2.583201502011197,312.0,321.42,132,-36.0,-115.0,-0.27,314.5,
07:42:42,312.0,54.0,320.0,33.0,311.0,30.0,323.45,84.0,316.0,8.0,84.0,117.0,1.0844122832177088,312.0,320.0,201,-33.0,69.0,-0.16,314.5,
07:42:43,312.0,45.0,314.95,22.0,311.0,39.0,318.52,27.0,313.48,2.9499999999999886,84.0,49.0,2.0442480280027007,312.0,314.95,133,35.0,-68.0,0.26,314.5,
07:42:44,312.0,45.0,314.0,37.0,311.0,75.0,315.0,30.0,313.0,2.0,120.0,67.0,2.1018991412511325,312.0,314.0,187,53.0,54.0,0.28,314.5,
07:42:45,311.23,65.0,313.35,34.0,309.91,55.0,314.2,41.0,312.29,2.1200000000000045,120.0,75.0,1.9429693770081744,311.23,313.35,195,45.0,8.0,0.23,312.0,3.0
07:42:46,311.0,52.0,312.84,19.0,307.93,45.0,320.96,23.0,311.92,1.839999999999975,97.0,42.0,1.6069909769476003,311.0,312.84,139,55.0,-56.0,0.4,311.0,2.0
07:42:47,311.0,16.0,321.8,20.0,305.31,39.0,325.0,40.0,316.4,10.800000000000011,55.0,60.0,1.7739278452042582,311.0,321.8,115,-5.0,-24.0,-0.04,311.67,3.0
07:42:56,309.42,38.0,329.0,24.0,303.67,33.0,331.0,24.0,319.21,19.579999999999984,71.0,48.0,0.9605571300009856,309.42,329.0,119,23.0,21.0,0.19,315.0,6.0
07:42:57,306.0,44.0,329.0,22.0,302.0,44.0,330.73,22.0,317.5,23.0,88.0,44.0,1.444531065777094,306.0,329.0,132,44.0,13.0,0.33,315.0,
07:42:58,307.6,45.0,329.0,22.0,302.57,42.0,331.0,22.0,318.3,21.399999999999977,87.0,44.0,1.203557227552805,307.6,329.0,131,43.0,-1.0,0.33,306.0,1.0
07:42:59,312.0,72.0,329.0,24.0,306.0,36.0,331.0,24.0,320.5,17.0,108.0,48.0,1.203557227552805,312.0,329.0,156,60.0,25.0,0.38,306.0,
07:43:00,312.0,54.0,329.0,18.0,308.86,42.0,331.0,18.0,320.5,17.0,96.0,36.0,1.3304209860020644,312.0,329.0,132,60.0,-24.0,0.45,306.0,
07:43:01,312.0,18.0,329.0,18.0,311.0,72.0,331.0,18.0,320.5,17.0,90.0,36.0,1.4518953130287695,312.0,329.0,126,54.0,-6.0,0.43,312.0,4.0
07:43:02,312.81,54.0,329.0,32.0,311.35,62.0,331.0,32.0,320.91,16.189999999999998,116.0,64.0,1.0449019092697018,312.81,329.0,180,52.0,54.0,0.29,312.0,
07:43:03,312.53,15.0,327.38,16.0,311.07,60.0,330.56,18.0,319.95,14.850000000000025,75.0,34.0,0.3415699049913011,312.53,327.38,109,41.0,-71.0,0.38,312.8,5.0
07:43:04,312.32,25.0,318.33,12.0,310.77,78.0,329.55,22.0,315.33,6.009999999999991,103.0,34.0,2.321652428765966,312.32,318.33,137,69.0,28.0,0.5,314.0,2.0
07:43:07,313.15,26.0,330.0,28.0,311.38,91.0,331.35,46.0,321.58,16.850000000000023,117.0,74.0,3.00482445410638,313.15,330.0,191,43.0,61.0,0.23,313.5,2.0
07:43:08,312.0,26.0,330.0,18.0,311.0,72.0,331.0,45.0,321.0,18.0,98.0,63.0,3.00464973000113,312.0,330.0,161,35.0,-30.0,0.22,312.0,2.0
07:43:09,312.0,21.0,330.0,22.0,311.0,96.0,331.0,55.0,321.0,18.0,117.0,77.0,0.753843485079388,312.0,330.0,194,40.0,33.0,0.21,312.0,1.0
07:43:10,312.0,9.0,330.0,18.0,311.0,80.0,331.0,45.0,321.0,18.0,89.0,63.0,0.6559573156817636,312.0,330.0,152,26.0,-42.0,0.17,312.0,
07:43:11,312.0,9.0,330.0,18.0,311.0,225.0,331.0,45.0,321.0,18.0,234.0,63.0,0.2593838853826676,312.0,330.0,297,171.0,145.0,0.58,312.0,
07:43:12,312.0,9.0,330.9,39.0,311.0,225.0,331.58,24.0,321.45,18.899999999999977,234.0,63.0,0.2012461179655074,312.0,330.9,297,171.0,0.0,0.58,312.0,
07:43:13,311.38,68.0,328.56,80.0,310.99,304.0,330.05,59.0,319.97,17.180000000000007,372.0,139.0,0.5468363557738595,311.38,328.56,511,233.0,173.5,0.46,311.2,5.0
07:43:14,313.33,54.0,326.0,60.0,311.03,195.0,329.55,33.0,319.67,12.670000000000016,249.0,93.0,0.7587292007006597,313.33,326.0,342,156.0,-169.0,0.46,311.2,
07:43:15,312.0,24.0,325.75,48.0,311.0,252.0,327.78,36.0,318.88,13.75,276.0,84.0,1.0342291815625777,312.0,325.75,360,192.0,18.0,0.53,311.2,
07:43:16,312.3,20.0,324.0,18.0,311.03,151.0,329.89,18.0,318.15,11.699999999999989,171.0,36.0,1.2432135777875175,312.3,324.0,207,135.0,-153.0,0.65,311.2,
07:43:17,313.0,39.0,324.0,26.0,312.0,26.0,329.0,26.0,318.5,11.0,65.0,52.0,0.769889602472246,313.0,324.0,117,13.0,-90.0,0.11,311.2,
07:43:22,312.0,39.0,321.27,37.0,311.0,315.0,325.9,63.0,316.64,9.269999999999982,354.0,100.0,1.1490517829903375,312.0,321.27,454,254.0,173.5,0.56,315.0,2.0
07:43:23,312.0,35.0,322.43,28.0,311.0,135.0,324.67,36.0,317.21,10.430000000000009,170.0,64.0,0.8276291439969563,312.0,322.43,234,106.0,-174.5,0.45,315.0,
07:43:24,312.0,30.0,321.0,45.0,311.0,45.0,323.0,15.0,316.5,9.0,75.0,60.0,0.8100432087198242,312.0,321.0,135,15.0,-99.0,0.11,315.0,
07:43:25,312.0,24.0,317.17,30.0,311.0,36.0,319.06,18.0,314.58,5.170000000000016,60.0,48.0,1.1083771921114915,312.0,317.17,108,12.0,-27.0,0.11,315.0,
07:43:26,312.0,36.0,315.83,30.0,311.0,54.0,316.89,18.0,313.92,3.829999999999984,90.0,48.0,1.431956703253543,312.0,315.83,138,42.0,30.0,0.3,316.0,3.0
07:43:27,311.48,46.0,318.72,39.0,310.61,41.0,322.27,75.0,315.1,7.240000000000009,87.0,114.0,1.3619544779442967,311.48,318.72,201,-27.0,63.0,-0.13,314.0,1.0
07:43:28,311.0,30.0,321.0,50.0,309.0,10.0,326.0,50.0,316.0,10.0,40.0,100.0,1.044126429122627,311.0,321.0,140,-60.0,-61.0,-0.43,314.0,
07:43:29,311.47,34.0,320.41,61.0,310.6,30.0,322.79,70.0,315.94,8.939999999999998,64.0,131.0,0.8913585137262529,311.47,320.41,195,-67.0,55.0,-0.34,314.0,
07:43:30,312.74,38.0,319.64,111.0,311.0,57.0,322.84,95.0,316.19,6.899999999999977,95.0,206.0,0.9422844581083188,312.74,319.64,301,-111.0,106.0,-0.37,314.0,
07:43:31,313.0,24.0,318.92,48.0,311.0,36.0,324.0,60.0,315.96,5.920000000000016,60.0,108.0,0.4242876382747654,313.0,318.92,168,-48.0,-133.0,-0.29,314.0,
07:43:32,313.0,24.0,318.0,48.0,311.0,24.0,323.33,60.0,315.5,5.0,48.0,108.0,0.2538109532562445,313.0,318.0,156,-60.0,-12.0,-0.38,314.0,
07:43:35,306.41,59.0,322.45,80.0,305.18,44.0,325.63,87.0,314.43,16.039999999999964,103.0,167.0,0.6156053930827422,306.41,322.45,270,-64.0,126.0,-0.24,311.0,4.0
07:43:36,306.0,45.0,308.0,27.0,302.22,27.0,325.0,63.0,307.0,2.0,72.0,90.0,3.7664744788716544,306.0,308.0,162,-18.0,-108.0,-0.11,311.0,
07:43:37,306.0,40.0,308.0,24.0,302.0,24.0,325.0,40.0,307.0,2.0,64.0,64.0,4.565285314193464,306.0,308.0,128,0.0,-34.0,0.0,311.0,
07:43:38,306.0,35.0,317.44,27.0,302.0,21.0,325.86,35.0,311.72,11.439999999999998,56.0,62.0,4.011280344228013,306.0,317.44,118,-6.0,-10.0,-0.05,308.0,3.0
07:43:39,308.47,17.0,325.0,45.0,305.17,41.0,327.0,45.0,316.74,16.529999999999973,58.0,90.0,4.373684945213832,308.47,325.0,148,-32.0,30.0,-0.22,308.0,
07:43:40,308.23,104.0,325.0,55.0,304.87,47.0,327.0,55.0,316.62,16.769999999999982,151.0,110.0,4.8404834469286575,308.23,325.0,261,41.0,113.0,0.16,312.0,1.0
07:43:41,309.0,83.0,312.56,45.0,306.0,55.0,325.14,70.0,310.78,3.5600000000000023,138.0,115.0,4.1455663063073445,309.0,312.56,253,23.0,-8.0,0.09,309.0,1.0
07:43:42,309.0,51.0,310.89,27.0,306.0,45.0,321.53,57.0,309.94,1.8899999999999864,96.0,84.0,3.274690825099529,309.0,310.89,180,12.0,-73.0,0.07,309.0,1.0
07:43:43,306.75,55.0,310.33,36.0,303.09,100.0,314.24,63.0,308.54,3.579999999999984,155.0,99.0,3.877586878458115,306.75,310.33,254,56.0,74.0,0.22,309.0,5.0
07:43:44,305.0,25.0,309.71,14.0,302.0,56.0,313.0,28.0,307.36,4.70999999999998,81.0,42.0,3.586017289415809,305.0,309.71,123,39.0,-131.0,0.32,305.0,1.0
07:43:45,305.0,45.0,308.62,39.0,301.15,55.0,312.56,54.0,306.81,3.620000000000005,100.0,93.0,1.6775219819685216,305.0,308.62,193,7.0,70.0,0.04,305.0,
07:43:46,305.0,30.0,307.49,35.0,301.0,30.0,308.29,35.0,306.24,2.490000000000009,60.0,70.0,1.4775046531185363,305.0,307.49,130,-10.0,-63.0,-0.08,305.0,
07:43:47,305.0,16.0,307.43,28.0,301.0,24.0,310.22,36.0,306.21,2.430000000000007,40.0,64.0,0.9661625122029712,305.0,307.43,104,-24.0,-26.0,-0.23,305.0,2.0
07:43:48,305.0,7.0,308.0,35.0,301.0,21.0,311.5,16.0,306.5,3.0,28.0,51.0,0.4771058582600239,305.0,308.0,79,-23.0,-25.0,-0.29,305.0,
07:43:49,305.0,12.0,308.0,60.0,301.0,36.0,313.97,39.0,306.5,3.0,48.0,99.0,0.2430432060064459,305.0,308.0,147,-51.0,68.0,-0.35,305.0,
07:43:50,305.0,9.0,307.78,45.0,301.0,27.0,314.89,27.0,306.39,2.7799999999999727,36.0,72.0,0.1384557690593564,305.0,307.78,108,-36.0,-39.0,-0.33,305.0,
07:43:51,305.0,11.0,307.0,19.0,301.0,33.0,313.27,33.0,306.0,2.0,44.0,52.0,0.2145926373056106,305.0,307.0,96,-8.0,-12.0,-0.08,307.0,4.0
07:43:52,301.73,22.0,306.7,10.0,299.5,48.0,312.9,30.0,304.21,4.96999999999997,70.0,40.0,0.9777780934268584,301.73,306.7,110,30.0,14.0,0.27,305.0,1.0
07:43:53,301.0,42.0,306.62,16.0,299.0,84.0,312.06,54.0,303.81,5.6200000000000045,126.0,70.0,1.2740368911397384,301.0,306.62,196,56.0,86.0,0.29,305.0,1.0
07:43:54,302.36,44.0,309.26,23.0,299.4,60.0,312.96,53.0,305.81,6.899999999999977,104.0,76.0,1.1544176020768648,302.36,309.26,180,28.0,-16.0,0.16,310.14,7.0
07:43:55,307.71,38.0,312.0,24.0,299.82,51.0,317.0,60.0,309.86,4.2900000000000205,89.0,84.0,2.3935684656983525,307.71,312.0,173,5.0,-7.0,0.03,310.14,
07:43:56,311.0,33.0,312.0,22.0,306.07,45.0,317.0,55.0,311.5,1.0,78.0,77.0,3.4568294722167745,311.0,312.0,155,1.0,-18.0,0.01,310.14,
07:43:57,311.0,21.0,312.0,14.0,308.0,28.0,317.0,35.0,311.5,1.0,49.0,49.0,3.5029173555748674,311.0,312.0,98,0.0,-57.0,0.0,310.14,
07:43:58,308.64,22.0,312.0,12.0,303.29,21.0,317.0,30.0,310.32,3.3600000000000136,43.0,42.0,2.3438259321008914,308.64,312.0,85,1.0,-13.0,0.01,311.0,3.0
07:43:59,310.2,40.0,312.0,20.0,309.2,40.0,317.0,50.0,311.1,1.8000000000000114,80.0,70.0,0.7362608233427871,310.2,312.0,150,10.0,65.0,0.07,311.0,
07:44:00,311.0,19.0,312.0,13.0,310.0,28.0,317.0,35.0,311.5,1.0,47.0,48.0,0.5131081757189727,311.0,312.0,95,-1.0,-55.0,-0.01,311.25,4.0
07:44:01,310.0,12.0,312.0,4.0,308.0,16.0,317.0,20.0,311.0,2.0,28.0,24.0,0.4840247927426607,310.0,312.0,52,4.0,-43.0,0.08,310.5,2.0
07:44:02,310.0,42.0,312.0,6.0,308.0,24.0,317.0,30.0,311.0,2.0,66.0,36.0,0.4245939236370536,310.0,312.0,102,30.0,50.0,0.29,310.5,
07:44:03,310.0,65.0,312.0,9.0,308.0,36.0,317.0,45.0,311.0,2.0,101.0,54.0,0.2167948338627796,310.0,312.0,155,47.0,53.0,0.3,310.0,4.0
07:44:04,311.0,28.0,312.0,7.0,310.0,35.0,317.0,35.0,311.5,1.0,63.0,42.0,0.2738612787336628,311.0,312.0,105,21.0,-50.0,0.2,310.0,
07:44:05,311.0,40.0,312.0,10.0,310.0,50.0,317.0,50.0,311.5,1.0,90.0,60.0,0.2738612787336628,311.0,312.0,150,30.0,45.0,0.2,310.0,
07:44:06,310.74,38.0,314.94,17.0,309.63,43.0,317.19,43.0,312.84,4.199999999999989,81.0,60.0,0.7537373547793923,310.74,314.94,141,21.0,-9.0,0.15,312.0,1.0
07:44:13,313.0,18.0,320.0,24.0,311.0,24.0,327.57,14.0,316.5,7.0,42.0,38.0,0.97353479649807,313.0,320.0,80,4.0,2.0,0.05,312.0,
07:44:14,313.0,15.0,320.0,20.0,311.0,20.0,327.0,25.0,316.5,7.0,35.0,45.0,0.9336862427992866,313.0,320.0,80,-10.0,0.0,-0.12,312.0,
07:44:15,313.0,24.0,319.44,36.0,311.0,32.0,323.34,35.0,316.22,6.439999999999998,56.0,71.0,0.2614956978476467,313.0,319.44,127,-15.0,47.0,-0.12,312.0,
07:44:16,313.0,27.0,318.56,45.0,311.0,36.0,320.0,36.0,315.78,5.560000000000002,63.0,81.0,0.4137632173027615,313.0,318.56,144,-18.0,17.0,-0.12,312.0,
07:44:17,313.0,33.0,316.73,55.0,311.0,44.0,320.0,44.0,314.86,3.730000000000018,77.0,99.0,0.6878371900329981,313.0,316.73,176,-22.0,32.0,-0.12,312.0,
07:44:18,312.5,40.0,316.93,58.0,310.65,63.0,330.0,48.0,314.72,4.430000000000007,103.0,106.0,0.7980476176220679,312.5,316.92999999999995,209,-3.0,33.0,-0.01,313.0,3.0
07:44:19,311.0,65.0,333.58,45.0,310.0,143.0,373.84,57.0,322.29,22.579999999999984,208.0,102.0,3.146566382581654,311.0,333.58,310,106.0,101.0,0.34,313.0,
07:44:20,311.0,70.0,321.0,30.0,310.0,154.0,321.95,40.0,316.0,10.0,224.0,70.0,3.157768199218076,311.0,321.0,294,154.0,-16.0,0.52,313.0,
07:44:21,311.0,55.0,316.83,23.0,310.0,121.0,318.2,20.0,313.91,5.829999999999984,176.0,43.0,3.3998720564151683,311.0,316.83,219,133.0,-75.0,0.61,313.0,
07:44:22,310.71,56.0,312.3,30.0,309.54,130.0,315.05,37.0,311.51,1.5900000000000318,186.0,67.0,4.038493531007856,310.71,312.3,253,119.0,34.0,0.47,311.0,11.0
07:44:23,310.0,64.0,311.75,24.0,308.0,33.0,323.31,39.0,310.88,1.75,97.0,63.0,4.594917844748892,310.0,311.75,160,34.0,-93.0,0.21,310.0,3.0
07:44:24,310.0,33.0,312.0,22.0,308.0,33.0,323.0,44.0,311.0,2.0,66.0,66.0,2.234088180889497,310.0,312.0,132,0.0,-28.0,0.0,310.0,4.0
07:44:25,310.0,66.0,312.0,22.0,306.68,37.0,323.0,44.0,311.0,2.0,103.0,66.0,1.281073768363682,310.0,312.0,169,37.0,37.0,0.22,310.0,
07:44:26,310.0,75.0,312.0,30.0,301.24,87.0,323.0,60.0,311.0,2.0,162.0,90.0,0.2470222661808455,310.0,312.0,252,72.0,83.0,0.29,310.0,3.0
07:44:27,310.0,42.0,311.5,40.0,308.0,14.0,321.17,48.0,310.75,1.5,56.0,88.0,0.111265448316302,310.0,311.5,144,-32.0,-108.0,-0.22,310.0,
07:44:28,310.0,45.0,311.46,39.0,308.0,16.0,317.05,38.0,310.73,1.4599999999999795,61.0,77.0,0.1425833089425608,310.0,311.46,138,-16.0,-6.0,-0.12,310.8,5.0
07:44:29,310.87,153.0,312.43,70.0,309.17,24.0,319.48,40.0,311.65,1.5600000000000025,177.0,110.0,0.3723304983332329,310.87,312.43,287,67.0,149.0,0.23,310.8,
07:44:30,311.0,230.0,312.83,60.0,310.0,30.0,317.08,25.0,311.92,1.829999999999984,260.0,85.0,0.5440128674849257,311.0,312.83,345,175.0,58.0,0.51,311.0,8.0
07:44:31,311.0,165.0,317.0,30.0,310.0,50.0,321.0,15.0,314.0,6.0,215.0,45.0,1.3345223864699467,311.0,317.0,260,170.0,-85.0,0.65,311.0,
07:44:32,311.0,132.0,316.57,28.0,310.0,48.0,319.0,16.0,313.79,5.569999999999993,180.0,44.0,1.4205879064632694,311.0,316.57,224,136.0,-36.0,0.61,311.0,
07:44:33,311.0,132.0,316.0,25.0,310.0,48.0,317.75,24.0,313.5,5.0,180.0,49.0,1.1021660491912864,311.0,316.0,229,131.0,5.0,0.57,316.0,1.0
07:44:34,311.0,143.0,315.31,26.0,310.0,52.0,318.0,26.0,313.15,4.310000000000002,195.0,52.0,0.8205303163137926,311.0,315.31,247,143.0,18.0,0.58,316.0,
07:44:35,311.0,121.0,314.82,22.0,310.0,44.0,319.09,22.0,312.91,3.819999999999993,165.0,44.0,0.4472694936948802,311.0,314.82,209,121.0,-38.0,0.58,316.0,
07:44:36,311.0,165.0,314.0,30.0,310.0,60.0,320.0,30.0,312.5,3.0,225.0,60.0,0.5025435304428467,311.0,314.0,285,165.0,76.0,0.58,316.0,
07:44:37,311.0,132.0,312.83,24.0,310.0,48.0,316.5,24.0,311.92,1.829999999999984,180.0,48.0,0.6101065480633799,311.0,312.83,228,132.0,-57.0,0.58,316.0,
07:44:38,311.24,83.0,317.09,33.0,310.58,77.0,319.44,25.0,314.17,5.849999999999966,160.0,58.0,0.8353741676577396,311.24,317.09,218,102.0,-10.0,0.47,311.0,2.0
07:44:39,312.33,18.0,320.0,24.0,310.87,62.0,324.0,8.0,316.17,7.670000000000016,80.0,32.0,1.6894170592219089,312.33,320.0,112,48.0,-106.0,0.43,312.0,4.0
07:44:40,311.0,69.0,320.0,36.0,310.0,48.0,322.18,22.0,315.5,9.0,117.0,58.0,1.8405624140436176,311.0,320.0,175,59.0,63.0,0.34,311.0,3.0
07:44:41,310.57,21.0,320.0,21.0,309.68,19.0,322.0,14.0,315.29,9.430000000000009,40.0,35.0,1.6671682578522595,310.57,320.0,75,5.0,-100.0,0.07,310.75,4.0
07:44:42,302.78,41.0,316.5,16.0,300.57,21.0,320.8,20.0,309.64,13.720000000000027,62.0,36.0,2.624067453399418,302.78,316.5,98,26.0,23.0,0.27,308.8,5.0
07:44:43,302.6,100.0,313.82,33.0,300.74,76.0,321.44,27.0,308.21,11.21999999999997,176.0,60.0,3.7339483124422017,302.6,313.82,236,116.0,138.0,0.49,308.8,
07:44:44,303.0,80.0,305.0,50.0,296.0,80.0,317.0,10.0,304.0,2.0,160.0,60.0,4.903414116713932,303.0,305.0,220,100.0,-16.0,0.45,308.8,
07:44:45,303.14,112.0,305.0,70.0,298.67,73.0,317.0,14.0,304.07,1.8600000000000136,185.0,84.0,4.664490325854356,303.14,305.0,269,101.0,49.0,0.38,308.8,
07:44:46,299.56,41.0,313.0,15.0,297.14,49.0,318.94,31.0,306.28,13.439999999999998,90.0,46.0,2.49844951919954,299.56,313.0,136,44.0,-133.0,0.32,305.0,5.0
07:44:47,310.96,130.0,317.0,18.0,305.31,87.0,319.0,54.0,313.98,6.0400000000000205,217.0,72.0,4.117447024551578,310.96,317.0,289,145.0,153.0,0.5,311.0,3.0
07:44:48,312.44,9.0,317.0,9.0,306.5,26.0,319.0,27.0,314.72,4.560000000000002,35.0,36.0,5.325917761286679,312.44,317.0,71,-1.0,-174.5,-0.01,311.0,
07:44:49,300.29,65.0,317.0,13.0,299.87,45.0,319.0,39.0,308.65,16.70999999999998,110.0,52.0,4.687392665436621,300.29,317.0,162,58.0,91.0,0.36,306.8,5.0
07:44:50,299.0,20.0,317.0,4.0,298.0,36.0,319.0,12.0,308.0,18.0,56.0,16.0,3.7831309784342753,299.0,317.0,72,40.0,-90.0,0.56,306.8,
07:44:51,298.1,50.0,317.0,6.0,268.93,14.0,319.0,18.0,307.55,18.899999999999977,64.0,24.0,3.4735356626914062,298.1,317.0,88,40.0,16.0,0.45,306.8,
07:44:52,298.61,18.0,317.0,10.0,297.84,57.0,319.0,30.0,307.81,18.389999999999983,75.0,40.0,3.031539213005318,298.61,317.0,115,35.0,27.0,0.3,306.8,
07:44:53,302.12,26.0,317.0,11.0,301.78,41.0,319.0,33.0,309.56,14.879999999999995,67.0,44.0,0.806492405412899,302.12,317.0,111,23.0,-4.0,0.21,306.8,
07:44:54,304.31,32.0,317.0,7.0,302.29,17.0,319.0,21.0,310.66,12.689999999999998,49.0,28.0,1.3401977465988952,304.31,317.0,77,21.0,-34.0,0.27,306.8,
07:44:55,306.75,12.0,315.07,28.0,305.0,72.0,318.0,20.0,310.91,8.319999999999993,84.0,48.0,1.5645989901533432,306.75,315.07,132,36.0,55.0,0.27,306.8,
07:44:56,307.33,12.0,313.25,60.0,305.0,72.0,316.0,12.0,310.29,5.920000000000016,84.0,72.0,1.2468881264928984,307.33,313.25,156,12.0,24.0,0.08,306.8,
07:44:57,308.6,149.0,313.0,75.0,306.89,61.0,316.0,15.0,310.8,4.399999999999977,210.0,90.0,0.5467449130893465,308.6,313.0,300,120.0,144.0,0.4,309.33,3.0
07:44:58,306.42,72.0,312.17,60.0,298.15,13.0,316.0,12.0,309.29,5.75,85.0,72.0,0.6579133681489079,306.42,312.17,157,13.0,-143.0,0.08,309.33,
07:44:59,307.61,93.0,309.55,76.0,297.0,18.0,310.88,33.0,308.58,1.9399999999999975,111.0,109.0,1.0086277806945978,307.61,309.55,220,2.0,63.0,0.01,308.5,2.0
07:45:00,306.91,55.0,309.24,42.0,295.44,27.0,312.0,25.0,308.07,2.329999999999984,82.0,67.0,1.1407585195775347,306.91,309.24,149,15.0,-71.0,0.1,309.0,4.0
07:45:01,296.89,37.0,308.87,30.0,295.41,27.0,313.36,22.0,302.88,11.980000000000018,64.0,52.0,3.0012880568163127,296.89,308.87,116,12.0,-33.0,0.1,308.0,2.0
07:45:02,298.73,45.0,305.44,50.0,293.61,54.0,311.31,35.0,302.09,6.70999999999998,99.0,85.0,3.414025483207124,298.73,305.44,184,14.0,68.0,0.08,308.0,
07:45:03,299.0,27.0,306.0,15.0,293.0,45.0,314.18,22.0,302.5,7.0,72.0,37.0,3.2132117888472687,299.0,306.0,109,35.0,-75.0,0.32,306.0,1.0
07:45:04,294.64,22.0,306.0,12.0,293.89,76.0,312.0,24.0,300.32,11.360000000000014,98.0,36.0,2.90825892932292,294.64,306.0,134,62.0,25.0,0.46,306.0,
07:45:05,297.0,6.0,305.56,9.0,294.0,42.0,311.45,11.0,301.28,8.560000000000002,48.0,20.0,1.024734111848549,297.0,305.56,68,28.0,-66.0,0.41,306.0,
07:45:06,297.0,15.0,303.53,60.0,294.0,105.0,305.76,17.0,300.27,6.529999999999973,120.0,77.0,1.0106285173028824,297.0,303.53,197,43.0,129.0,0.22,306.0,
07:45:07,299.38,64.0,303.29,56.0,295.81,64.0,305.14,28.0,301.33,3.910000000000025,128.0,84.0,0.9130443581698292,299.38,303.29,212,44.0,15.0,0.21,303.0,4.0
07:45:08,303.62,29.0,305.0,21.0,299.92,59.0,306.0,11.0,304.31,1.3799999999999957,88.0,32.0,1.6491422012627956,303.62,305.0,120,56.0,-92.0,0.47,305.0,1.0
07:45:09,300.67,27.0,305.04,24.0,288.09,33.0,307.09,11.0,302.85,4.3700000000000045,60.0,35.0,1.5825991280125624,300.67,305.04,95,25.0,-25.0,0.26,305.0,1.0
07:45:10,289.0,8.0,305.0,56.0,288.0,40.0,307.87,15.0,297.0,16.0,48.0,71.0,2.779607886013011,289.0,305.0,119,-23.0,24.0,-0.19,305.0,
07:45:11,289.25,8.0,305.0,56.0,288.0,40.0,308.0,16.0,297.12,15.75,48.0,72.0,3.331646739974906,289.25,305.0,120,-24.0,1.0,-0.2,305.0,
07:45:12,291.0,19.0,305.3,92.0,289.0,19.0,307.1,51.0,298.15,14.300000000000011,38.0,143.0,3.440585705949663,291.0,305.3,181,-105.0,61.0,-0.58,304.6,10.0
07:45:13,310.0,8.0,313.0,32.0,291.0,8.0,315.0,24.0,311.5,3.0,16.0,56.0,6.170991006312187,310.0,313.0,72,-40.0,-109.0,-0.56,304.6,
07:45:14,311.75,79.0,313.0,56.0,306.81,16.0,315.0,42.0,312.37,1.25,95.0,98.0,7.9668670128217265,311.75,313.0,193,-3.0,121.0,-0.02,304.6,
07:45:15,310.92,74.0,313.0,51.0,306.62,80.0,315.0,42.0,311.96,2.079999999999984,154.0,93.0,7.851487120284187,310.92,313.0,247,61.0,54.0,0.25,312.17,6.0
07:45:16,310.0,104.0,313.0,39.0,293.71,41.0,315.0,39.0,311.5,3.0,145.0,78.0,6.1297414301086,310.0,313.0,223,67.0,-24.0,0.3,312.17,
07:45:17,310.0,72.0,312.43,35.0,306.0,45.0,314.11,27.0,311.21,2.430000000000007,117.0,62.0,0.4572417303688899,310.0,312.43,179,55.0,-44.0,0.31,312.17,
07:45:18,310.0,76.0,312.0,55.0,298.86,57.0,313.0,33.0,311.0,2.0,133.0,88.0,0.5577364969147136,310.0,312.0,221,45.0,42.0,0.2,310.0,2.0
07:45:19,310.0,60.0,311.85,41.0,295.0,58.0,312.58,36.0,310.93,1.8500000000000227,118.0,77.0,0.4208919101034984,310.0,311.85,195,41.0,-26.0,0.21,310.0,
07:45:20,310.0,36.0,311.0,42.0,295.0,30.0,314.0,18.0,310.5,1.0,66.0,60.0,0.3691476669172641,310.0,311.0,126,6.0,-69.0,0.05,310.0,
07:45:21,310.0,48.0,311.0,44.0,295.0,40.0,314.0,24.0,310.5,1.0,88.0,68.0,0.3166543857115868,310.0,311.0,156,20.0,30.0,0.13,311.0,3.0
07:45:22,310.0,36.0,311.0,40.0,294.39,44.0,314.0,30.0,310.5,1.0,80.0,70.0,0.2558906016061168,310.0,311.0,150,10.0,-6.0,0.07,310.0,3.0
07:45:23,310.0,24.0,313.52,25.0,293.5,12.0,318.38,24.0,311.76,3.519999999999982,36.0,49.0,0.5480145983369317,310.0,313.52,85,-13.0,-65.0,-0.15,311.0,4.0
07:45:24,310.0,27.0,314.0,27.0,307.24,17.0,319.0,27.0,312.0,4.0,44.0,54.0,0.7606050223279264,310.0,314.0,98,-10.0,13.0,-0.1,311.0,
07:45:25,310.0,39.0,314.0,39.0,308.0,31.0,319.0,39.0,312.0,4.0,70.0,78.0,0.7839132605018051,310.0,314.0,148,-8.0,50.0,-0.05,311.0,
07:45:26,311.38,48.0,314.0,42.0,309.53,47.0,319.0,42.0,312.69,2.6200000000000045,95.0,84.0,0.8004998438417865,311.38,314.0,179,11.0,31.0,0.06,311.0,
07:45:27,312.03,66.0,314.0,27.0,311.08,26.0,319.0,27.0,313.02,1.9700000000000275,92.0,54.0,0.5343032846529091,312.03,314.0,146,38.0,-33.0,0.26,311.0,
07:45:28,312.23,52.0,315.94,31.0,311.6,65.0,332.82,33.0,314.08,3.70999999999998,117.0,64.0,0.8616960020744117,312.23,315.94,181,53.0,35.0,0.29,314.0,2.0
07:45:29,312.0,84.0,314.51,49.0,311.0,48.0,331.45,40.0,313.26,2.509999999999991,132.0,89.0,0.7632168761178629,312.0,314.51,221,43.0,40.0,0.19,312.0,4.0
07:45:30,311.29,28.0,314.33,30.0,310.35,23.0,318.33,18.0,312.81,3.039999999999964,51.0,48.0,0.5519692020313821,311.29,314.33,99,3.0,-122.0,0.03,312.0,4.0
07:45:31,311.0,20.0,315.0,20.0,310.0,15.0,321.0,10.0,313.0,4.0,35.0,30.0,0.4991793264861647,311.0,315.0,65,5.0,-34.0,0.08,312.0,
