Time,Bid1_Price,Bid1_Volume,Ask1_Price,Ask1_Volume,Bid2_Price,Bid2_Volume,Ask2_Price,Ask2_Volume,Mid-Price,Bid_Ask_Spread,Market_Depth_Bid,Market_Depth_Ask,Historical_Volatility,Weighted_Avg_Bid_Price,Weighted_Avg_Ask_Price,Total_volume,Cumulative_Volume_Difference,Total_Volume_Change_Corrected,Order_imbalance,Weighted_Avg_Price,Trade_Volume
07:30:07,313.92,24.0,345.0,5.0,278.0,18.0,347.0,20.0,329.46,31.079999999999984,42.0,25.0,82.17267988814774,313.92,345.0,67,17.0,49.0,0.25,,
07:30:08,327.0,26.0,345.0,5.0,283.82,22.0,347.0,20.0,336.0,18.0,48.0,25.0,20.250291849748688,327.0,345.0,73,23.0,6.0,0.32,,
07:30:09,326.0,12.0,345.0,2.0,287.0,8.0,347.0,8.0,335.5,19.0,20.0,10.0,20.783582944237452,326.0,345.0,30,10.0,-43.0,0.33,,
07:30:10,326.0,36.0,345.0,6.0,287.0,24.0,347.0,24.0,335.5,19.0,60.0,30.0,17.25732656004394,326.0,345.0,90,30.0,60.0,0.33,,
07:30:11,326.0,36.0,346.62,8.0,287.0,24.0,348.95,21.0,336.31,20.620000000000005,60.0,29.0,2.8684978647364754,326.0,346.62,89,31.0,-1.0,0.35,346.6,5.0
07:30:12,331.33,30.0,350.0,11.0,328.0,50.0,352.0,77.0,340.67,18.670000000000016,80.0,88.0,2.192995668029805,331.33,350.0,168,-8.0,79.0,-0.05,346.6,
07:30:13,342.79,28.0,348.38,24.0,336.1,60.0,351.46,74.0,345.58,5.589999999999975,88.0,98.0,4.399053307246595,342.79,348.37999999999994,186,-10.0,18.0,-0.05,346.6,
07:30:14,343.0,8.0,346.5,12.0,335.0,24.0,348.0,12.0,344.75,3.5,32.0,24.0,4.648512665358357,343.0,346.5,56,8.0,-130.0,0.14,346.6,
07:30:15,343.0,16.0,346.0,24.0,335.0,48.0,348.0,24.0,344.5,3.0,64.0,48.0,3.876811834484244,343.0,346.0,112,16.0,56.0,0.14,346.6,
07:30:16,339.93,30.0,345.21,29.0,334.48,62.0,348.0,33.0,342.57,5.279999999999973,92.0,62.0,1.9810174153694924,339.93,345.21,154,30.0,42.0,0.19,345.0,2.0
07:30:17,336.33,45.0,345.0,13.0,334.68,100.0,348.0,39.0,340.67,8.670000000000016,145.0,52.0,1.9810174153694924,336.33,345.0,197,93.0,43.0,0.47,345.0,
07:30:18,339.46,39.0,345.23,13.0,337.48,40.0,348.05,37.0,342.35,5.770000000000039,79.0,50.0,1.6840190022672474,339.46,345.23,129,29.0,-68.0,0.22,347.0,3.0
07:30:19,342.73,33.0,348.0,11.0,340.0,33.0,350.0,11.0,345.36,5.269999999999982,66.0,22.0,1.8584536582861677,342.73,348.0,88,44.0,-41.0,0.5,347.0,
07:30:20,343.59,58.0,348.0,12.0,341.0,36.0,350.0,52.0,345.79,4.410000000000025,94.0,64.0,2.16705329883631,343.59,348.0,158,30.0,70.0,0.19,347.0,
07:30:21,345.19,48.0,349.5,36.0,344.35,43.0,350.79,89.0,347.34,4.310000000000002,91.0,125.0,2.7186706310249305,345.19,349.5,216,-34.0,58.0,-0.16,350.33,6.0
07:30:22,348.1,58.0,350.57,63.0,346.87,45.0,352.99,137.0,349.34,2.4699999999999704,103.0,200.0,2.5846140911164923,348.1,350.57,303,-97.0,87.0,-0.32,350.0,1.0
07:30:23,349.22,51.0,351.56,169.0,347.92,61.0,356.68,126.0,350.39,2.339999999999975,112.0,295.0,2.188796472950008,349.22,351.56,407,-183.0,104.0,-0.45,350.0,2.0
07:30:24,349.51,63.0,351.9,168.0,343.13,62.0,358.87,115.0,350.7,2.3899999999999864,125.0,283.0,2.096585319036337,349.51,351.9,408,-158.0,1.0,-0.39,350.83,6.0
07:30:25,350.91,44.0,352.0,110.0,344.24,34.0,366.0,60.0,351.45,1.089999999999975,78.0,170.0,1.5917066312606405,350.91,352.0,248,-92.0,-160.0,-0.37,350.83,
07:30:26,351.1,40.0,355.28,64.0,350.0,20.0,369.6,50.0,353.19,4.17999999999995,60.0,114.0,1.4331189762191376,351.1,355.28,174,-54.0,-74.0,-0.31,352.0,9.0
07:30:27,354.67,54.0,366.0,70.0,353.0,30.0,378.0,70.0,360.33,11.329999999999984,84.0,140.0,4.124466026045038,354.67,366.0,224,-56.0,50.0,-0.25,352.0,
07:30:28,356.0,32.0,366.0,50.0,355.0,20.0,378.24,49.0,361.0,10.0,52.0,99.0,4.955293129573676,356.0,366.0,151,-47.0,-73.0,-0.31,356.0,1.0
07:30:29,356.0,39.0,365.51,49.0,355.0,26.0,370.33,60.0,360.76,9.509999999999993,65.0,109.0,4.635367299362616,356.0,365.50999999999993,174,-44.0,23.0,-0.25,356.0,
07:30:30,356.36,33.0,364.09,33.0,355.0,22.0,366.0,55.0,360.23,7.729999999999961,55.0,88.0,3.3197695703166605,356.36,364.09,143,-33.0,-31.0,-0.23,356.0,
07:30:31,357.48,23.0,361.16,55.0,356.61,41.0,363.69,52.0,359.32,3.680000000000007,64.0,107.0,0.6449573629322464,357.48,361.16,171,-43.0,28.0,-0.25,356.0,
07:30:32,358.0,9.0,360.0,27.0,357.0,27.0,361.0,36.0,359.0,2.0,36.0,63.0,0.8765956878746995,358.0,360.0,99,-27.0,-72.0,-0.27,356.0,
07:30:33,358.0,9.0,360.22,23.0,357.0,27.0,363.37,38.0,359.11,2.2200000000000277,36.0,61.0,0.7722888060826119,358.0,360.2200000000001,97,-25.0,-2.0,-0.26,359.0,3.0
07:30:34,358.0,7.0,360.81,16.0,357.0,21.0,366.62,32.0,359.41,2.8100000000000023,28.0,48.0,0.4843862095482191,358.0,360.81,76,-20.0,-21.0,-0.26,361.0,1.0
07:30:35,357.76,21.0,361.0,33.0,356.12,17.0,370.0,55.0,359.38,3.240000000000009,38.0,88.0,0.1798054504192713,357.76,361.0,126,-50.0,50.0,-0.4,358.0,3.0
07:30:36,359.0,60.0,361.0,30.0,357.0,20.0,371.2,50.0,360.0,2.0,80.0,80.0,0.3881365739021281,359.0,361.0,160,0.0,34.0,0.0,358.0,
07:30:37,359.8,60.0,361.0,30.0,357.0,20.0,376.0,50.0,360.4,1.1999999999999886,80.0,80.0,0.5259752845908837,359.8,361.0,160,0.0,0.0,0.0,358.0,
07:30:38,358.92,39.0,372.17,47.0,355.91,22.0,377.75,48.0,365.55,13.25,61.0,95.0,2.6077519053775844,358.92,372.17,156,-34.0,-4.0,-0.22,361.0,3.0
07:30:39,358.67,45.0,376.0,75.0,357.0,30.0,379.0,60.0,367.33,17.329999999999984,75.0,135.0,3.640765029495897,358.67,376.0,210,-60.0,54.0,-0.29,361.0,
07:30:40,360.0,36.0,374.5,32.0,357.0,40.0,379.5,48.0,367.25,14.5,76.0,80.0,3.638602753805379,360.0,374.5,156,-4.0,-54.0,-0.03,361.0,
07:30:41,358.0,69.0,370.83,29.0,356.72,86.0,378.34,47.0,364.41,12.829999999999984,155.0,76.0,2.841710752346195,358.0,370.83,231,79.0,75.0,0.34,360.0,5.0
07:30:42,358.38,26.0,375.76,58.0,356.9,82.0,378.13,31.0,367.07,17.379999999999995,108.0,89.0,1.293104790803778,358.38,375.76,197,19.0,-34.0,0.1,363.0,1.0
07:30:43,358.0,22.0,374.18,44.0,355.0,22.0,376.0,17.0,366.09,16.180000000000007,44.0,61.0,1.2336936410631587,358.0,374.18000000000006,105,-17.0,-92.0,-0.16,363.0,
07:30:44,358.0,20.0,373.77,52.0,355.0,20.0,375.27,33.0,365.88,15.769999999999982,40.0,85.0,1.1357816691599387,358.0,373.77,125,-45.0,20.0,-0.36,363.0,
07:30:47,358.86,28.0,373.0,40.0,357.6,80.0,377.0,22.0,365.93,14.139999999999986,108.0,62.0,0.9458488251299244,358.86,373.0,170,46.0,8.0,0.27,363.0,
07:30:48,359.12,17.0,372.43,28.0,358.11,56.0,377.0,35.0,365.77,13.310000000000002,73.0,63.0,1.0026714317260976,359.12,372.43,136,10.0,-34.0,0.07,363.0,
07:30:49,360.77,13.0,371.54,52.0,359.0,39.0,376.03,34.0,366.15,10.77000000000004,52.0,86.0,0.9612907988739194,360.77,371.54,138,-34.0,2.0,-0.25,363.0,
07:30:55,358.46,13.0,366.78,27.0,357.07,60.0,369.5,24.0,362.62,8.319999999999993,73.0,51.0,1.713368028182979,358.46,366.78,124,22.0,49.0,0.18,358.75,4.0
07:30:56,358.0,9.0,364.0,27.0,357.0,72.0,368.0,27.0,361.0,6.0,81.0,54.0,2.3864303886766827,358.0,364.0,135,27.0,11.0,0.2,358.75,
07:30:57,357.27,33.0,359.42,53.0,356.86,84.0,366.8,45.0,358.34,2.150000000000034,117.0,98.0,3.1194598891473926,357.27,359.42,215,19.0,80.0,0.09,357.14,7.0
07:30:58,357.0,10.0,358.0,25.0,356.0,10.0,368.0,15.0,357.5,1.0,20.0,40.0,2.982294418731855,357.0,358.0,60,-20.0,-155.0,-0.33,357.14,
07:30:59,357.0,18.0,358.0,45.0,356.0,18.0,368.0,27.0,357.5,1.0,36.0,72.0,2.306061577668525,357.0,358.0,108,-36.0,48.0,-0.33,357.14,
07:31:00,356.0,26.0,367.67,45.0,354.55,89.0,368.5,20.0,361.83,11.670000000000016,115.0,65.0,2.0414896521900383,356.0,367.67,180,50.0,72.0,0.28,357.0,2.0
07:31:01,356.0,21.0,364.6,48.0,355.0,126.0,365.47,60.0,360.3,8.600000000000023,147.0,108.0,1.909863869494101,356.0,364.6000000000001,255,39.0,75.0,0.15,357.0,
07:31:02,356.0,25.0,360.36,42.0,355.0,126.0,364.07,58.0,358.18,4.360000000000014,151.0,100.0,1.9269198218916543,356.0,360.36,251,51.0,-4.0,0.2,357.0,
07:31:03,356.0,20.0,359.38,40.0,355.0,90.0,363.12,40.0,357.69,3.3799999999999955,110.0,80.0,1.8899338612763612,356.0,359.38,190,30.0,-61.0,0.16,357.0,
07:31:04,356.0,26.0,358.36,56.0,355.0,117.0,359.36,42.0,357.18,2.3600000000000136,143.0,98.0,1.9617160854718376,356.0,358.36,241,45.0,51.0,0.19,357.0,
07:31:05,355.0,121.0,356.58,43.0,350.0,28.0,357.36,53.0,355.79,1.579999999999984,149.0,96.0,1.6452264281851166,355.0,356.58,245,53.0,4.0,0.22,355.29,7.0
07:31:06,355.0,26.0,357.89,19.0,350.0,16.0,360.67,18.0,356.45,2.8899999999999864,42.0,37.0,0.9553376366492682,355.0,357.89,79,5.0,-166.0,0.06,355.0,2.0
07:31:07,351.67,30.0,359.53,45.0,346.5,20.0,364.0,15.0,355.6,7.859999999999957,50.0,60.0,0.8925077030471521,351.67,359.53,110,-10.0,31.0,-0.09,355.0,2.0
07:31:08,350.0,22.0,358.0,33.0,343.0,11.0,364.0,11.0,354.0,8.0,33.0,44.0,1.1839467893441584,350.0,358.0,77,-11.0,-33.0,-0.14,355.0,
07:31:09,345.53,15.0,356.64,42.0,257.91,22.0,363.23,47.0,351.09,11.110000000000014,37.0,89.0,2.1516110243253093,345.53,356.64,126,-52.0,49.0,-0.41,355.0,
07:31:10,350.64,73.0,355.69,48.0,346.65,23.0,362.71,68.0,353.17,5.050000000000011,96.0,116.0,2.1035850351241185,350.64,355.69,212,-20.0,86.0,-0.09,355.0,
07:31:11,352.98,102.0,361.14,146.0,351.72,69.0,364.83,82.0,357.06,8.159999999999968,171.0,228.0,2.28644483860823,352.98,361.14,399,-57.0,184.0,-0.14,359.67,9.0
07:31:12,353.33,75.0,362.0,109.0,351.78,73.0,368.0,64.0,357.67,8.670000000000016,148.0,173.0,2.7477936603752355,353.33,362.0,321,-25.0,-78.0,-0.08,357.75,8.0
07:31:13,354.1,50.0,362.0,49.0,338.57,7.0,368.0,28.0,358.05,7.899999999999977,57.0,77.0,3.101599587309513,354.1,362.0,134,-20.0,-184.0,-0.15,354.0,3.0
07:31:14,355.0,55.0,360.34,58.0,340.73,11.0,364.44,59.0,357.67,5.339999999999975,66.0,117.0,2.0181625306200632,355.0,360.34,183,-51.0,49.0,-0.28,356.0,1.0
07:31:15,355.09,55.0,361.52,40.0,344.87,15.0,366.44,54.0,358.31,6.430000000000007,70.0,94.0,0.4723557981003385,355.09,361.52,164,-24.0,-19.0,-0.15,355.0,3.0
07:31:16,357.0,8.0,360.75,8.0,355.07,15.0,362.0,24.0,358.88,3.75,23.0,32.0,0.5058458263138264,357.0,360.75,55,-9.0,-109.0,-0.16,355.0,
07:31:17,357.38,42.0,359.06,18.0,354.74,23.0,361.45,42.0,358.22,1.6800000000000068,65.0,60.0,0.440147702480833,357.38,359.06,125,5.0,70.0,0.04,358.0,4.0
07:31:18,355.0,16.0,356.1,39.0,353.0,11.0,359.82,39.0,355.55,1.1000000000000227,27.0,78.0,1.2898565811744365,355.0,356.1,105,-51.0,-20.0,-0.49,355.0,1.0
07:31:19,353.89,9.0,360.0,30.0,345.93,27.0,367.2,20.0,356.94,6.110000000000014,36.0,50.0,1.3381890748317142,353.89,360.0,86,-14.0,-19.0,-0.16,355.0,1.0
07:31:20,353.5,10.0,367.0,40.0,344.15,40.0,369.6,20.0,360.25,13.5,50.0,60.0,1.8032110248107716,353.5,367.0,110,-10.0,24.0,-0.09,355.0,
07:31:21,351.69,13.0,364.28,54.0,344.45,31.0,365.17,53.0,357.99,12.589999999999977,44.0,107.0,1.733248395354527,351.69,364.28,151,-63.0,41.0,-0.42,354.0,1.0
07:31:22,349.0,7.0,359.26,27.0,344.0,7.0,360.14,29.0,354.13,10.259999999999993,14.0,56.0,2.3388929004977275,349.0,359.26,70,-42.0,-81.0,-0.6,361.0,1.0
07:31:23,347.33,9.0,357.07,27.0,343.22,27.0,359.52,25.0,352.2,9.740000000000007,36.0,52.0,3.1775415024824403,347.33,357.07,88,-16.0,18.0,-0.18,356.0,7.0
07:31:24,345.85,13.0,348.62,26.0,343.19,43.0,354.54,26.0,347.23,2.769999999999982,56.0,52.0,5.08488937932747,345.85,348.62,108,4.0,20.0,0.04,356.0,
07:31:25,347.26,19.0,348.93,30.0,344.2,15.0,351.2,30.0,348.1,1.670000000000016,34.0,60.0,4.42705884306905,347.26,348.93,94,-26.0,-14.0,-0.28,348.0,2.0
07:31:26,348.0,45.0,350.0,18.0,347.0,9.0,352.0,18.0,349.0,2.0,54.0,36.0,2.9194468654172963,348.0,350.0,90,18.0,-4.0,0.2,348.0,
07:31:27,348.24,33.0,352.73,22.0,344.45,22.0,358.26,31.0,350.48,4.490000000000009,55.0,53.0,1.972642897230639,348.24,352.73,108,2.0,18.0,0.02,351.0,4.0
07:31:28,356.43,42.0,361.36,44.0,350.37,19.0,362.51,47.0,358.9,4.930000000000007,61.0,91.0,4.7162082227140125,356.43,361.36,152,-30.0,44.0,-0.2,360.22,9.0
07:31:29,359.0,12.0,362.0,24.0,355.8,15.0,364.0,18.0,360.5,3.0,27.0,42.0,5.844576973571064,359.0,362.0,69,-15.0,-83.0,-0.22,360.22,
07:31:30,359.0,2.0,362.0,4.0,357.0,2.0,364.0,3.0,360.5,3.0,4.0,7.0,5.66355718608003,359.0,362.0,11,-3.0,-58.0,-0.27,360.22,
07:31:31,359.0,16.0,362.0,32.0,357.0,16.0,364.0,24.0,360.5,3.0,32.0,56.0,4.357623205372418,359.0,362.0,88,-24.0,77.0,-0.27,360.22,
07:31:32,359.0,12.0,362.0,24.0,357.0,12.0,364.0,18.0,360.5,3.0,24.0,42.0,0.7155417528009831,359.0,362.0,66,-18.0,-22.0,-0.27,360.22,
07:31:33,359.0,15.0,362.0,56.0,357.0,28.0,364.0,42.0,360.5,3.0,43.0,98.0,0.0,359.0,362.0,141,-55.0,75.0,-0.39,359.0,1.0
07:31:34,358.04,27.0,362.0,36.0,356.54,13.0,364.0,27.0,360.02,3.95999999999998,40.0,63.0,0.2146625258438079,358.04,362.0,103,-23.0,-38.0,-0.22,358.0,6.0
07:31:35,357.0,8.0,361.71,34.0,355.0,24.0,363.38,26.0,359.35,4.70999999999998,32.0,60.0,0.5053513629164175,357.0,361.71,92,-28.0,-11.0,-0.3,358.0,
07:31:36,357.0,13.0,360.31,65.0,355.0,39.0,363.59,79.0,358.65,3.3100000000000023,52.0,144.0,0.7989555682272096,357.0,360.31,196,-92.0,104.0,-0.47,358.0,
07:31:37,355.24,17.0,361.33,27.0,347.5,36.0,366.57,28.0,358.28,6.089999999999975,53.0,55.0,0.922740483560237,355.24,361.33,108,-2.0,-88.0,-0.02,357.0,1.0
07:31:38,355.0,27.0,361.78,36.0,346.0,54.0,364.0,27.0,358.39,6.779999999999973,81.0,63.0,0.7342819621921053,355.0,361.78,144,18.0,36.0,0.12,357.0,
07:31:39,355.0,39.0,360.0,43.0,346.0,88.0,361.25,48.0,357.5,5.0,127.0,91.0,0.6677799038607825,355.0,360.0,218,36.0,74.0,0.17,357.0,
07:31:40,355.33,18.0,359.0,40.0,349.52,46.0,360.0,30.0,357.17,3.670000000000016,64.0,70.0,0.630848634776945,355.33,359.0,134,-6.0,-84.0,-0.04,357.0,
07:31:41,354.11,27.0,357.17,53.0,350.18,55.0,362.94,51.0,355.64,3.0600000000000023,82.0,104.0,1.1084809425513165,354.11000000000007,357.17,186,-22.0,52.0,-0.12,352.5,6.0
07:31:42,347.0,56.0,357.0,56.0,342.0,14.0,367.25,79.0,352.0,10.0,70.0,135.0,2.5180647330834263,347.0,357.0,205,-65.0,19.0,-0.32,357.0,2.0
07:31:43,347.0,44.0,355.29,28.0,342.0,11.0,364.39,46.0,351.14,8.29000000000002,55.0,74.0,2.9490506947147432,347.0,355.29,129,-19.0,-76.0,-0.15,357.0,
07:31:44,348.86,14.0,355.38,16.0,347.21,56.0,362.14,42.0,352.12,6.519999999999982,70.0,58.0,2.6318966545053954,348.86,355.38,128,12.0,-1.0,0.09,356.0,1.0
07:31:45,350.0,12.0,354.14,28.0,344.25,48.0,359.8,20.0,352.07,4.139999999999986,60.0,48.0,1.7495942386724674,350.0,354.14,108,12.0,-20.0,0.11,356.0,
07:31:46,350.0,12.0,352.94,34.0,343.0,48.0,354.36,14.0,351.47,2.9399999999999977,60.0,48.0,0.433532005733496,350.0,352.94,108,12.0,0.0,0.11,356.0,
07:31:47,350.0,15.0,361.36,47.0,343.0,60.0,412.43,74.0,355.68,11.360000000000014,75.0,121.0,1.827027640731212,350.0,361.36,196,-46.0,88.0,-0.23,351.75,4.0
07:31:48,351.67,15.0,363.15,39.0,343.0,60.0,497.46,39.0,357.41,11.47999999999996,75.0,78.0,2.6361999165459373,351.67,363.15,153,-3.0,-43.0,-0.02,351.75,
07:31:49,355.55,22.0,363.95,20.0,344.76,34.0,369.29,28.0,359.75,8.399999999999977,56.0,48.0,3.5177379095091643,355.55,363.95,104,8.0,-49.0,0.08,351.75,
07:31:50,347.07,28.0,360.8,30.0,343.11,37.0,363.88,16.0,353.94,13.730000000000018,65.0,46.0,3.174310948851441,347.07,360.8,111,19.0,7.0,0.17,355.75,4.0
07:31:51,347.91,46.0,360.0,39.0,342.84,19.0,363.39,31.0,353.96,12.089999999999977,65.0,70.0,2.472280323911229,347.91,360.0,135,-5.0,24.0,-0.04,355.75,
07:31:52,349.56,54.0,360.0,27.0,347.33,27.0,364.89,9.0,354.78,10.439999999999998,81.0,36.0,2.546521156401117,349.56,360.0,117,45.0,-18.0,0.38,355.75,
07:31:53,350.0,84.0,360.0,36.0,346.67,48.0,364.0,12.0,355.0,10.0,132.0,48.0,2.4307982228062635,350.0,360.0,180,84.0,63.0,0.47,355.75,
07:31:54,348.68,47.0,360.0,33.0,346.55,58.0,364.0,11.0,354.34,11.319999999999991,105.0,44.0,0.4777865632238725,348.68,360.0,149,61.0,-31.0,0.41,350.33,3.0
07:31:55,347.29,41.0,358.0,54.0,345.77,62.0,360.14,28.0,352.65,10.70999999999998,103.0,82.0,0.9275667091897604,347.29,358.0,185,21.0,36.0,0.11,350.33,
07:31:56,350.54,61.0,355.61,46.0,346.39,62.0,356.46,52.0,353.07,5.069999999999993,123.0,98.0,1.0495570494246618,350.54,355.61,221,25.0,36.0,0.11,353.0,1.0
07:31:57,350.38,55.0,355.17,48.0,346.36,58.0,356.6,43.0,352.77,4.7900000000000205,113.0,91.0,1.0457198477588228,350.38000000000005,355.17,204,22.0,-17.0,0.11,354.0,6.0
07:31:58,346.0,48.0,353.67,48.0,345.0,60.0,354.67,48.0,349.83,7.670000000000016,108.0,96.0,1.6530033272791662,346.0,353.67,204,12.0,0.0,0.06,354.0,
07:31:59,345.18,67.0,349.0,42.0,342.02,59.0,353.0,108.0,347.09,3.819999999999993,126.0,150.0,2.586681271435471,345.18,349.0,276,-24.0,72.0,-0.09,354.0,
07:32:00,345.0,55.0,350.73,37.0,341.0,44.0,353.22,72.0,347.86,5.730000000000018,99.0,109.0,2.7430603347346136,345.0,350.73,208,-10.0,-68.0,-0.05,351.29,7.0
07:32:01,350.68,63.0,353.0,56.0,344.39,71.0,354.0,56.0,351.84,2.319999999999993,134.0,112.0,2.452584351249553,350.68,353.0,246,22.0,38.0,0.09,352.0,2.0
07:32:02,352.0,64.0,353.0,64.0,341.0,96.0,354.0,64.0,352.5,1.0,160.0,128.0,2.374727352770042,352.0,353.0,288,32.0,42.0,0.11,352.0,
07:32:03,352.0,21.0,353.0,24.0,341.0,30.0,354.0,24.0,352.5,1.0,51.0,48.0,2.659533793730508,352.0,353.0,99,3.0,-184.0,0.03,352.0,1.0
07:32:04,341.0,35.0,353.0,7.0,337.0,28.0,354.0,28.0,347.0,12.0,63.0,35.0,2.6873406929517807,341.0,353.0,98,28.0,-1.0,0.29,353.0,3.0
07:32:05,342.35,52.0,353.0,8.0,338.97,38.0,354.0,32.0,347.67,10.649999999999975,90.0,40.0,2.732145676934984,342.35,353.0,130,50.0,32.0,0.38,353.0,
07:32:06,343.0,42.0,353.0,6.0,338.44,27.0,354.32,19.0,348.0,10.0,69.0,25.0,2.731442842161273,343.0,353.0,94,44.0,-36.0,0.47,353.0,
07:32:07,343.33,63.0,353.0,9.0,339.0,36.0,354.0,18.0,348.17,9.670000000000016,99.0,27.0,2.188417236267689,343.33,353.0,126,72.0,32.0,0.57,353.0,
07:32:08,344.67,84.0,353.0,12.0,341.75,48.0,354.0,24.0,348.83,8.329999999999984,132.0,36.0,0.6717365554985013,344.67,353.0,168,96.0,42.0,0.57,353.0,
07:32:09,349.0,94.0,360.83,29.0,344.06,68.0,361.76,37.0,354.91,11.829999999999984,162.0,66.0,3.044811981057993,349.0,360.83,228,96.0,60.0,0.42,356.4,5.0
07:32:10,356.79,43.0,364.0,44.0,353.11,75.0,368.0,44.0,360.4,7.2099999999999795,118.0,88.0,5.470984372121366,356.79,364.0,206,30.0,-22.0,0.15,356.4,
07:32:11,360.94,67.0,364.0,52.0,357.73,37.0,368.0,52.0,362.47,3.0600000000000023,104.0,104.0,6.513008521413027,360.94,364.0,208,0.0,2.0,0.0,356.4,
07:32:14,361.66,32.0,368.0,48.0,355.48,23.0,386.16,43.0,364.83,6.339999999999975,55.0,91.0,1.7710251268702442,361.66,368.0,146,-36.0,32.0,-0.25,359.12,8.0
07:32:15,356.0,22.0,362.17,24.0,350.0,44.0,369.05,43.0,359.08,6.170000000000016,66.0,67.0,2.288372784317604,356.0,362.17,133,-1.0,-13.0,-0.01,359.12,
07:32:16,356.0,20.0,360.78,23.0,350.0,40.0,366.89,38.0,358.39,4.779999999999973,60.0,61.0,3.036236156823908,356.0,360.7799999999999,121,-1.0,-12.0,-0.01,359.12,
07:32:17,354.0,24.0,359.4,50.0,348.81,42.0,361.0,20.0,356.7,5.399999999999977,66.0,70.0,3.715848489915007,354.0,359.4,136,-4.0,15.0,-0.03,356.0,2.0
07:32:18,346.68,38.0,357.83,36.0,344.4,50.0,359.89,27.0,352.26,11.149999999999975,88.0,63.0,4.53562233877572,346.68,357.83,151,25.0,15.0,0.17,356.0,
07:32:19,349.27,15.0,354.43,42.0,345.27,59.0,360.29,63.0,351.85,5.160000000000025,74.0,105.0,3.402459404607024,349.2699999999999,354.43,179,-31.0,28.0,-0.17,354.4,5.0
07:32:20,349.41,22.0,356.19,48.0,345.18,68.0,358.0,50.0,352.8,6.779999999999973,90.0,98.0,2.951787593983948,349.41,356.19,188,-8.0,9.0,-0.04,354.4,
07:32:21,351.53,34.0,355.45,60.0,345.94,90.0,356.97,64.0,353.49,3.920000000000016,124.0,124.0,1.9337916123503425,351.53,355.45,248,0.0,60.0,0.0,354.4,
07:32:22,343.11,75.0,353.18,51.0,340.01,265.0,356.0,51.0,348.14,10.069999999999991,340.0,102.0,2.087072111833878,343.11,353.18,442,238.0,184.0,0.54,351.0,3.0
07:32:23,340.0,144.0,348.63,76.0,339.0,378.0,351.11,61.0,344.32,8.629999999999995,522.0,137.0,3.843585565587573,340.0,348.63,659,385.0,184.0,0.58,351.0,
07:32:24,340.89,36.0,348.0,32.0,339.68,65.0,350.0,24.0,344.44,7.110000000000014,101.0,56.0,4.398308765877129,340.89,348.0,157,45.0,-184.0,0.29,351.0,
07:32:25,342.71,56.0,348.0,72.0,340.92,65.0,350.0,42.0,345.36,5.2900000000000205,121.0,114.0,3.864349880638393,342.71,348.0,235,7.0,78.0,0.03,348.0,1.0
07:32:26,345.64,28.0,348.2,41.0,343.29,56.0,350.91,44.0,346.92,2.5600000000000023,84.0,85.0,1.655077037478486,345.64,348.2,169,-1.0,-66.0,-0.01,349.43,7.0
07:32:27,346.0,24.0,352.0,24.0,342.0,98.0,358.0,60.0,349.0,6.0,122.0,84.0,1.969243509571307,346.0,352.0,206,38.0,37.0,0.18,349.43,
07:32:28,346.91,22.0,353.3,23.0,342.81,64.0,358.09,47.0,350.11,6.389999999999986,86.0,70.0,2.3866252324128645,346.91,353.3,156,16.0,-50.0,0.1,349.43,
07:32:29,350.44,32.0,357.16,68.0,349.44,32.0,358.0,51.0,353.8,6.720000000000027,64.0,119.0,3.2342263371618527,350.44,357.16,183,-55.0,27.0,-0.3,349.43,
07:32:30,351.78,45.0,353.87,84.0,350.64,44.0,358.33,107.0,352.82,2.090000000000032,89.0,191.0,2.8056371825295976,351.78,353.87,280,-102.0,97.0,-0.36,352.0,3.0
07:32:31,353.06,67.0,361.13,97.0,351.88,52.0,363.41,110.0,357.1,8.069999999999993,119.0,207.0,3.1973707948866834,353.06,361.13,326,-88.0,46.0,-0.27,353.0,1.0
07:32:32,356.72,72.0,364.59,82.0,355.53,64.0,367.93,147.0,360.65,7.869999999999948,136.0,229.0,4.073785708649376,356.72,364.59,365,-93.0,39.0,-0.25,361.0,4.0
07:32:35,360.69,26.0,365.67,45.0,357.82,34.0,369.6,47.0,363.18,4.980000000000018,60.0,92.0,3.0704152813587164,360.69,365.67,152,-32.0,-24.0,-0.21,363.0,2.0
07:32:36,358.0,56.0,367.56,61.0,357.0,28.0,368.58,72.0,362.78,9.560000000000002,84.0,133.0,1.4993098412276418,358.0,367.56,217,-49.0,65.0,-0.23,363.0,
07:32:37,358.0,52.0,365.12,32.0,357.0,26.0,366.86,59.0,361.56,7.1200000000000045,78.0,91.0,1.1523541122424823,358.0,365.12,169,-13.0,-48.0,-0.08,363.0,
07:32:38,358.0,40.0,363.6,50.0,357.0,20.0,365.0,20.0,360.8,5.600000000000023,60.0,70.0,1.3016220649642132,358.0,363.6,130,-10.0,-39.0,-0.08,363.0,
07:32:39,358.0,46.0,361.71,34.0,357.0,32.0,362.94,64.0,359.85,3.70999999999998,78.0,98.0,1.3772363631567404,358.0,361.71,176,-20.0,46.0,-0.11,358.0,2.0
07:32:40,355.68,88.0,359.18,73.0,351.46,79.0,368.49,61.0,357.43,3.5,167.0,134.0,2.0160679552040217,355.68,359.18,301,33.0,125.0,0.11,356.67,6.0
07:32:41,355.0,110.0,357.94,35.0,344.0,16.0,372.38,26.0,356.47,2.9399999999999977,126.0,61.0,2.187205980240482,355.0,357.94,187,65.0,-114.0,0.35,358.0,3.0
07:32:42,355.0,110.0,357.0,20.0,342.0,40.0,372.0,20.0,356.0,2.0,150.0,40.0,2.113516027854786,355.0,357.0,190,110.0,3.0,0.58,358.0,
07:32:43,354.35,130.0,369.78,92.0,341.95,84.0,373.77,110.0,362.07,15.42999999999995,214.0,202.0,2.5490547267564163,354.35,369.7799999999999,416,12.0,184.0,0.03,356.0,5.0
07:32:53,357.86,28.0,370.0,27.0,355.55,11.0,379.0,29.0,363.93,12.139999999999986,39.0,56.0,1.6025354910281473,357.86,370.0,95,-17.0,-107.0,-0.18,363.0,4.0
07:32:54,357.0,30.0,369.0,20.0,355.0,10.0,370.0,30.0,363.0,12.0,40.0,50.0,1.7621066937062095,357.0,369.0,90,-10.0,-5.0,-0.11,363.0,
07:32:55,357.0,36.0,368.18,33.0,355.0,12.0,369.33,27.0,362.59,11.180000000000009,48.0,60.0,1.1874426301946177,357.0,368.18,108,-12.0,18.0,-0.11,363.0,
07:32:56,357.0,30.0,366.1,20.0,355.0,10.0,368.0,30.0,361.55,9.100000000000025,40.0,50.0,1.1443426060419437,357.0,366.1,90,-10.0,-18.0,-0.11,363.0,
07:32:57,350.23,91.0,365.37,27.0,349.5,12.0,367.09,33.0,357.8,15.139999999999986,103.0,60.0,2.380132349261633,350.23,365.37,163,43.0,73.0,0.26,355.2,5.0
07:32:58,350.15,117.0,363.26,38.0,348.87,62.0,365.0,57.0,356.71,13.110000000000014,179.0,95.0,2.8822820819622192,350.15,363.26,274,84.0,111.0,0.31,351.2,5.0
07:32:59,349.6,91.0,359.12,32.0,347.43,42.0,361.56,36.0,354.36,9.519999999999982,133.0,68.0,3.4209750072163496,349.6,359.12,201,65.0,-73.0,0.32,350.0,4.0
07:33:00,351.25,40.0,355.36,39.0,349.0,84.0,357.2,30.0,353.3,4.110000000000014,124.0,69.0,3.2310416277103693,351.25,355.36,193,55.0,-8.0,0.28,353.5,2.0
07:33:01,349.15,82.0,353.23,30.0,345.11,38.0,355.32,28.0,351.19,4.080000000000041,120.0,58.0,2.647729215761193,349.15,353.2300000000001,178,62.0,-15.0,0.35,352.62,8.0
07:33:02,346.0,8.0,353.09,22.0,341.67,18.0,357.71,7.0,349.55,7.089999999999975,26.0,29.0,2.778483399265474,346.0,353.09,55,-3.0,-123.0,-0.05,352.62,
07:33:03,347.0,12.0,351.87,30.0,343.83,24.0,352.8,45.0,349.43,4.8700000000000045,36.0,75.0,2.212539265186628,347.0,351.87,111,-39.0,56.0,-0.35,352.62,
07:33:04,344.67,18.0,348.63,41.0,341.48,50.0,350.46,13.0,346.65,3.95999999999998,68.0,54.0,2.4521990131290794,344.67,348.63,122,14.0,11.0,0.11,352.62,
07:33:05,344.0,30.0,347.05,42.0,341.0,90.0,350.0,15.0,345.52,3.050000000000012,120.0,57.0,2.31847363581947,344.0,347.05,177,63.0,55.0,0.36,347.0,2.0
07:33:06,344.0,14.0,346.0,14.0,341.0,42.0,350.0,7.0,345.0,2.0,56.0,21.0,2.1480107076057418,344.0,346.0,77,35.0,-100.0,0.45,347.0,
07:33:07,344.0,10.0,346.0,10.0,341.0,30.0,350.0,5.0,345.0,2.0,40.0,15.0,1.864524067956256,344.0,346.0,55,25.0,-22.0,0.45,347.0,
07:33:08,344.0,14.0,345.06,32.0,341.0,42.0,346.31,13.0,344.53,1.0600000000000025,56.0,45.0,0.8117573529000441,344.0,345.06,101,11.0,46.0,0.11,347.0,
07:33:09,344.0,14.0,345.0,11.0,341.0,42.0,346.0,14.0,344.5,1.0,56.0,25.0,0.418568990713485,344.0,345.0,81,31.0,-20.0,0.38,345.0,4.0
07:33:10,344.0,18.0,347.76,17.0,341.0,54.0,348.47,15.0,345.88,3.759999999999991,72.0,32.0,0.5576020085930246,344.0,347.76,104,40.0,23.0,0.38,348.5,6.0
07:33:11,344.29,17.0,349.4,20.0,341.65,46.0,352.71,14.0,346.85,5.109999999999957,63.0,34.0,1.006016898460133,344.29,349.4,97,29.0,-7.0,0.3,348.33,6.0
07:33:12,345.97,29.0,353.94,16.0,345.1,20.0,359.11,19.0,349.95,7.96999999999997,49.0,35.0,2.24529953458068,345.97,353.94,84,14.0,-13.0,0.17,351.5,2.0
07:33:13,348.8,41.0,353.56,16.0,346.62,29.0,356.71,14.0,351.18,4.759999999999991,70.0,30.0,2.8037421422073385,348.8,353.56,100,40.0,16.0,0.4,354.0,1.0
07:33:14,350.84,38.0,353.0,11.0,349.29,17.0,361.0,11.0,351.92,2.160000000000025,55.0,22.0,2.665357386916592,350.84,353.0,77,33.0,-23.0,0.43,354.0,
07:33:15,352.82,44.0,358.09,11.0,343.0,18.0,362.27,11.0,355.45,5.269999999999982,62.0,22.0,3.121770331077015,352.82,358.09,84,40.0,7.0,0.48,353.0,1.0
07:33:16,354.57,28.0,361.0,7.0,341.0,14.0,363.0,7.0,357.79,6.430000000000007,42.0,14.0,3.255575217990677,354.57,361.0,56,28.0,-28.0,0.5,353.0,
07:33:17,356.2,40.0,362.43,14.0,345.0,20.0,363.8,10.0,359.31,6.230000000000018,60.0,24.0,3.555172288370421,356.2,362.43,84,36.0,28.0,0.43,362.0,2.0
07:33:18,359.0,36.0,365.0,50.0,352.71,28.0,371.0,10.0,362.0,6.0,64.0,60.0,3.832000782880818,359.0,365.0,124,4.0,40.0,0.03,362.0,
07:33:21,358.42,48.0,368.3,20.0,355.85,52.0,406.42,19.0,363.36,9.879999999999995,100.0,39.0,1.9786308397487584,358.42,368.3,139,61.0,-17.0,0.44,362.0,
07:33:22,355.79,56.0,365.0,14.0,351.18,61.0,369.0,28.0,360.39,9.20999999999998,117.0,42.0,1.55154761448212,355.79,365.0,159,75.0,20.0,0.47,356.4,5.0
07:33:23,354.0,56.0,362.91,22.0,347.0,38.0,368.92,52.0,358.45,8.910000000000025,94.0,74.0,2.501809345254829,354.0,362.91,168,20.0,9.0,0.12,363.0,2.0
07:33:24,354.43,49.0,361.03,37.0,350.23,26.0,363.85,13.0,357.73,6.599999999999966,75.0,50.0,2.82436364514256,354.43,361.03,125,25.0,-43.0,0.2,363.0,
07:33:25,355.92,91.0,360.86,37.0,354.0,52.0,361.29,28.0,358.39,4.939999999999998,143.0,65.0,2.292636037403608,355.92,360.86,208,78.0,83.0,0.38,363.0,
07:33:26,357.16,127.0,359.0,18.0,355.29,63.0,363.2,82.0,358.08,1.839999999999975,190.0,100.0,1.0365423290924918,357.16,359.0,290,90.0,82.0,0.31,358.0,4.0
07:33:27,358.0,41.0,362.33,18.0,357.0,42.0,371.11,94.0,360.17,4.329999999999984,83.0,112.0,0.9423799658314358,358.0,362.33,195,-29.0,-95.0,-0.15,358.0,1.0
07:33:28,358.64,33.0,371.0,65.0,357.44,32.0,373.0,65.0,364.82,12.360000000000014,65.0,130.0,2.939450628944431,358.64,371.0,195,-65.0,0.0,-0.33,359.0,3.0
07:33:29,358.0,20.0,369.6,50.0,357.0,30.0,372.29,42.0,363.8,11.600000000000025,50.0,92.0,3.100253215465341,358.0,369.6,142,-42.0,-53.0,-0.3,359.0,
07:33:30,358.0,18.0,369.0,60.0,357.0,36.0,373.0,12.0,363.5,11.0,54.0,72.0,2.834180657615932,358.0,369.0,126,-18.0,-16.0,-0.14,358.0,1.0
07:33:31,358.67,15.0,369.0,50.0,357.25,20.0,370.3,10.0,363.83,10.329999999999984,35.0,60.0,1.7782941264047234,358.67,369.0,95,-25.0,-31.0,-0.26,358.0,
07:33:32,359.13,30.0,369.0,75.0,358.0,15.0,370.0,15.0,364.07,9.870000000000005,45.0,90.0,0.4990290572767264,359.13,369.0,135,-45.0,40.0,-0.33,358.0,
07:33:33,359.46,26.0,369.0,65.0,355.82,22.0,370.0,13.0,364.23,9.54000000000002,48.0,78.0,0.2791594526544987,359.46,369.0,126,-30.0,-9.0,-0.24,359.25,4.0
07:33:34,357.0,16.0,369.0,40.0,354.0,32.0,370.0,8.0,363.0,12.0,48.0,48.0,0.4902346377054297,357.0,369.0,96,0.0,-30.0,0.0,359.25,
07:33:35,358.2,20.0,368.92,38.0,354.33,36.0,369.32,22.0,363.56,10.720000000000027,56.0,60.0,0.4840144626002275,358.2,368.92,116,-4.0,20.0,-0.03,359.25,
07:33:38,360.6,10.0,364.0,8.0,355.73,33.0,372.0,8.0,362.3,3.3999999999999773,43.0,16.0,1.1177208953965578,360.6,364.0,59,27.0,-79.0,0.46,363.0,1.0
07:33:39,357.0,22.0,363.36,11.0,355.0,176.0,370.52,27.0,360.18,6.360000000000014,198.0,38.0,1.9235072134009716,357.0,363.36,236,160.0,177.0,0.68,363.0,
07:33:40,357.0,32.0,363.0,16.0,355.0,256.0,370.0,108.0,360.0,6.0,288.0,124.0,2.3064431490945005,357.0,363.0,412,164.0,176.0,0.4,363.0,
07:33:41,357.0,19.0,361.3,10.0,355.0,184.0,370.0,65.0,359.15,4.300000000000011,203.0,75.0,1.945425403351128,357.0,361.3,278,128.0,-134.0,0.46,357.0,1.0
07:33:42,357.0,14.0,360.57,14.0,355.0,280.0,370.0,56.0,358.79,3.569999999999993,294.0,70.0,1.3669052637264378,357.0,360.57,364,224.0,86.0,0.62,357.0,
07:33:43,357.0,12.0,359.92,12.0,355.0,240.0,368.75,48.0,358.46,2.920000000000016,252.0,60.0,0.7502199677443807,357.0,359.92,312,192.0,-52.0,0.62,357.0,
07:33:44,355.07,145.0,357.27,22.0,350.89,184.0,369.52,46.0,356.17,2.1999999999999886,329.0,68.0,1.4305698165422291,355.07,357.27,397,261.0,85.0,0.66,357.0,1.0
07:33:45,355.0,224.0,365.22,36.0,346.0,144.0,369.91,44.0,360.11,10.220000000000027,368.0,80.0,1.4596848975041503,355.0,365.22,448,288.0,51.0,0.64,355.0,2.0
07:33:46,357.15,80.0,366.18,79.0,350.59,88.0,368.7,53.0,361.66,9.03000000000003,168.0,132.0,2.039919116044103,357.15,366.18,300,36.0,-148.0,0.12,355.0,
07:33:48,356.75,56.0,364.39,49.0,354.48,69.0,366.09,55.0,360.57,7.639999999999986,125.0,104.0,2.637267525300247,356.75,364.39,229,21.0,-12.0,0.09,358.5,4.0
07:33:49,355.0,105.0,361.31,55.0,349.0,15.0,363.91,65.0,358.15,6.310000000000002,120.0,120.0,1.896080167082529,355.0,361.31,240,0.0,11.0,0.0,358.5,
07:33:50,355.0,98.0,358.22,46.0,349.0,14.0,359.09,66.0,356.61,3.2200000000000277,112.0,112.0,2.6774278701774787,355.0,358.2200000000001,224,0.0,-16.0,0.0,358.5,
07:33:51,355.0,69.0,356.58,36.0,349.0,12.0,362.71,63.0,355.79,1.579999999999984,81.0,99.0,3.0562264314023024,355.0,356.58,180,-18.0,-44.0,-0.1,355.0,5.0
07:33:52,353.0,27.0,369.0,56.0,350.0,22.0,370.84,63.0,361.0,16.0,49.0,119.0,2.320814512192155,353.0,369.0,168,-70.0,-12.0,-0.42,355.0,2.0
07:33:53,353.0,26.0,364.49,49.0,351.0,26.0,365.83,29.0,358.74,11.490000000000007,52.0,78.0,2.022960701546469,353.0,364.49000000000007,130,-26.0,-38.0,-0.2,355.0,
07:33:54,354.57,84.0,362.12,43.0,352.65,46.0,363.04,95.0,358.34,7.550000000000011,130.0,138.0,2.0269015762985165,354.57,362.12,268,-8.0,138.0,-0.03,355.0,
07:33:55,355.64,78.0,361.0,85.0,354.48,54.0,362.0,17.0,358.32,5.360000000000014,132.0,102.0,1.850032432148613,355.64,361.0,234,30.0,-34.0,0.13,355.0,
07:33:56,357.0,85.0,360.41,85.0,355.0,68.0,362.0,17.0,358.71,3.410000000000025,153.0,102.0,1.1233076159281823,357.0,360.41,255,51.0,21.0,0.2,355.0,
07:33:57,357.0,65.0,359.57,53.0,355.0,100.0,360.56,25.0,358.28,2.569999999999993,165.0,78.0,0.2267597847983481,357.0,359.57,243,87.0,-12.0,0.36,355.0,
07:33:58,356.07,69.0,358.0,62.0,354.63,76.0,361.67,57.0,357.04,1.9300000000000068,145.0,119.0,0.6377460309570575,356.07,358.0,264,26.0,21.0,0.1,357.38,8.0
07:33:59,355.07,86.0,362.11,36.0,352.94,34.0,367.6,47.0,358.59,7.0400000000000205,120.0,83.0,0.6666858330589677,355.07,362.11,203,37.0,-61.0,0.18,356.0,2.0
07:34:00,355.0,112.0,363.83,29.0,348.0,14.0,364.51,41.0,359.41,8.829999999999984,126.0,70.0,0.8683490081768709,355.0,363.83,196,56.0,-7.0,0.29,356.0,
07:34:01,355.0,50.0,362.6,15.0,348.0,15.0,363.9,58.0,358.8,7.600000000000023,65.0,73.0,0.8771145877260138,355.0,362.6,138,-8.0,-58.0,-0.06,355.0,5.0
07:34:02,351.05,41.0,361.56,16.0,343.64,22.0,363.57,56.0,356.31,10.509999999999993,63.0,72.0,1.2989803693672413,351.05,361.56,135,-9.0,-3.0,-0.07,355.0,3.0
07:34:03,350.19,64.0,361.0,16.0,347.06,16.0,366.5,64.0,355.59,10.810000000000002,80.0,80.0,1.6809521111564265,350.19,361.0,160,0.0,25.0,0.0,355.0,
07:34:04,351.0,60.0,365.0,27.0,348.14,42.0,368.79,58.0,358.0,14.0,102.0,85.0,1.6261826465686933,351.0,365.0,187,17.0,27.0,0.09,355.0,
07:34:05,354.57,42.0,366.0,84.0,351.97,35.0,367.46,39.0,360.29,11.430000000000009,77.0,123.0,1.8936921608332409,354.57,366.0,200,-46.0,13.0,-0.23,355.0,
07:34:06,357.0,68.0,365.38,84.0,354.0,34.0,366.38,64.0,361.19,8.379999999999995,102.0,148.0,2.434313044783184,357.0,365.38,250,-46.0,50.0,-0.18,355.0,
07:34:07,356.54,35.0,365.0,52.0,352.89,19.0,368.54,52.0,360.77,8.45999999999998,54.0,104.0,2.34947228117341,356.54,365.0,158,-50.0,-92.0,-0.32,359.0,3.0
07:34:08,355.84,98.0,364.35,68.0,353.91,33.0,368.36,73.0,360.09,8.510000000000048,131.0,141.0,1.2326881195187838,355.84,364.35,272,-10.0,114.0,-0.04,359.0,
07:34:09,356.35,92.0,363.57,56.0,355.09,44.0,367.0,56.0,359.96,7.21999999999997,136.0,112.0,0.5110772935702086,356.35,363.57,248,24.0,-24.0,0.1,359.0,
07:34:10,358.34,94.0,362.33,60.0,356.9,116.0,366.45,65.0,360.34,3.990000000000009,210.0,125.0,0.5073953094019105,358.34,362.33,335,85.0,87.0,0.25,359.0,
07:34:11,358.93,55.0,361.5,48.0,356.86,84.0,364.6,50.0,360.21,2.569999999999993,139.0,98.0,0.3110144691214733,358.93,361.5,237,41.0,-98.0,0.17,359.83,6.0
07:34:12,357.0,102.0,362.7,53.0,354.0,28.0,363.85,61.0,359.85,5.699999999999989,130.0,114.0,0.1945507645905814,357.0,362.7,244,16.0,7.0,0.07,357.0,1.0
07:34:13,357.0,98.0,358.79,28.0,354.0,28.0,361.0,70.0,357.89,1.7900000000000205,126.0,98.0,1.0029207346557671,357.0,358.79,224,28.0,-20.0,0.12,357.0,2.0
07:34:14,357.0,47.0,361.0,50.0,355.86,29.0,369.0,35.0,359.0,4.0,76.0,85.0,1.0204753794199708,357.0,361.0,161,-9.0,-63.0,-0.06,357.0,3.0
07:34:15,357.0,12.0,361.0,30.0,356.0,18.0,367.33,30.0,359.0,4.0,30.0,60.0,0.8997499652693348,357.0,361.0,90,-30.0,-71.0,-0.33,357.0,
07:34:16,357.0,24.0,360.17,60.0,356.0,36.0,366.0,60.0,358.58,3.170000000000016,60.0,120.0,0.7138837440381728,357.0,360.17,180,-60.0,90.0,-0.33,357.0,
07:34:17,357.0,43.0,359.0,75.0,356.0,48.0,360.25,72.0,358.0,2.0,91.0,147.0,0.5311120409119964,357.0,359.0,238,-56.0,58.0,-0.24,358.29,7.0
07:34:18,357.0,24.0,359.88,40.0,356.0,24.0,371.43,14.0,358.44,2.8799999999999955,48.0,54.0,0.4200952273018236,357.0,359.88,102,-6.0,-136.0,-0.06,358.29,
07:34:19,357.0,24.0,359.0,40.0,356.0,24.0,370.0,24.0,358.0,2.0,48.0,64.0,0.4224689337710572,357.0,359.0,112,-16.0,10.0,-0.14,358.29,
07:34:20,357.0,27.0,359.0,44.0,356.0,27.0,368.0,27.0,358.0,2.0,54.0,71.0,0.283689971626667,357.0,359.0,125,-17.0,13.0,-0.14,359.0,1.0
07:34:21,356.36,25.0,358.45,44.0,354.72,25.0,368.27,33.0,357.41,2.089999999999975,50.0,77.0,0.3664696440380983,356.36,358.45,127,-27.0,2.0,-0.21,356.75,4.0
07:34:22,356.0,24.0,357.0,33.0,354.0,24.0,367.47,45.0,356.5,1.0,48.0,78.0,0.7495331880585784,356.0,357.0,126,-30.0,-1.0,-0.24,357.0,3.0
07:34:23,356.0,14.0,357.0,10.0,354.0,14.0,365.75,16.0,356.5,1.0,28.0,26.0,0.753405601254104,356.0,357.0,54,2.0,-72.0,0.04,357.0,
07:34:24,356.0,14.0,357.0,14.0,354.0,16.0,367.0,16.0,356.5,1.0,30.0,30.0,0.6921849463842064,356.0,357.0,60,0.0,6.0,0.0,356.0,1.0
07:34:25,356.0,8.0,366.33,15.0,354.0,16.0,368.56,9.0,361.17,10.329999999999984,24.0,24.0,2.025445629979054,356.0,366.33,48,0.0,-12.0,0.0,356.0,
07:34:26,356.67,9.0,367.0,18.0,355.0,12.0,369.0,9.0,361.83,10.329999999999984,21.0,27.0,2.7485359739325945,356.67,367.0,48,-6.0,0.0,-0.12,356.0,
07:34:27,353.67,12.0,367.0,24.0,347.26,68.0,369.0,12.0,360.33,13.329999999999984,80.0,36.0,2.5803546267910416,353.67,367.0,116,44.0,68.0,0.38,354.8,5.0
07:34:28,353.0,10.0,367.0,20.0,347.0,52.0,369.0,10.0,360.0,14.0,62.0,30.0,2.0658484939613286,353.0,367.0,92,32.0,-24.0,0.35,354.8,
07:34:29,353.0,11.0,365.2,20.0,347.0,66.0,366.23,13.0,359.1,12.199999999999989,77.0,33.0,1.0554288228026365,353.0,365.2,110,44.0,18.0,0.4,354.8,
07:34:30,353.0,29.0,361.75,24.0,347.0,114.0,363.06,33.0,357.38,8.75,143.0,57.0,1.6402957050490097,353.0,361.75,200,86.0,90.0,0.43,354.8,
07:34:31,353.92,25.0,360.59,17.0,348.03,58.0,364.68,28.0,357.25,6.669999999999959,83.0,45.0,1.439538120371216,353.92,360.59,128,38.0,-72.0,0.3,361.0,2.0
07:34:32,356.0,16.0,357.56,16.0,353.0,16.0,359.0,16.0,356.78,1.5600000000000025,32.0,32.0,1.377795340390442,356.0,357.56,64,0.0,-64.0,0.0,361.0,
07:34:33,353.82,11.0,357.0,11.0,346.45,11.0,366.38,13.0,355.41,3.180000000000007,22.0,24.0,1.3251528213761423,353.82,357.0,46,-2.0,-18.0,-0.04,356.0,1.0
07:34:34,353.0,10.0,357.0,10.0,345.4,10.0,370.0,20.0,355.0,4.0,20.0,30.0,1.090976626697714,353.0,357.0,50,-10.0,4.0,-0.2,356.0,
07:34:35,353.0,6.0,357.0,6.0,346.0,6.0,370.0,12.0,355.0,4.0,12.0,18.0,1.055495144470361,353.0,357.0,30,-6.0,-20.0,-0.2,356.0,
07:34:36,348.0,15.0,354.65,23.0,345.47,15.0,364.25,24.0,351.33,6.649999999999977,30.0,47.0,2.0228272293994936,348.0,354.65,77,-17.0,47.0,-0.22,353.0,1.0
07:34:37,346.27,15.0,349.17,36.0,343.8,15.0,351.52,23.0,347.72,2.900000000000034,30.0,59.0,3.3323070086652256,346.2699999999999,349.17,89,-29.0,12.0,-0.33,350.0,1.0
07:34:38,342.97,74.0,347.65,40.0,341.9,20.0,350.0,40.0,345.31,4.67999999999995,94.0,80.0,4.334786038548916,342.97,347.65,174,14.0,85.0,0.08,350.0,
07:34:39,343.0,30.0,345.8,30.0,342.0,9.0,350.57,14.0,344.4,2.800000000000012,39.0,44.0,4.402723021040255,343.0,345.8,83,-5.0,-91.0,-0.06,345.67,3.0
07:34:40,343.0,30.0,344.0,35.0,342.0,10.0,350.0,20.0,343.5,1.0,40.0,55.0,3.14769280584955,343.0,344.0,95,-15.0,12.0,-0.16,344.0,3.0
07:34:41,344.53,59.0,348.55,33.0,341.33,27.0,351.29,17.0,346.54,4.020000000000039,86.0,50.0,1.677492175837726,344.53,348.55,136,36.0,41.0,0.26,346.0,3.0
07:34:42,345.82,85.0,350.0,32.0,335.32,19.0,358.0,17.0,347.91,4.180000000000007,104.0,49.0,1.7414562871334995,345.82,350.0,153,55.0,17.0,0.36,350.0,1.0
07:34:43,347.66,108.0,350.89,18.0,339.46,26.0,358.2,20.0,349.27,3.2299999999999613,134.0,38.0,2.3936227772974115,347.6600000000001,350.89,172,96.0,19.0,0.56,350.0,1.0
07:34:44,349.32,95.0,361.12,80.0,337.73,99.0,374.63,38.0,355.22,11.800000000000011,194.0,118.0,4.328402707696855,349.32,361.12,312,76.0,140.0,0.24,359.25,4.0
07:34:45,351.0,64.0,361.0,60.0,337.06,67.0,362.0,24.0,356.0,10.0,131.0,84.0,4.337057758434615,351.0,361.0,215,47.0,-97.0,0.22,359.25,
07:34:46,352.84,61.0,360.55,60.0,349.67,92.0,445.33,72.0,356.69,7.710000000000036,153.0,132.0,4.103775091302921,352.84,360.55,285,21.0,70.0,0.07,360.5,4.0
07:34:47,354.08,52.0,360.0,39.0,351.0,65.0,555.0,65.0,357.04,5.920000000000016,117.0,104.0,3.1928560882067254,354.08,360.0,221,13.0,-64.0,0.06,360.5,
07:34:48,354.6,70.0,358.44,41.0,351.98,98.0,429.61,54.0,356.52,3.839999999999975,168.0,95.0,0.7078700445695322,354.6,358.44,263,73.0,42.0,0.28,354.6,5.0
07:34:49,353.0,50.0,357.0,30.0,351.0,40.0,449.8,25.0,355.0,4.0,90.0,55.0,0.7930321557155762,353.0,357.0,145,35.0,-118.0,0.24,353.0,1.0
07:34:50,353.19,52.0,357.0,85.0,352.26,95.0,512.65,52.0,355.1,3.8100000000000014,147.0,137.0,0.9504735661757666,353.19,357.0,284,10.0,139.0,0.04,353.0,
07:34:51,354.0,30.0,357.0,60.0,353.0,72.0,480.75,28.0,355.5,3.0,102.0,88.0,0.9042787180946312,354.0,357.0,190,14.0,-94.0,0.07,353.0,
07:34:52,353.57,70.0,356.62,56.0,352.37,79.0,384.84,43.0,355.1,3.050000000000012,149.0,99.0,0.6314111180513325,353.57,356.62,248,50.0,58.0,0.2,353.0,
07:34:53,353.45,89.0,361.32,65.0,348.45,66.0,366.25,57.0,357.39,7.870000000000003,155.0,122.0,1.0090193258797673,353.45,361.32,277,33.0,29.0,0.12,356.0,5.0
07:34:54,353.44,64.0,363.0,42.0,344.33,63.0,364.0,56.0,358.22,9.560000000000002,127.0,98.0,1.4480400546942709,353.44,363.0,225,29.0,-52.0,0.13,353.0,3.0
07:34:55,355.14,28.0,363.0,30.0,353.82,34.0,364.0,40.0,359.07,7.860000000000014,62.0,70.0,1.715351275977939,355.14,363.0,132,-8.0,-93.0,-0.06,353.0,
07:34:56,355.33,42.0,363.7,40.0,353.42,38.0,477.96,52.0,359.52,8.370000000000005,80.0,92.0,1.7455514887849155,355.33,363.7,172,-12.0,40.0,-0.07,362.0,1.0
07:34:57,355.0,44.0,360.92,25.0,353.0,33.0,362.04,48.0,357.96,5.920000000000016,77.0,73.0,0.8579452196960675,355.0,360.92,150,4.0,-22.0,0.03,362.0,
07:34:58,355.0,65.0,358.85,26.0,353.0,39.0,361.0,65.0,356.92,3.850000000000023,104.0,91.0,1.012482098606837,355.0,358.85,195,13.0,45.0,0.07,362.0,
07:34:59,355.0,61.0,356.85,26.0,353.0,39.0,360.4,53.0,355.92,1.8500000000000227,100.0,79.0,1.4895704078690806,355.0,356.85,179,21.0,-16.0,0.12,355.0,2.0
07:35:00,351.39,31.0,355.0,24.0,345.78,23.0,367.73,44.0,353.19,3.6100000000000136,54.0,68.0,2.372597732444175,351.39,355.0,122,-14.0,-57.0,-0.11,354.0,6.0
07:35:01,347.95,60.0,354.75,40.0,342.6,40.0,369.0,80.0,351.35,6.800000000000011,100.0,120.0,2.7326671952506776,347.95,354.75,220,-20.0,98.0,-0.09,354.0,
07:35:02,349.49,118.0,352.66,29.0,347.48,46.0,369.56,64.0,351.07,3.170000000000016,164.0,93.0,2.6455528722743744,349.49,352.66,257,71.0,37.0,0.28,352.0,1.0
07:35:03,350.29,112.0,359.37,38.0,344.73,33.0,369.55,55.0,354.83,9.079999999999984,145.0,93.0,2.120664990044196,350.29,359.37,238,52.0,-19.0,0.22,351.0,1.0
07:35:04,352.77,124.0,362.62,66.0,344.71,42.0,370.36,33.0,357.7,9.850000000000025,166.0,99.0,2.73635158559698,352.77,362.62,265,67.0,27.0,0.25,351.0,
07:35:05,362.0,140.0,363.0,70.0,356.61,124.0,372.0,56.0,362.5,1.0,264.0,126.0,4.773253607341569,362.0,363.0,390,138.0,125.0,0.35,351.0,
07:35:06,362.0,130.0,363.0,65.0,357.0,104.0,371.67,48.0,362.5,1.0,234.0,113.0,4.956606702170318,362.0,363.0,347,121.0,-43.0,0.35,351.0,
07:35:07,362.0,100.0,363.0,50.0,357.0,80.0,368.0,20.0,362.5,1.0,180.0,70.0,3.5626085948361226,362.0,363.0,250,110.0,-97.0,0.44,351.0,
07:35:08,362.0,149.0,363.0,95.0,357.0,120.0,371.56,54.0,362.5,1.0,269.0,149.0,2.146625258399912,362.0,363.0,418,120.0,168.0,0.29,362.0,1.0
07:35:09,362.0,36.0,363.0,24.0,357.0,32.0,372.0,16.0,362.5,1.0,68.0,40.0,0.0,362.0,363.0,108,28.0,-184.0,0.26,362.0,
07:35:10,362.0,99.0,363.0,48.0,357.0,88.0,369.94,34.0,362.5,1.0,187.0,82.0,0.0,362.0,363.0,269,105.0,161.0,0.39,362.0,
07:35:11,358.21,95.0,363.0,60.0,355.41,51.0,369.12,34.0,360.61,4.7900000000000205,146.0,94.0,0.8452336954952655,358.21,363.0,240,52.0,-29.0,0.22,362.0,9.0
07:35:12,357.0,39.0,363.0,40.0,354.0,24.0,372.0,32.0,360.0,6.0,63.0,72.0,1.2214417710232657,357.0,363.0,135,-9.0,-105.0,-0.07,357.0,4.0
07:35:13,357.0,52.0,362.74,54.0,354.0,39.0,368.43,53.0,359.87,5.740000000000009,91.0,107.0,1.3117659852276649,357.0,362.74,198,-16.0,63.0,-0.08,357.0,
07:35:14,357.0,44.0,362.0,65.0,354.0,33.0,368.82,44.0,359.5,5.0,77.0,109.0,1.1894242304578164,357.0,362.0,186,-32.0,-12.0,-0.17,357.0,
07:35:15,357.6,40.0,360.94,32.0,356.4,60.0,362.0,36.0,359.27,3.339999999999975,100.0,68.0,0.5146357935472815,357.6,360.94,168,32.0,-18.0,0.19,357.0,
07:35:16,357.11,47.0,360.0,28.0,356.0,27.0,362.0,14.0,358.55,2.8899999999999864,74.0,42.0,0.5751260731351971,357.11,360.0,116,32.0,-52.0,0.28,358.0,2.0
07:35:17,355.0,36.0,359.91,22.0,348.89,27.0,362.0,11.0,357.45,4.910000000000025,63.0,33.0,0.9564099539422232,355.0,359.91,96,30.0,-20.0,0.31,356.8,5.0
07:35:18,354.0,33.0,359.0,22.0,348.0,33.0,364.69,39.0,356.5,5.0,66.0,61.0,1.264448496380773,354.0,359.0,127,5.0,31.0,0.04,356.8,
07:35:19,354.0,27.0,359.0,18.0,348.0,27.0,365.0,45.0,356.5,5.0,54.0,63.0,1.23686296734903,354.0,359.0,117,-9.0,-10.0,-0.08,356.8,
07:35:20,346.8,30.0,359.21,19.0,345.2,20.0,365.08,36.0,353.01,12.409999999999968,50.0,55.0,2.0758781274437106,346.8,359.21,105,-5.0,-12.0,-0.05,351.67,6.0
07:35:21,349.21,58.0,365.33,75.0,344.97,62.0,366.46,52.0,357.27,16.120000000000005,120.0,127.0,1.8061644443403104,349.21,365.33,247,-7.0,142.0,-0.03,358.0,1.0
07:35:22,349.47,75.0,362.73,75.0,347.95,85.0,364.47,75.0,356.1,13.259999999999993,160.0,150.0,1.657265820560807,349.47,362.73,310,10.0,63.0,0.03,358.0,
07:35:23,350.08,71.0,360.05,88.0,348.19,43.0,361.18,94.0,355.06,9.970000000000027,114.0,182.0,1.6468059995029862,350.08,360.05,296,-68.0,-14.0,-0.23,358.0,
07:35:24,351.0,15.0,357.0,60.0,350.0,75.0,358.0,75.0,354.0,6.0,90.0,135.0,1.6798720189344551,351.0,357.0,225,-45.0,-71.0,-0.2,358.0,
07:35:25,352.14,35.0,356.45,44.0,348.93,42.0,358.0,55.0,354.3,4.310000000000002,77.0,99.0,1.347026354604457,352.14,356.45,176,-22.0,-49.0,-0.12,353.0,1.0
07:35:26,350.6,63.0,354.7,53.0,340.63,54.0,358.46,65.0,352.65,4.099999999999966,117.0,118.0,1.28020310888504,350.6,354.7,235,-1.0,59.0,-0.0,353.0,4.0
07:35:27,342.6,40.0,357.0,90.0,340.73,74.0,361.0,90.0,349.8,14.399999999999975,114.0,180.0,2.0715260075603115,342.6,357.0,294,-66.0,59.0,-0.22,353.0,
07:35:28,348.03,60.0,355.47,75.0,346.48,77.0,361.0,75.0,351.75,7.440000000000055,137.0,150.0,1.8279086410427487,348.03,355.47,287,-13.0,-7.0,-0.05,353.0,
07:35:29,350.0,22.0,354.26,39.0,347.38,64.0,361.0,55.0,352.13,4.259999999999991,86.0,94.0,1.6242321262672856,350.0,354.26,180,-8.0,-107.0,-0.04,354.0,2.0
07:35:30,350.0,18.0,352.78,27.0,343.0,18.0,363.0,45.0,351.39,2.7799999999999727,36.0,72.0,1.081008788122792,350.0,352.78,108,-36.0,-72.0,-0.33,354.0,
07:35:31,345.18,34.0,351.44,18.0,341.32,76.0,363.0,50.0,348.31,6.259999999999991,110.0,68.0,1.5923818637496128,345.18,351.44,178,42.0,70.0,0.24,351.0,2.0
07:35:32,345.86,118.0,349.85,13.0,342.62,110.0,363.0,80.0,347.86,3.990000000000009,228.0,93.0,2.0342369576818435,345.86,349.85,321,135.0,143.0,0.42,348.0,1.0
07:35:33,344.0,99.0,350.06,17.0,341.0,176.0,359.95,63.0,347.03,6.060000000000002,275.0,80.0,2.2679241609892364,344.0,350.06,355,195.0,34.0,0.55,350.0,2.0
07:35:34,341.88,68.0,355.8,25.0,340.75,73.0,363.19,31.0,348.84,13.920000000000016,141.0,56.0,1.6508573530134936,341.88,355.8,197,85.0,-158.0,0.43,344.0,4.0
07:35:35,341.0,208.0,362.68,44.0,339.0,39.0,363.34,53.0,351.84,21.680000000000007,247.0,97.0,1.8369077276767796,341.0,362.68,344,150.0,147.0,0.44,344.0,
07:35:36,342.0,112.0,360.52,31.0,341.0,224.0,362.94,90.0,351.26,18.519999999999985,336.0,121.0,2.1041340261491444,342.0,360.52,457,215.0,113.0,0.47,344.0,
07:35:37,352.6,126.0,357.36,50.0,348.99,163.0,360.35,46.0,354.98,4.759999999999991,289.0,96.0,3.033957811176426,352.6,357.36,385,193.0,-72.0,0.5,356.33,3.0
07:35:38,356.0,36.0,357.0,32.0,354.0,72.0,359.0,32.0,356.5,1.0,108.0,64.0,3.0557290455794592,356.0,357.0,172,44.0,-184.0,0.26,356.0,2.0
07:35:39,355.68,57.0,357.24,51.0,353.57,112.0,360.33,42.0,356.46,1.5600000000000025,169.0,93.0,2.5109201500640297,355.68000000000006,357.24,262,76.0,90.0,0.29,356.0,4.0
07:35:40,354.72,72.0,361.0,36.0,352.81,84.0,364.0,12.0,357.86,6.279999999999973,156.0,48.0,2.534782041911547,354.72,361.0,204,108.0,-58.0,0.53,356.0,
07:35:41,354.07,58.0,361.0,30.0,353.75,48.0,364.0,10.0,357.53,6.930000000000007,106.0,40.0,1.127466185744378,354.07000000000005,361.0,146,66.0,-58.0,0.45,355.0,4.0
07:35:42,354.0,53.0,361.0,18.0,353.0,12.0,364.0,6.0,357.5,7.0,65.0,24.0,0.6456779382919257,354.0,361.0,89,41.0,-57.0,0.46,354.0,1.0
07:35:43,354.0,64.0,359.0,24.0,353.0,16.0,361.0,24.0,356.5,5.0,80.0,48.0,0.6456779382919257,354.0,359.0,128,32.0,39.0,0.25,354.0,
07:35:44,354.0,40.0,359.0,15.0,353.0,10.0,361.0,15.0,356.5,5.0,50.0,30.0,0.6348385621533227,354.0,359.0,80,20.0,-48.0,0.25,354.0,
07:35:45,344.03,60.0,361.0,36.0,337.99,139.0,366.83,60.0,352.52,16.970000000000027,199.0,96.0,2.0700724624990814,344.03,361.0,295,103.0,184.0,0.35,353.0,2.0
07:35:46,340.0,70.0,356.0,30.0,337.0,138.0,364.75,40.0,348.0,16.0,208.0,70.0,3.960186864277624,340.0,356.0,278,138.0,-17.0,0.5,353.0,
07:35:47,341.42,55.0,355.5,30.0,339.41,22.0,366.29,65.0,348.46,14.079999999999984,77.0,95.0,4.138777597310238,341.42,355.5,172,-18.0,-106.0,-0.1,353.0,
07:35:48,354.67,45.0,359.0,64.0,349.21,38.0,360.0,48.0,356.83,4.329999999999984,83.0,112.0,4.222371371634321,354.67,359.0,195,-29.0,23.0,-0.15,353.0,
07:35:49,355.4,45.0,357.47,60.0,353.0,30.0,361.2,45.0,356.43,2.07000000000005,75.0,105.0,4.205718725734893,355.4,357.47,180,-30.0,-15.0,-0.17,353.0,
07:35:50,356.36,39.0,357.6,50.0,352.11,27.0,362.93,43.0,356.98,1.240000000000009,66.0,93.0,4.671932148479603,356.36,357.6,159,-27.0,-21.0,-0.17,357.25,4.0
07:35:51,361.0,30.0,362.0,30.0,353.0,20.0,366.0,50.0,361.5,1.0,50.0,80.0,4.715076881663487,361.0,362.0,130,-30.0,-29.0,-0.23,357.25,
07:35:52,359.5,28.0,365.13,60.0,353.33,24.0,369.67,39.0,362.32,5.629999999999996,52.0,99.0,2.849994736836833,359.5,365.13,151,-47.0,21.0,-0.31,361.0,3.0
07:35:53,355.0,14.0,362.87,46.0,353.0,56.0,363.42,38.0,358.93,7.870000000000003,70.0,84.0,2.6312297505154656,355.0,362.87,154,-14.0,3.0,-0.09,361.0,
07:35:54,355.0,14.0,360.93,14.0,353.0,63.0,363.14,70.0,357.96,5.930000000000007,77.0,84.0,2.2908557353089103,355.0,360.93,161,-7.0,7.0,-0.04,361.0,
07:35:55,342.37,38.0,359.9,10.0,349.25,16.0,364.91,44.0,351.13,17.529999999999973,54.0,54.0,4.424327067475642,342.37,359.9,108,0.0,-53.0,0.0,353.67,3.0
07:35:56,340.85,104.0,358.27,30.0,339.86,103.0,361.96,27.0,349.56,17.41999999999996,207.0,57.0,5.421194517815911,340.85,358.2699999999999,264,150.0,156.0,0.57,353.67,
07:35:57,357.0,36.0,358.0,24.0,346.58,48.0,359.0,12.0,357.5,1.0,84.0,36.0,4.330869427724328,357.0,358.0,120,48.0,-144.0,0.4,353.67,
07:35:58,354.71,35.0,359.09,22.0,347.86,35.0,362.38,42.0,356.9,4.379999999999996,70.0,64.0,3.9506834851702775,354.71,359.09,134,6.0,14.0,0.04,358.44,9.0
07:35:59,350.18,68.0,355.88,85.0,340.57,75.0,357.25,69.0,353.03,5.699999999999989,143.0,154.0,3.4944427309654227,350.18,355.88,297,-11.0,163.0,-0.04,353.0,4.0
07:36:00,341.23,52.0,354.67,76.0,340.19,99.0,356.5,20.0,347.95,13.439999999999998,151.0,96.0,4.266036802466304,341.23,354.67,247,55.0,-50.0,0.22,353.0,
07:36:01,342.0,32.0,351.7,56.0,341.0,48.0,353.93,28.0,346.85,9.699999999999989,80.0,84.0,4.9308041940434775,342.0,351.7,164,-4.0,-83.0,-0.02,353.0,
07:36:02,341.95,38.0,345.0,15.0,339.85,41.0,346.0,75.0,343.47,3.050000000000012,79.0,90.0,5.312927629847415,341.95,345.0,169,-11.0,5.0,-0.07,353.0,
07:36:03,341.53,83.0,345.88,59.0,338.94,34.0,347.78,90.0,343.71,4.350000000000023,117.0,149.0,3.891364799141276,341.53,345.88,266,-32.0,97.0,-0.12,345.5,2.0
07:36:04,337.0,60.0,346.0,48.0,335.67,12.0,348.0,60.0,341.5,9.0,72.0,108.0,2.6418705494394823,337.0,346.0,180,-36.0,-86.0,-0.2,345.5,
07:36:05,337.0,35.0,346.0,28.0,335.0,7.0,348.0,35.0,341.5,9.0,42.0,63.0,2.192220335640455,337.0,346.0,105,-21.0,-75.0,-0.2,345.5,
07:36:06,337.29,42.0,346.0,26.0,336.54,26.0,348.0,50.0,341.64,8.70999999999998,68.0,76.0,1.1238460748676429,337.29,346.0,144,-8.0,39.0,-0.06,346.0,2.0
07:36:07,338.4,30.0,346.0,20.0,336.84,38.0,348.0,50.0,342.2,7.600000000000023,68.0,70.0,0.9398404119824688,338.4,346.0,138,-2.0,-6.0,-0.01,346.0,
07:36:08,339.36,33.0,346.0,22.0,335.0,11.0,348.0,55.0,342.68,6.639999999999986,44.0,77.0,0.5210374266742989,339.36,346.0,121,-33.0,-17.0,-0.27,346.0,
07:36:09,340.85,39.0,346.34,29.0,335.0,13.0,348.15,65.0,343.6,5.489999999999952,52.0,94.0,0.8539789224538523,340.85,346.34,146,-42.0,25.0,-0.29,346.0,
07:36:10,341.56,48.0,347.0,48.0,335.0,16.0,348.0,80.0,344.28,5.439999999999998,64.0,128.0,1.0628264204447733,341.56,347.0,192,-64.0,46.0,-0.33,346.0,
07:36:11,342.94,48.0,347.0,104.0,330.66,38.0,348.0,80.0,344.97,4.060000000000002,86.0,184.0,1.132598781561886,342.94,347.0,270,-98.0,78.0,-0.36,346.0,
07:36:12,344.19,48.0,347.0,78.0,330.36,28.0,348.0,80.0,345.59,2.8100000000000023,76.0,158.0,1.1400570161160597,344.19,347.0,234,-82.0,-36.0,-0.35,347.0,3.0
07:36:13,335.4,35.0,347.74,47.0,329.66,35.0,349.52,83.0,341.57,12.340000000000032,70.0,130.0,1.5501838600616005,335.4,347.74,200,-60.0,-34.0,-0.3,347.0,3.0
07:36:14,330.73,22.0,348.0,70.0,329.07,67.0,350.0,126.0,339.36,17.269999999999982,89.0,196.0,2.617409024206089,330.73,348.0,285,-107.0,85.0,-0.38,347.0,
07:36:15,332.88,16.0,347.99,76.0,329.63,114.0,349.93,140.0,340.43,15.110000000000014,130.0,216.0,2.765461986720391,332.88,347.99,346,-86.0,61.0,-0.25,347.0,
07:36:16,333.0,12.0,344.21,42.0,331.0,144.0,347.83,36.0,338.61,11.20999999999998,156.0,78.0,2.741207763011676,333.0,344.21,234,78.0,-112.0,0.33,347.0,
07:36:17,334.55,29.0,344.0,27.0,331.08,100.0,348.0,60.0,339.28,9.449999999999989,129.0,87.0,1.1616152547189038,334.55,344.0,216,42.0,-18.0,0.19,344.0,3.0
07:36:18,334.78,23.0,344.0,22.0,334.24,45.0,348.0,59.0,339.39,9.220000000000027,68.0,81.0,0.6519432490605986,334.78,344.0,149,-13.0,-67.0,-0.09,344.0,
07:36:19,340.48,54.0,344.0,28.0,336.92,26.0,348.0,59.0,342.24,3.519999999999982,80.0,87.0,1.416386246754638,340.48,344.0,167,-7.0,18.0,-0.04,344.0,
07:36:20,341.84,57.0,344.0,24.0,341.43,37.0,348.0,24.0,342.92,2.160000000000025,94.0,48.0,1.9478115925303747,341.84,344.0,142,46.0,-25.0,0.32,344.0,1.0
07:36:21,347.34,87.0,349.0,36.0,343.93,84.0,350.59,87.0,348.17,1.660000000000025,171.0,123.0,3.618818868083322,347.34,349.0,294,48.0,152.0,0.16,349.0,10.0
07:36:22,349.1,93.0,350.88,48.0,346.82,44.0,351.36,55.0,349.99,1.7799999999999727,137.0,103.0,4.396483822328476,349.1,350.87999999999994,240,34.0,-54.0,0.14,350.71,7.0
07:36:23,335.95,37.0,347.75,40.0,333.8,35.0,351.79,28.0,341.85,11.800000000000011,72.0,68.0,3.76861115001216,335.95,347.75,140,4.0,-100.0,0.03,350.71,
07:36:24,337.02,51.0,347.0,30.0,335.5,24.0,351.0,67.0,342.01,9.980000000000018,75.0,97.0,3.8123903262908367,337.02,347.0,172,-22.0,32.0,-0.13,350.71,
07:36:25,340.54,57.0,347.0,36.0,340.02,51.0,350.44,79.0,343.77,6.45999999999998,108.0,115.0,3.71482435654716,340.54,347.0,223,-7.0,51.0,-0.03,350.71,
07:36:26,342.91,35.0,347.0,26.0,341.2,35.0,349.62,26.0,344.96,4.089999999999975,70.0,52.0,3.3206144009800256,342.91,347.0,122,18.0,-101.0,0.15,347.0,1.0
07:36:27,344.68,62.0,350.53,51.0,343.0,20.0,351.25,24.0,347.6,5.849999999999966,82.0,75.0,2.372228909695669,344.68,350.53,157,7.0,35.0,0.04,348.25,8.0
07:36:28,347.61,23.0,351.0,50.0,346.0,15.0,352.0,20.0,349.3,3.3899999999999864,38.0,70.0,2.928765951727134,347.61,351.0,108,-32.0,-49.0,-0.3,348.25,
07:36:29,348.0,44.0,350.79,39.0,346.38,16.0,351.76,34.0,349.4,2.7900000000000205,60.0,73.0,2.549721553424256,348.0,350.79,133,-13.0,25.0,-0.1,349.0,1.0
07:36:30,348.0,32.0,351.0,40.0,346.0,16.0,352.58,31.0,349.5,3.0,48.0,71.0,1.9484660633422108,348.0,351.0,119,-23.0,-14.0,-0.19,349.0,
07:36:31,349.08,52.0,351.0,65.0,346.0,26.0,352.0,65.0,350.04,1.920000000000016,78.0,130.0,0.9220195225679434,349.08,351.0,208,-52.0,89.0,-0.25,349.0,
07:36:32,348.88,34.0,351.0,32.0,338.32,25.0,352.0,60.0,349.94,2.1200000000000045,59.0,92.0,0.3326860381748704,348.88,351.0,151,-33.0,-57.0,-0.22,351.0,4.0
07:36:33,348.0,20.0,351.63,19.0,334.0,90.0,353.28,47.0,349.82,3.629999999999996,110.0,66.0,0.2782085548585824,348.0,351.63,176,44.0,25.0,0.25,351.5,2.0
07:36:34,336.0,42.0,352.0,28.0,332.35,40.0,357.0,28.0,344.0,16.0,82.0,56.0,2.6129293905493087,336.0,352.0,138,26.0,-38.0,0.19,351.5,
07:36:35,334.0,72.0,349.0,32.0,330.0,16.0,352.0,32.0,341.5,15.0,88.0,64.0,4.033286501105044,334.0,349.0,152,24.0,14.0,0.16,349.0,4.0
07:36:36,334.54,78.0,349.0,10.0,333.48,62.0,352.0,40.0,341.77,14.45999999999998,140.0,50.0,4.1980566932803525,334.54,349.0,190,90.0,38.0,0.47,349.0,
07:36:37,337.33,60.0,349.0,15.0,336.28,75.0,352.0,60.0,343.17,11.670000000000016,135.0,75.0,3.382701583053961,337.33,349.0,210,60.0,20.0,0.29,349.0,
07:36:38,341.28,71.0,349.0,12.0,340.2,40.0,352.0,48.0,345.14,7.720000000000027,111.0,60.0,1.5251327811032345,341.28,349.0,171,51.0,-39.0,0.3,349.0,
07:36:39,345.0,40.0,349.0,8.0,344.0,16.0,352.0,32.0,347.0,4.0,56.0,40.0,2.3349582437370664,345.0,349.0,96,16.0,-75.0,0.17,349.0,
07:36:40,345.11,45.0,351.4,15.0,344.0,18.0,354.67,36.0,348.26,6.289999999999964,63.0,51.0,2.664858345202556,345.11,351.4,114,12.0,18.0,0.11,351.0,3.0
07:36:41,347.42,84.0,351.26,38.0,346.1,61.0,354.35,34.0,349.34,3.839999999999975,145.0,72.0,2.4656682664129166,347.42,351.26,217,73.0,103.0,0.34,351.0,
07:36:42,348.49,47.0,351.5,24.0,347.75,55.0,355.2,30.0,349.99,3.009999999999991,102.0,54.0,1.935737585520234,348.49,351.5,156,48.0,-61.0,0.31,351.0,
07:36:43,349.52,42.0,351.44,45.0,348.66,83.0,355.2,50.0,350.48,1.920000000000016,125.0,95.0,1.399349849035484,349.52,351.44,220,30.0,64.0,0.14,350.0,2.0
07:36:44,350.31,58.0,352.0,24.0,348.68,74.0,355.42,48.0,351.16,1.6899999999999975,132.0,72.0,1.109134797937377,350.31,352.0,204,60.0,-16.0,0.29,351.0,3.0
07:36:45,345.86,84.0,353.2,40.0,340.76,100.0,357.75,64.0,349.53,7.339999999999975,184.0,104.0,0.7386812573739395,345.86,353.2,288,80.0,84.0,0.28,352.0,2.0
07:36:46,338.96,50.0,361.91,33.0,335.63,82.0,443.37,54.0,350.43,22.950000000000045,132.0,87.0,0.6075113167633364,338.96,361.91,219,45.0,-69.0,0.21,353.4,5.0
07:36:47,336.34,41.0,355.0,56.0,334.63,98.0,374.63,38.0,345.67,18.660000000000025,139.0,94.0,2.193178059345735,336.34,355.0,233,45.0,14.0,0.19,353.4,
07:36:48,338.2,60.0,348.0,28.0,337.82,88.0,359.0,40.0,343.1,9.800000000000011,148.0,68.0,3.4520964644684327,338.2,348.0,216,80.0,-17.0,0.37,348.0,3.0
07:36:49,340.34,83.0,353.58,24.0,339.5,135.0,370.62,71.0,346.96,13.240000000000007,218.0,95.0,2.960197628536889,340.34,353.58,313,123.0,97.0,0.39,349.67,6.0
07:36:50,350.0,28.0,359.0,48.0,343.36,50.0,515.25,24.0,354.5,9.0,78.0,72.0,4.432501551042659,350.0,359.0,150,6.0,-163.0,0.04,349.67,
07:36:51,341.65,57.0,357.0,28.0,341.06,79.0,427.71,31.0,349.32,15.350000000000025,136.0,59.0,4.31486963881825,341.65,357.0,195,77.0,45.0,0.39,350.4,5.0
07:36:52,344.48,69.0,353.18,28.0,342.22,111.0,364.7,47.0,348.83,8.699999999999989,180.0,75.0,4.132314121650918,344.48,353.18,255,105.0,60.0,0.41,353.0,3.0
07:36:53,346.38,141.0,352.8,30.0,344.0,52.0,353.92,36.0,349.59,6.420000000000016,193.0,66.0,2.8001339253678106,346.38,352.8,259,127.0,4.0,0.49,347.0,1.0
07:36:54,348.0,48.0,351.5,36.0,347.0,120.0,353.0,24.0,349.75,3.5,168.0,60.0,2.319476233979507,348.0,351.5,228,108.0,-31.0,0.47,347.0,
07:36:55,349.53,118.0,351.0,39.0,347.69,64.0,353.0,26.0,350.26,1.4700000000000273,182.0,65.0,0.5284411036205225,349.53,351.0,247,117.0,19.0,0.47,347.0,
07:36:56,349.25,105.0,352.84,37.0,347.93,86.0,360.11,45.0,351.04,3.589999999999975,191.0,82.0,0.8204450012010092,349.25,352.84,273,109.0,26.0,0.4,351.0,3.0
07:36:57,350.25,16.0,353.0,8.0,349.0,28.0,361.0,12.0,351.62,2.75,44.0,20.0,0.863521858435415,350.25,353.0,64,24.0,-184.0,0.38,351.0,
07:36:58,352.0,70.0,354.14,21.0,350.63,38.0,396.74,31.0,353.07,2.1399999999999864,108.0,52.0,1.2914604136386474,352.0,354.14,160,56.0,96.0,0.35,353.0,2.0
07:36:59,353.34,64.0,356.0,12.0,351.77,44.0,361.0,36.0,354.67,2.660000000000025,108.0,48.0,1.7521615222334983,353.34,356.0,156,60.0,-4.0,0.38,353.0,
07:37:00,355.0,12.0,358.0,15.0,354.0,77.0,424.31,35.0,356.5,3.0,89.0,50.0,2.239854906014096,355.0,358.0,139,39.0,-17.0,0.28,355.5,2.0
07:37:01,356.54,91.0,361.0,37.0,355.0,13.0,428.0,52.0,358.77,4.45999999999998,104.0,89.0,2.8148587886420278,356.54,361.0,193,15.0,54.0,0.08,361.0,2.0
07:37:02,357.0,70.0,362.6,10.0,355.0,10.0,365.0,40.0,359.8,5.600000000000023,80.0,50.0,2.790048386676311,357.0,362.6,130,30.0,-63.0,0.23,361.0,
07:37:03,356.77,26.0,359.2,20.0,339.81,47.0,361.5,8.0,357.98,2.430000000000007,73.0,28.0,2.0082654207038817,356.77000000000004,359.2,101,45.0,-29.0,0.45,357.0,7.0
07:37:04,355.0,11.0,359.0,44.0,338.0,91.0,366.6,15.0,357.0,4.0,102.0,59.0,1.3306765196676922,355.0,359.0,161,43.0,60.0,0.27,357.0,
07:37:05,338.4,43.0,359.0,28.0,335.84,25.0,369.0,21.0,348.7,20.600000000000023,68.0,49.0,4.452830560440756,338.4,359.0,117,19.0,-44.0,0.16,355.0,1.0
07:37:06,338.0,49.0,354.86,28.0,335.0,21.0,364.18,22.0,346.43,16.860000000000014,70.0,50.0,5.997367755940549,338.0,354.86,120,20.0,3.0,0.17,355.0,
07:37:07,338.18,34.0,348.0,40.0,336.81,54.0,357.0,48.0,343.09,9.819999999999991,88.0,88.0,6.572963562959687,338.18,348.0,176,0.0,56.0,0.0,355.0,
07:37:08,339.62,13.0,348.0,52.0,334.24,97.0,356.79,76.0,343.81,8.379999999999995,110.0,128.0,5.599797317760346,339.62,348.0,238,-18.0,62.0,-0.08,355.0,
07:37:09,341.33,9.0,348.0,36.0,334.81,27.0,353.0,36.0,344.67,6.670000000000016,36.0,72.0,2.254440063518256,341.33,348.0,108,-36.0,-130.0,-0.33,355.0,
07:37:10,343.06,16.0,347.77,53.0,341.94,16.0,352.52,62.0,345.42,4.70999999999998,32.0,115.0,1.312928025444004,343.06,347.77,147,-83.0,39.0,-0.56,348.0,1.0
07:37:11,340.64,25.0,346.24,29.0,334.79,47.0,349.45,55.0,343.44,5.600000000000023,72.0,84.0,0.9494893364310888,340.64,346.24,156,-12.0,9.0,-0.08,345.0,2.0
07:37:12,337.0,36.0,351.37,35.0,329.0,48.0,353.53,30.0,344.19,14.370000000000005,84.0,65.0,0.7718354746941196,337.0,351.37,149,19.0,-7.0,0.13,350.0,5.0
07:37:13,337.0,39.0,349.0,39.0,329.0,49.0,353.0,26.0,343.0,12.0,88.0,65.0,0.963239326437799,337.0,349.0,153,23.0,4.0,0.15,350.0,
07:37:14,337.0,21.0,349.0,21.0,329.0,21.0,351.0,21.0,343.0,12.0,42.0,42.0,1.022936948201815,337.0,349.0,84,0.0,-69.0,0.0,350.0,
07:37:15,338.36,33.0,349.0,57.0,332.64,33.0,351.0,33.0,343.68,10.639999999999986,66.0,90.0,0.5012185152171943,338.36,349.0,156,-24.0,72.0,-0.15,350.0,
07:37:16,337.35,37.0,349.0,90.0,332.09,66.0,351.0,45.0,343.18,11.649999999999975,103.0,135.0,0.5173006862517626,337.35,349.0,238,-32.0,82.0,-0.13,350.0,
07:37:17,339.31,13.0,349.0,78.0,337.0,39.0,351.0,39.0,344.15,9.689999999999998,52.0,117.0,0.5023146424269828,339.31,349.0,169,-65.0,-69.0,-0.38,350.0,
07:37:18,344.47,32.0,349.0,48.0,335.0,18.0,351.0,24.0,346.73,4.529999999999973,50.0,72.0,1.5116778757382183,344.47,349.0,122,-22.0,-47.0,-0.18,350.0,
07:37:19,343.09,11.0,348.78,54.0,333.71,51.0,349.93,45.0,345.93,5.689999999999998,62.0,99.0,1.5232629451267712,343.09,348.78,161,-37.0,39.0,-0.23,350.0,
07:37:20,346.67,30.0,348.0,46.0,338.4,30.0,349.0,96.0,347.33,1.329999999999984,60.0,142.0,1.7496513938485263,346.67,348.0,202,-82.0,41.0,-0.41,348.0,1.0
07:37:21,337.02,43.0,348.87,76.0,331.34,131.0,350.05,63.0,342.95,11.850000000000025,174.0,139.0,1.8260668114820264,337.02,348.87,313,35.0,111.0,0.11,347.0,2.0
07:37:22,334.0,30.0,349.25,28.0,331.0,150.0,350.78,27.0,341.62,15.25,180.0,55.0,2.493736152843003,334.0,349.25,235,125.0,-78.0,0.53,349.25,4.0
07:37:23,334.0,27.0,355.69,26.0,331.0,135.0,354.9,20.0,344.85,21.69,162.0,46.0,2.2840052539336,334.0,355.69,208,116.0,-27.0,0.56,353.12,16.0
07:37:24,336.29,48.0,357.0,52.0,331.11,171.0,358.0,26.0,346.65,20.70999999999998,219.0,78.0,2.41292353795064,336.29,357.0,297,141.0,89.0,0.47,353.12,
07:37:25,336.04,114.0,354.37,41.0,332.21,53.0,357.1,40.0,345.2,18.329999999999984,167.0,81.0,1.976696739511735,336.04,354.37,248,86.0,-49.0,0.35,345.0,1.0
07:37:26,338.22,126.0,353.88,84.0,333.07,169.0,355.67,48.0,346.05,15.659999999999968,295.0,132.0,1.9514430557913296,338.22,353.88,427,163.0,179.0,0.38,353.5,4.0
07:37:27,341.0,152.0,350.06,36.0,337.26,209.0,353.31,59.0,345.53,9.060000000000002,361.0,95.0,0.7100563357903683,341.0,350.06,456,266.0,29.0,0.58,353.5,
07:37:28,342.93,112.0,350.0,28.0,341.21,112.0,353.0,56.0,346.46,7.069999999999993,224.0,84.0,0.6113673200261852,342.93,350.0,308,140.0,-148.0,0.45,353.5,
07:37:29,346.64,88.0,352.18,22.0,345.64,88.0,383.83,48.0,349.41,5.5400000000000205,176.0,70.0,1.6806695094503272,346.64,352.18,246,106.0,-62.0,0.43,352.0,6.0
07:37:33,358.91,66.0,397.7,30.0,357.47,68.0,399.0,40.0,378.3,38.78999999999997,134.0,70.0,13.777754896934145,358.91,397.7,204,64.0,27.0,0.31,360.14,7.0
07:37:34,358.0,48.0,396.62,24.0,357.0,48.0,534.0,32.0,377.31,38.620000000000005,96.0,56.0,2.8288213093075703,358.0,396.62000000000006,152,40.0,-52.0,0.26,360.14,
07:37:35,358.0,42.0,394.62,24.0,357.0,44.0,533.4,30.0,376.31,36.620000000000005,86.0,54.0,0.8151870950847966,358.0,394.62000000000006,140,32.0,-12.0,0.23,358.0,6.0
07:37:36,359.5,16.0,391.5,36.0,355.62,52.0,489.91,43.0,375.5,32.0,68.0,79.0,1.1924889936569,359.5,391.5,147,-11.0,7.0,-0.07,358.0,
07:37:37,362.0,11.0,381.16,37.0,357.0,22.0,445.0,34.0,371.58,19.160000000000025,33.0,71.0,2.5830505221526505,362.0,381.16,104,-38.0,-43.0,-0.37,358.0,
07:37:38,362.0,7.0,390.0,21.0,358.0,49.0,403.0,14.0,376.0,28.0,56.0,35.0,2.2034404915933496,362.0,390.0,91,21.0,-13.0,0.23,358.0,
07:37:39,362.0,10.0,387.45,40.0,358.0,70.0,394.0,25.0,374.73,25.44999999999999,80.0,65.0,1.9092223547803888,362.0,387.45,145,15.0,54.0,0.1,358.0,
07:37:40,362.0,11.0,385.27,55.0,358.0,77.0,388.0,33.0,373.64,23.269999999999985,88.0,88.0,1.7570145133131845,362.0,385.27,176,0.0,31.0,0.0,358.0,
07:37:41,359.47,19.0,385.0,50.0,357.89,55.0,388.0,30.0,372.24,25.529999999999973,74.0,80.0,1.8000888866922946,359.47,385.0,154,-6.0,-22.0,-0.04,359.0,4.0
07:37:42,356.71,34.0,384.29,52.0,355.13,93.0,393.31,59.0,370.5,27.58000000000004,127.0,111.0,2.141242629874781,356.71,384.29,238,16.0,84.0,0.07,357.8,5.0
07:37:43,356.93,46.0,383.33,60.0,354.82,65.0,392.4,58.0,370.13,26.399999999999977,111.0,118.0,1.9773391211405824,356.92999999999995,383.33,229,-7.0,-9.0,-0.03,356.25,8.0
07:37:44,359.0,66.0,382.75,40.0,358.0,40.0,391.0,40.0,370.88,23.75,106.0,80.0,1.4479364626919855,359.0,382.75,186,26.0,-43.0,0.14,356.25,
07:37:45,359.0,30.0,381.7,50.0,358.0,50.0,435.88,41.0,370.35,22.69999999999999,80.0,91.0,0.8395534527312692,359.0,381.7,171,-11.0,-15.0,-0.06,356.25,
07:37:46,359.0,18.0,379.86,22.0,358.0,30.0,403.46,26.0,369.43,20.860000000000014,48.0,48.0,0.5375592990479872,359.0,379.86,96,0.0,-75.0,0.0,356.25,
07:37:47,358.62,39.0,376.47,15.0,357.93,43.0,379.87,47.0,367.54,17.850000000000023,82.0,62.0,1.2973550015292383,358.62,376.47,144,20.0,48.0,0.14,356.25,
07:37:48,358.0,60.0,376.12,40.0,357.0,12.0,379.34,32.0,367.06,18.120000000000005,72.0,72.0,1.6899319512906277,358.0,376.12,144,0.0,0.0,0.0,356.25,
07:37:49,361.85,135.0,376.0,55.0,357.98,51.0,377.0,11.0,368.93,14.149999999999975,186.0,66.0,1.3542784056437485,361.85,376.0,252,120.0,108.0,0.48,356.25,
07:37:50,362.0,129.0,376.0,40.0,358.0,40.0,377.0,8.0,369.0,14.0,169.0,48.0,1.029159851525978,362.0,376.0,217,121.0,-35.0,0.56,356.25,
07:37:51,362.0,216.0,370.47,36.0,358.0,60.0,370.36,36.0,366.24,8.470000000000027,276.0,72.0,1.1994915589502766,362.0,370.47,348,204.0,131.0,0.59,356.25,
07:37:56,362.0,181.0,364.73,15.0,358.0,75.0,430.68,59.0,363.37,2.730000000000018,256.0,74.0,0.7107249819673902,362.0,364.7300000000001,330,182.0,184.0,0.55,362.0,2.0
07:38:00,362.0,15.0,381.79,19.0,358.0,25.0,398.2,10.0,371.89,19.79000000000002,40.0,29.0,29.488980992906487,362.0,381.79,69,11.0,-64.0,0.16,362.0,5.0
07:38:01,359.81,21.0,373.0,24.0,357.93,46.0,374.0,24.0,366.4,13.189999999999998,67.0,48.0,28.73918457437512,359.81,373.0,115,19.0,46.0,0.17,360.0,2.0
07:38:05,358.81,43.0,366.0,21.0,356.82,66.0,452.29,21.0,362.41,7.189999999999998,109.0,42.0,2.0501048753641387,358.81,366.0,151,67.0,9.0,0.44,363.0,1.0
07:38:06,359.0,48.0,364.44,16.0,357.0,70.0,366.14,14.0,361.72,5.439999999999998,118.0,30.0,2.655757895590566,359.0,364.44,148,88.0,-3.0,0.59,359.0,4.0
07:38:07,358.42,24.0,361.48,31.0,356.84,73.0,362.22,36.0,359.95,3.0600000000000023,97.0,67.0,2.7560986919904487,358.42,361.48,164,30.0,16.0,0.18,359.0,2.0
07:38:08,358.0,8.0,361.0,8.0,357.0,48.0,407.5,32.0,359.5,3.0,56.0,40.0,2.3594427308140475,358.0,361.0,96,16.0,-68.0,0.17,359.0,
07:38:09,357.05,42.0,361.0,12.0,355.33,72.0,480.62,48.0,359.02,3.9499999999999886,114.0,60.0,1.468621802912914,357.05,361.0,174,54.0,78.0,0.31,357.33,3.0
07:38:10,357.22,41.0,359.31,13.0,355.66,64.0,361.62,13.0,358.26,2.089999999999975,105.0,26.0,1.295993827142354,357.22,359.31,131,79.0,-43.0,0.6,359.0,1.0
07:38:11,358.57,14.0,360.42,26.0,357.0,56.0,395.91,34.0,359.5,1.8500000000000227,70.0,60.0,0.6418566818153212,358.57,360.42,130,10.0,-1.0,0.08,359.0,
07:38:12,357.0,56.0,358.88,34.0,355.0,102.0,374.43,47.0,357.94,1.8799999999999957,158.0,81.0,0.7158770844152788,357.0,358.88,239,77.0,109.0,0.32,360.0,1.0
07:38:13,355.89,54.0,359.52,42.0,353.04,92.0,430.88,40.0,357.71,3.629999999999996,146.0,82.0,0.7524493338364266,355.89,359.52,228,64.0,-11.0,0.28,356.14,7.0
07:38:14,355.0,30.0,360.0,28.0,350.0,42.0,499.8,15.0,357.5,5.0,72.0,43.0,0.7889359923281656,355.0,360.0,115,29.0,-113.0,0.25,355.0,1.0
07:38:15,355.0,41.0,358.29,62.0,350.0,78.0,359.45,55.0,356.65,3.2900000000000205,119.0,117.0,1.0382918664762686,355.0,358.29,236,2.0,121.0,0.01,355.0,1.0
07:38:16,350.21,72.0,355.18,22.0,346.18,68.0,356.69,49.0,352.7,4.970000000000027,140.0,71.0,2.1794609425246514,350.21,355.18,211,69.0,-25.0,0.33,353.75,4.0
07:38:17,350.0,70.0,354.25,24.0,345.0,154.0,381.79,38.0,352.12,4.25,224.0,62.0,2.7081598918804874,350.0,354.25,286,162.0,75.0,0.57,353.8,5.0
07:38:18,350.0,30.0,358.0,36.0,345.0,99.0,500.78,27.0,354.0,8.0,129.0,63.0,2.383942113389081,350.0,358.0,192,66.0,-94.0,0.34,350.0,3.0
07:38:19,348.1,29.0,358.0,40.0,344.98,101.0,522.67,18.0,353.05,9.899999999999975,130.0,58.0,1.7826469083892862,348.1,358.0,188,72.0,-4.0,0.38,350.0,
07:38:20,347.19,32.0,357.86,28.0,344.93,59.0,585.71,7.0,352.52,10.670000000000016,91.0,35.0,0.7111399299644562,347.19,357.86,126,56.0,-62.0,0.44,350.0,
07:38:21,352.0,28.0,356.86,56.0,345.0,154.0,664.61,28.0,354.43,4.860000000000014,182.0,84.0,0.9748487062051502,352.0,356.86,266,98.0,140.0,0.37,350.0,
07:38:22,352.0,18.0,355.5,40.0,345.0,110.0,420.08,26.0,353.75,3.5,128.0,66.0,0.7628564740433555,352.0,355.5,194,62.0,-72.0,0.32,352.0,1.0
07:38:23,352.0,7.0,353.86,28.0,345.0,77.0,456.86,21.0,352.93,1.8600000000000136,84.0,49.0,0.7551026420228328,352.0,353.86,133,35.0,-61.0,0.26,352.0,
07:38:24,346.87,30.0,376.05,38.0,344.87,92.0,531.61,28.0,361.46,29.180000000000007,122.0,66.0,3.676026387281474,346.87,376.05,188,56.0,55.0,0.3,352.0,1.0
07:38:25,346.7,56.0,387.48,29.0,344.58,53.0,563.0,19.0,367.09,40.78000000000003,109.0,48.0,6.145910835668652,346.7,387.48,157,61.0,-31.0,0.39,349.0,5.0
07:38:26,356.0,49.0,359.57,21.0,345.0,77.0,382.4,20.0,357.79,3.569999999999993,126.0,41.0,5.843524621321393,356.0,359.57,167,85.0,10.0,0.51,356.0,3.0
07:38:27,356.0,4.0,360.21,14.0,345.0,44.0,446.6,10.0,358.11,4.20999999999998,48.0,24.0,5.231345907124604,356.0,360.21,72,24.0,-95.0,0.33,356.0,
07:38:28,357.65,17.0,359.92,37.0,352.6,10.0,368.92,26.0,358.78,2.2700000000000387,27.0,63.0,3.881292310557064,357.65,359.92,90,-36.0,18.0,-0.4,359.0,4.0
07:38:29,341.62,63.0,357.65,34.0,338.29,77.0,359.18,22.0,349.63,16.029999999999973,140.0,56.0,6.183801419837909,341.62,357.65,196,84.0,106.0,0.43,356.0,1.0
07:38:30,341.09,70.0,351.0,39.0,338.86,42.0,352.0,27.0,346.04,9.910000000000023,112.0,66.0,5.842486628139532,341.09,351.0,178,46.0,-18.0,0.26,356.0,
07:38:31,343.4,30.0,351.0,60.0,341.89,47.0,352.0,30.0,347.2,7.600000000000023,77.0,90.0,6.071809450237152,343.4,351.0,167,-13.0,-11.0,-0.08,356.0,
07:38:32,345.84,126.0,351.0,102.0,343.94,77.0,352.0,51.0,348.42,5.160000000000025,203.0,153.0,5.0804114006632535,345.84,351.0,356,50.0,184.0,0.14,356.0,
07:38:33,348.14,56.0,351.0,42.0,344.0,42.0,352.0,21.0,349.57,2.8600000000000136,98.0,63.0,1.5517635129069496,348.14,351.0,161,35.0,-184.0,0.22,356.0,
07:38:34,349.63,86.0,351.31,29.0,348.44,81.0,352.09,33.0,350.47,1.6800000000000068,167.0,62.0,1.778046681049,349.63,351.31,229,105.0,68.0,0.46,351.0,6.0
07:38:35,350.91,88.0,358.09,23.0,344.0,11.0,365.73,11.0,354.5,7.17999999999995,99.0,34.0,2.7833019958296825,350.91,358.09,133,65.0,-96.0,0.49,352.83,6.0
07:38:36,355.39,72.0,359.0,24.0,355.2,50.0,367.0,12.0,357.19,3.6100000000000136,122.0,36.0,3.682519517937335,355.39,359.0,158,86.0,25.0,0.54,358.0,1.0
07:38:37,359.33,63.0,365.86,14.0,348.0,66.0,421.17,36.0,362.6,6.53000000000003,129.0,50.0,5.308533695851383,359.33,365.86,179,79.0,21.0,0.44,359.0,2.0
07:38:38,360.0,60.0,367.0,10.0,358.0,30.0,412.0,20.0,363.5,7.0,90.0,30.0,5.486608241891303,360.0,367.0,120,60.0,-59.0,0.5,359.0,
07:38:39,361.44,54.0,367.0,13.0,359.49,47.0,415.86,21.0,364.22,5.560000000000002,101.0,34.0,4.305707839599641,361.44,367.0,135,67.0,15.0,0.5,359.0,
07:38:40,362.0,66.0,367.0,22.0,360.0,77.0,429.0,38.0,364.5,5.0,143.0,60.0,3.0048494138625066,362.0,367.0,203,83.0,68.0,0.41,359.0,
07:38:46,361.05,38.0,365.06,33.0,359.49,47.0,366.22,9.0,363.06,4.009999999999991,85.0,42.0,1.257906991788319,361.05,365.06,127,43.0,-26.0,0.34,364.0,2.0
07:38:47,360.0,66.0,364.06,16.0,358.0,36.0,365.06,32.0,362.03,4.060000000000002,102.0,48.0,1.6795743508371694,360.0,364.06,150,54.0,23.0,0.36,360.0,2.0
07:38:48,360.0,53.0,361.12,43.0,358.0,33.0,364.14,21.0,360.56,1.1200000000000043,86.0,64.0,1.960145402767438,360.0,361.12,150,22.0,0.0,0.15,360.0,1.0
07:38:49,360.0,28.0,361.0,20.0,358.0,21.0,365.0,21.0,360.5,1.0,49.0,41.0,1.7283894237094062,360.0,361.0,90,8.0,-60.0,0.09,361.0,3.0
07:38:50,360.0,48.0,364.0,32.0,358.0,36.0,367.8,20.0,362.0,4.0,84.0,52.0,1.0912836478160433,360.0,364.0,136,32.0,46.0,0.24,361.0,2.0
07:38:51,360.0,24.0,364.86,14.0,358.0,18.0,367.8,10.0,362.43,4.860000000000014,42.0,24.0,0.9054446421459024,360.0,364.86,66,18.0,-70.0,0.27,361.0,
07:38:52,358.33,24.0,362.58,19.0,356.11,53.0,364.68,25.0,360.46,4.25,77.0,44.0,0.9486305919539172,358.33,362.58,121,33.0,55.0,0.27,359.6,5.0
07:38:53,358.0,26.0,362.0,39.0,356.0,65.0,363.0,13.0,360.0,4.0,91.0,52.0,1.067248799479701,358.0,362.0,143,39.0,22.0,0.27,359.6,
07:38:54,358.0,18.0,361.91,23.0,356.0,45.0,362.54,13.0,359.96,3.910000000000025,63.0,36.0,1.163357210830317,358.0,361.91,99,27.0,-44.0,0.27,359.6,
07:38:55,358.0,16.0,360.88,8.0,356.0,40.0,362.0,24.0,359.44,2.8799999999999955,56.0,32.0,1.1600517229809175,358.0,360.88,88,24.0,-11.0,0.27,359.6,
07:38:56,356.44,36.0,358.75,48.0,354.25,48.0,360.75,24.0,357.6,2.3100000000000023,84.0,72.0,1.1176403714930605,356.44,358.75,156,12.0,68.0,0.08,356.8,5.0
07:38:57,356.24,34.0,358.45,31.0,352.2,30.0,374.0,64.0,357.34,2.2099999999999795,64.0,95.0,1.2984298209727487,356.24,358.45,159,-31.0,3.0,-0.19,358.0,3.0
07:38:58,354.0,10.0,375.24,42.0,346.62,16.0,488.22,36.0,364.62,21.24000000000001,26.0,78.0,2.927408410179731,354.0,375.24,104,-52.0,-55.0,-0.5,357.33,3.0
07:38:59,348.1,21.0,364.18,44.0,346.68,38.0,399.58,99.0,356.14,16.079999999999984,59.0,143.0,3.3417540304443865,348.1,364.18,202,-84.0,98.0,-0.42,355.0,2.0
07:39:00,348.52,25.0,368.57,42.0,346.44,32.0,375.27,74.0,358.55,20.05000000000001,57.0,116.0,3.3380233672027164,348.52,368.57,173,-59.0,-29.0,-0.34,349.5,2.0
07:39:01,350.05,19.0,370.0,30.0,346.4,20.0,375.2,50.0,360.03,19.94999999999999,39.0,80.0,3.287039701614695,350.05,370.0,119,-41.0,-54.0,-0.34,349.5,
07:39:02,350.07,15.0,370.0,24.0,346.5,16.0,375.0,40.0,360.03,19.930000000000007,31.0,64.0,3.093093920331393,350.07,370.0,95,-33.0,-24.0,-0.35,351.0,1.0
07:39:03,350.0,20.0,370.0,30.0,348.1,20.0,375.0,50.0,360.0,20.0,40.0,80.0,1.694948376792438,350.0,370.0,120,-40.0,25.0,-0.33,351.0,
07:39:04,352.92,24.0,369.88,34.0,347.59,27.0,374.72,53.0,361.4,16.95999999999998,51.0,87.0,1.008002976181544,352.92,369.88,138,-36.0,18.0,-0.26,351.0,
07:39:05,347.0,42.0,362.4,40.0,344.0,56.0,367.44,50.0,354.7,15.399999999999975,98.0,90.0,2.6030117172212788,347.0,362.4,188,8.0,50.0,0.04,351.0,
07:39:06,347.0,23.0,360.27,49.0,344.2,40.0,378.65,43.0,353.63,13.269999999999982,63.0,92.0,3.52336061168765,347.0,360.27,155,-29.0,-33.0,-0.19,361.0,7.0
07:39:07,347.0,42.0,348.0,20.0,346.0,12.0,372.5,30.0,347.5,1.0,54.0,50.0,5.549376541557935,347.0,348.0,104,4.0,-51.0,0.04,348.0,1.0
07:39:08,347.0,28.0,348.0,12.0,346.0,8.0,372.0,20.0,347.5,1.0,36.0,32.0,5.795091026031875,347.0,348.0,68,4.0,-36.0,0.06,348.0,
07:39:09,347.0,49.0,348.0,15.0,346.0,14.0,372.0,35.0,347.5,1.0,63.0,50.0,3.670119889049549,347.0,348.0,113,13.0,45.0,0.12,348.0,2.0
07:39:10,347.0,70.0,348.0,10.0,346.0,20.0,357.85,26.0,347.5,1.0,90.0,36.0,2.741419340414403,347.0,348.0,126,54.0,13.0,0.43,348.0,
07:39:11,347.0,51.0,348.0,9.0,346.0,18.0,349.0,18.0,347.5,1.0,69.0,27.0,0.0,347.0,348.0,96,42.0,-30.0,0.44,347.0,2.0
07:39:12,347.0,40.0,348.0,8.0,346.0,16.0,349.0,16.0,347.5,1.0,56.0,24.0,0.0,347.0,348.0,80,32.0,-16.0,0.4,347.0,
07:39:13,347.0,49.0,348.0,13.0,346.0,26.0,349.0,26.0,347.5,1.0,75.0,39.0,0.0,347.0,348.0,114,36.0,34.0,0.32,347.0,
07:39:14,347.0,36.0,348.29,14.0,346.0,64.0,349.33,24.0,347.64,1.2900000000000205,100.0,38.0,0.0626099033618977,347.0,348.29,138,62.0,24.0,0.45,348.0,1.0
07:39:15,347.06,50.0,349.0,24.0,345.57,46.0,351.0,24.0,348.03,1.9399999999999975,96.0,48.0,0.2295212408447532,347.06,349.0,144,48.0,6.0,0.33,347.0,3.0
07:39:16,344.92,79.0,350.78,27.0,341.65,71.0,352.58,31.0,347.85,5.859999999999957,150.0,58.0,0.2317973252625557,344.92,350.78,208,92.0,64.0,0.44,349.0,2.0
07:39:17,344.65,69.0,351.0,26.0,341.62,42.0,352.0,65.0,347.83,6.350000000000023,111.0,91.0,0.2045727254519457,344.65,351.0,202,20.0,-6.0,0.1,349.0,
07:39:18,345.0,45.0,351.62,16.0,341.67,18.0,352.44,27.0,348.31,6.6200000000000045,63.0,43.0,0.2524282076130866,345.0,351.62,106,20.0,-96.0,0.19,351.67,6.0
07:39:19,346.6,75.0,352.0,15.0,341.0,30.0,353.0,30.0,349.3,5.399999999999977,105.0,45.0,0.6103113959272024,346.6,352.0,150,60.0,44.0,0.4,351.67,
07:39:20,347.3,50.0,352.0,12.0,344.85,39.0,353.0,24.0,349.65,4.699999999999989,89.0,36.0,0.8413203908134198,347.3,352.0,125,53.0,-25.0,0.42,351.67,
07:39:21,348.95,37.0,352.11,18.0,346.81,78.0,353.21,33.0,350.53,3.160000000000025,115.0,51.0,1.0748860404704128,348.95,352.11,166,64.0,41.0,0.39,350.0,3.0
07:39:22,351.84,31.0,353.0,14.0,339.2,20.0,360.0,11.0,352.42,1.160000000000025,51.0,25.0,1.548957714076709,351.84,353.0,76,26.0,-90.0,0.34,353.0,1.0
07:39:23,352.21,42.0,355.5,14.0,340.09,43.0,362.5,24.0,353.86,3.2900000000000205,85.0,38.0,1.9373874160831128,352.21,355.5,123,47.0,47.0,0.38,353.0,1.0
07:39:24,359.26,46.0,363.48,31.0,355.51,43.0,396.37,57.0,361.37,4.220000000000027,89.0,88.0,4.659788621814947,359.26,363.48,177,1.0,54.0,0.01,360.0,1.0
07:39:31,360.82,11.0,364.0,5.0,357.7,23.0,371.0,15.0,362.41,3.180000000000007,34.0,20.0,0.7222672635463862,360.82,364.0,54,14.0,-45.0,0.26,361.4,5.0
07:39:32,359.0,24.0,362.89,18.0,357.0,60.0,369.79,24.0,360.94,3.8899999999999855,84.0,42.0,1.1266321493686662,359.0,362.89,126,42.0,72.0,0.33,361.4,
07:39:33,359.0,24.0,361.67,48.0,357.5,20.0,363.0,12.0,360.33,2.670000000000016,44.0,60.0,1.4567189159173155,359.0,361.67,104,-16.0,-22.0,-0.15,361.4,
07:39:34,358.6,30.0,360.85,47.0,356.02,41.0,365.96,54.0,359.73,2.25,71.0,101.0,1.5470843545171,358.6,360.85,172,-30.0,68.0,-0.17,357.83,6.0
07:39:35,357.0,18.0,361.0,36.0,355.0,81.0,375.0,36.0,359.0,4.0,99.0,72.0,1.2953648134760902,357.0,361.0,171,27.0,-1.0,0.16,357.83,
07:39:36,357.94,66.0,359.87,60.0,356.18,44.0,374.7,30.0,358.9,1.9300000000000068,110.0,90.0,0.8708329346046659,357.94,359.87,200,20.0,29.0,0.1,358.0,2.0
07:39:37,357.62,32.0,358.7,40.0,355.31,64.0,363.87,23.0,358.16,1.079999999999984,96.0,63.0,0.8316429522291197,357.62,358.7,159,33.0,-41.0,0.21,358.0,
07:39:38,355.0,70.0,356.7,20.0,341.0,48.0,362.67,24.0,355.85,1.6999999999999886,118.0,44.0,1.4927390930744566,355.0,356.7,162,74.0,3.0,0.46,356.0,4.0
07:39:39,355.0,42.0,356.0,18.0,341.0,30.0,360.33,12.0,355.5,1.0,72.0,30.0,1.685710532681444,355.0,356.0,102,42.0,-60.0,0.41,356.0,
07:39:40,355.0,51.0,357.76,25.0,341.0,54.0,369.0,13.0,356.38,2.759999999999991,105.0,38.0,1.491951741844695,355.0,357.76,143,67.0,41.0,0.47,355.0,3.0
07:39:41,355.0,48.0,357.77,26.0,341.0,60.0,367.29,14.0,356.38,2.769999999999982,108.0,40.0,1.0242460641826725,355.0,357.77000000000004,148,68.0,5.0,0.46,355.0,
07:39:42,355.0,32.0,361.0,26.0,341.0,28.0,360.0,14.0,358.0,6.0,60.0,40.0,0.9579770352120685,355.0,361.0,100,20.0,-48.0,0.2,357.4,5.0
07:39:43,356.45,139.0,370.0,76.0,355.75,157.0,372.0,19.0,363.23,13.550000000000011,296.0,95.0,3.1144694572259435,356.45,370.0,391,201.0,184.0,0.51,357.4,
07:39:44,357.47,137.0,370.0,60.0,355.88,75.0,371.53,19.0,363.73,12.529999999999973,212.0,79.0,3.6576946291335912,357.47,370.0,291,133.0,-100.0,0.46,359.67,6.0
07:39:45,359.65,161.0,369.05,41.0,357.26,19.0,370.98,56.0,364.35,9.400000000000034,180.0,97.0,3.670745155958409,359.65,369.05,277,83.0,-14.0,0.3,359.67,
07:39:46,360.46,152.0,365.9,20.0,359.58,38.0,367.71,34.0,363.18,5.439999999999998,190.0,54.0,2.558352985807777,360.46,365.9,244,136.0,-33.0,0.56,360.0,1.0
07:39:47,361.82,80.0,363.58,12.0,360.0,36.0,365.0,24.0,362.7,1.759999999999991,116.0,36.0,0.6267934268889707,361.82,363.58,152,80.0,-92.0,0.53,362.5,2.0
07:39:48,360.38,53.0,365.0,30.0,359.04,23.0,369.97,62.0,362.69,4.6200000000000045,76.0,92.0,0.7122850552912523,360.38,365.0,168,-16.0,16.0,-0.1,362.5,
07:39:49,361.0,70.0,365.0,28.0,360.0,42.0,374.49,68.0,363.0,4.0,112.0,96.0,0.6840540914220988,361.0,365.0,208,16.0,40.0,0.08,362.5,
07:39:52,360.75,36.0,364.0,24.0,359.0,18.0,370.0,48.0,362.38,3.25,54.0,72.0,0.4783826919855807,360.75,364.0,126,-18.0,-30.0,-0.14,363.0,3.0
07:39:53,360.0,39.0,363.46,26.0,358.31,13.0,370.0,52.0,361.73,3.4599999999999795,52.0,78.0,0.7496465833920936,360.0,363.46,130,-26.0,4.0,-0.2,363.0,
07:39:54,360.0,36.0,362.0,24.0,359.0,12.0,372.83,53.0,361.0,2.0,48.0,77.0,1.0816515150415211,360.0,362.0,125,-29.0,-5.0,-0.23,363.0,
07:39:55,360.0,21.0,362.0,14.0,359.0,7.0,376.0,35.0,361.0,2.0,28.0,49.0,1.0531951386100564,360.0,362.0,77,-21.0,-48.0,-0.27,363.0,
07:39:56,358.0,9.0,362.0,18.0,355.0,90.0,376.0,45.0,360.0,4.0,99.0,63.0,0.8931517228288893,358.0,362.0,162,36.0,85.0,0.22,359.75,4.0
07:39:57,358.0,6.0,361.33,12.0,355.0,60.0,376.0,30.0,359.67,3.329999999999984,66.0,42.0,0.8351347196665121,358.0,361.33,108,24.0,-54.0,0.22,359.75,
07:39:58,358.0,13.0,359.46,26.0,355.0,70.0,365.12,32.0,358.73,1.4599999999999795,83.0,58.0,0.9604426062981244,358.0,359.46,141,25.0,33.0,0.18,359.75,
07:39:59,355.11,54.0,358.67,21.0,349.65,34.0,366.9,40.0,356.89,3.5600000000000023,88.0,61.0,1.5525044283328706,355.11000000000007,358.67,149,27.0,8.0,0.18,357.33,3.0
07:40:00,355.0,48.0,368.12,33.0,348.0,24.0,372.12,57.0,361.56,13.120000000000005,72.0,90.0,1.7206830039240524,355.0,368.12,162,-18.0,13.0,-0.11,356.0,1.0
07:40:01,352.35,37.0,368.42,62.0,346.49,65.0,372.78,73.0,360.39,16.069999999999993,102.0,135.0,1.764658607207931,352.35,368.42,237,-33.0,75.0,-0.14,356.0,
07:40:02,348.91,85.0,357.84,45.0,346.43,42.0,371.43,46.0,353.38,8.92999999999995,127.0,91.0,3.213821712540056,348.91,357.84,218,36.0,-19.0,0.17,355.0,5.0
07:40:03,349.45,86.0,371.0,108.0,348.89,57.0,377.0,24.0,360.23,21.55000000000001,143.0,132.0,3.344196465519586,349.45,371.0,275,11.0,57.0,0.04,355.0,
07:40:04,361.78,36.0,371.0,108.0,357.41,71.0,377.0,24.0,366.39,9.220000000000027,107.0,132.0,4.651198770208831,361.78,371.0,239,-25.0,-36.0,-0.1,362.0,2.0
07:40:05,362.0,32.0,371.0,144.0,358.09,100.0,377.0,32.0,366.5,9.0,132.0,176.0,5.422570423700491,362.0,371.0,308,-44.0,69.0,-0.14,362.0,
07:40:06,362.0,14.0,371.0,63.0,361.0,21.0,377.0,14.0,366.5,9.0,35.0,77.0,5.81827723643265,362.0,371.0,112,-42.0,-184.0,-0.38,362.0,
07:40:07,362.0,16.0,371.0,72.0,361.0,24.0,529.13,30.0,366.5,9.0,40.0,102.0,2.7921371742785777,362.0,371.0,142,-62.0,30.0,-0.44,362.0,
07:40:08,362.0,28.0,369.69,48.0,361.0,42.0,377.0,64.0,365.84,7.689999999999998,70.0,112.0,0.2868449058074431,362.0,369.69,182,-42.0,40.0,-0.23,362.0,
07:40:09,362.0,24.0,367.0,36.0,361.0,36.0,371.6,50.0,364.5,5.0,60.0,86.0,0.8689764093390974,362.0,367.0,146,-26.0,-36.0,-0.18,362.0,
07:40:10,358.23,105.0,363.86,42.0,357.48,75.0,374.0,70.0,361.04,5.629999999999996,180.0,112.0,2.2945762135933485,358.23,363.86,292,68.0,146.0,0.23,361.4,5.0
07:40:11,358.0,144.0,361.07,44.0,357.0,96.0,368.28,50.0,359.53,3.069999999999993,240.0,94.0,3.0531328172860666,358.0,361.07,334,146.0,42.0,0.44,361.0,1.0
07:40:12,358.0,95.0,364.51,41.0,357.0,72.0,374.72,36.0,361.26,6.509999999999991,167.0,77.0,2.627923134338156,358.0,364.51,244,90.0,-90.0,0.37,358.0,4.0
07:40:13,358.0,50.0,368.0,56.0,357.0,84.0,378.92,129.0,363.0,10.0,134.0,185.0,1.919004950486061,358.0,368.0,319,-51.0,75.0,-0.16,358.0,2.0
07:40:14,358.0,21.0,368.0,28.0,357.0,42.0,375.0,17.0,363.0,10.0,63.0,45.0,1.468700105532159,358.0,368.0,108,18.0,-184.0,0.17,358.0,
07:40:15,357.33,27.0,363.69,29.0,356.25,24.0,368.52,23.0,360.51,6.360000000000014,51.0,52.0,1.533835062837664,357.33,363.69,103,-1.0,-5.0,-0.01,358.0,3.0
07:40:16,357.25,32.0,370.68,31.0,356.57,56.0,376.78,54.0,363.96,13.430000000000009,88.0,85.0,1.4151607682485394,357.25,370.68,173,3.0,70.0,0.02,358.0,
07:40:17,358.0,14.0,372.64,28.0,356.36,84.0,378.43,61.0,365.32,14.639999999999986,98.0,89.0,1.7592100499910202,358.0,372.64,187,9.0,14.0,0.05,358.0,
07:40:18,358.1,20.0,366.38,58.0,356.52,127.0,372.71,84.0,362.24,8.279999999999973,147.0,142.0,1.8084191991873664,358.1,366.38,289,5.0,102.0,0.02,360.0,2.0
07:40:19,356.44,27.0,372.0,36.0,355.45,66.0,379.94,77.0,364.22,15.560000000000002,93.0,113.0,1.887961864018803,356.44,372.0,206,-20.0,-83.0,-0.1,357.0,2.0
07:40:20,356.0,91.0,372.0,52.0,354.0,78.0,380.0,117.0,364.0,16.0,169.0,169.0,1.1041376725702918,356.0,372.0,338,0.0,132.0,0.0,357.0,
07:40:21,358.44,43.0,371.0,25.0,354.93,45.0,379.18,50.0,364.72,12.560000000000002,88.0,75.0,1.157238091314342,358.44,371.0,163,13.0,-175.0,0.08,357.0,
07:40:22,354.56,34.0,365.79,28.0,350.81,67.0,367.25,24.0,360.17,11.230000000000018,101.0,52.0,1.871416575749356,354.56,365.79,153,49.0,-10.0,0.32,356.56,9.0
07:40:23,351.45,62.0,364.89,18.0,349.05,65.0,366.0,54.0,358.17,13.439999999999998,127.0,72.0,2.9162012962053594,351.45,364.89,199,55.0,46.0,0.28,356.56,
07:40:24,352.37,38.0,362.62,13.0,349.41,58.0,366.0,39.0,357.49,10.25,96.0,52.0,3.309675210649889,352.37,362.62,148,44.0,-51.0,0.3,353.0,2.0
07:40:25,352.75,48.0,363.71,21.0,348.0,24.0,365.69,39.0,358.23,10.95999999999998,72.0,60.0,2.94921684519653,352.75,363.71,132,12.0,-16.0,0.09,353.0,
07:40:26,356.57,28.0,365.0,48.0,352.36,47.0,368.14,42.0,360.79,8.430000000000007,75.0,90.0,1.4256928140350864,356.57,365.0,165,-15.0,33.0,-0.09,353.0,
07:40:27,358.5,48.0,364.14,58.0,354.0,60.0,366.54,74.0,361.32,5.639999999999986,108.0,132.0,1.7283228864975255,358.5,364.14,240,-24.0,75.0,-0.1,364.0,1.0
07:40:28,359.47,68.0,362.94,51.0,358.0,34.0,366.0,68.0,361.21,3.4699999999999704,102.0,119.0,1.8082643612013165,359.47,362.94,221,-17.0,-19.0,-0.08,364.0,
07:40:29,360.0,20.0,367.54,41.0,358.0,22.0,370.29,49.0,363.77,7.54000000000002,42.0,90.0,1.9695126300661605,360.0,367.54,132,-48.0,-89.0,-0.36,360.0,3.0
07:40:30,360.0,7.0,368.91,22.0,358.0,14.0,369.65,23.0,364.45,8.910000000000025,21.0,45.0,1.6741923425907477,360.0,368.91,66,-24.0,-66.0,-0.36,360.0,
07:40:31,360.0,14.0,367.0,14.0,358.0,28.0,369.0,56.0,363.5,7.0,42.0,70.0,1.4882372122713512,360.0,367.0,112,-28.0,46.0,-0.25,360.0,
07:40:32,360.0,12.0,364.5,12.0,358.0,24.0,367.67,24.0,362.25,4.5,36.0,36.0,1.2947509412968494,360.0,364.5,72,0.0,-40.0,0.0,360.0,
07:40:33,360.0,13.0,362.85,13.0,358.0,26.0,363.85,13.0,361.42,2.8500000000000227,39.0,26.0,1.2220761023721205,360.0,362.85,65,13.0,-7.0,0.2,360.0,
07:40:34,359.6,10.0,361.11,9.0,357.76,17.0,363.67,12.0,360.36,1.509999999999991,27.0,21.0,1.6245707125236035,359.6,361.11,48,6.0,-17.0,0.12,360.0,1.0
07:40:35,358.0,14.0,361.43,7.0,354.0,7.0,367.86,28.0,359.71,3.430000000000007,21.0,35.0,1.5049152800041643,358.0,361.43,56,-14.0,8.0,-0.25,360.0,
07:40:36,358.0,28.0,360.3,10.0,354.0,10.0,369.0,40.0,359.15,2.300000000000012,38.0,50.0,1.2594324118389613,358.0,360.3,88,-12.0,32.0,-0.14,360.0,
07:40:37,358.0,38.0,364.25,16.0,354.0,10.0,369.47,38.0,361.12,6.25,48.0,54.0,0.9470322064167715,358.0,364.25,102,-6.0,14.0,-0.06,358.0,1.0
07:40:38,358.0,21.0,369.0,28.0,354.0,7.0,372.0,21.0,363.5,11.0,28.0,49.0,1.6949542766666,358.0,369.0,77,-21.0,-25.0,-0.27,358.0,
07:40:39,359.0,29.0,369.0,68.0,356.62,45.0,372.0,51.0,364.0,10.0,74.0,119.0,2.1863737100482257,359.0,369.0,193,-45.0,116.0,-0.23,358.0,
07:40:40,359.0,19.0,367.78,59.0,358.0,57.0,371.05,101.0,363.39,8.779999999999973,76.0,160.0,2.049992682911239,359.0,367.78,236,-84.0,43.0,-0.36,358.0,
07:40:41,358.12,33.0,364.93,54.0,356.75,32.0,367.43,70.0,361.52,6.810000000000002,65.0,124.0,1.2937078495508012,358.12,364.93,189,-59.0,-47.0,-0.31,359.6,5.0
07:40:42,356.75,24.0,372.21,42.0,355.3,20.0,374.66,41.0,364.48,15.45999999999998,44.0,83.0,1.125664248339155,356.75,372.21,127,-39.0,-62.0,-0.31,356.2,5.0
07:40:47,358.6,30.0,372.43,42.0,354.62,24.0,380.17,54.0,365.51,13.829999999999984,54.0,96.0,0.8505468828859741,358.6,372.43,150,-42.0,-18.0,-0.28,361.43,7.0
07:40:48,352.0,24.0,376.0,36.0,349.0,12.0,381.0,60.0,364.0,24.0,36.0,96.0,1.2723482227705656,352.0,376.0,132,-60.0,-18.0,-0.45,361.43,
07:40:49,351.14,14.0,372.0,27.0,348.11,9.0,378.29,31.0,361.57,20.860000000000014,23.0,58.0,1.859346659444726,351.14,372.0,81,-35.0,-51.0,-0.43,352.0,2.0
07:40:50,349.0,10.0,350.43,14.0,347.0,10.0,366.88,34.0,349.71,1.4300000000000068,20.0,48.0,6.652936945439281,349.0,350.43,68,-28.0,-13.0,-0.41,352.0,
07:40:51,347.43,14.0,350.65,17.0,298.25,36.0,370.05,58.0,349.04,3.2199999999999704,50.0,75.0,7.970961673474122,347.43,350.65,125,-25.0,57.0,-0.2,349.0,1.0
07:40:52,347.0,12.0,364.57,28.0,280.75,16.0,370.67,60.0,355.79,17.569999999999993,28.0,88.0,6.765210270198176,347.0,364.57,116,-60.0,-9.0,-0.52,351.0,1.0
07:40:53,359.86,28.0,369.75,60.0,322.83,12.0,371.58,60.0,364.8,9.889999999999986,40.0,120.0,7.006230798367602,359.86,369.75,160,-80.0,44.0,-0.5,351.0,
07:40:54,357.86,22.0,369.0,50.0,317.29,14.0,371.0,50.0,363.43,11.139999999999986,36.0,100.0,7.402028775950172,357.86,369.0,136,-64.0,-24.0,-0.47,351.0,
07:40:55,302.88,32.0,366.56,59.0,197.61,44.0,368.0,61.0,334.72,63.68000000000001,76.0,120.0,12.28925669029648,302.88,366.56,196,-44.0,60.0,-0.22,349.5,4.0
07:40:57,313.0,39.0,349.96,46.0,146.53,77.0,359.89,45.0,331.48,36.95999999999998,116.0,91.0,25.677152684828755,313.0,349.96,207,25.0,35.0,0.12,349.5,2.0
07:41:00,331.85,94.0,353.0,44.0,309.61,93.0,355.0,11.0,342.43,21.149999999999977,187.0,55.0,26.458045657229317,331.85,353.0,242,132.0,120.0,0.55,349.5,
07:41:01,346.41,132.0,351.75,48.0,285.16,225.0,353.44,36.0,349.08,5.339999999999975,357.0,84.0,31.216697935560443,346.41,351.75,441,273.0,184.0,0.62,350.86,7.0
07:41:02,346.21,48.0,350.14,42.0,323.74,212.0,353.54,13.0,348.18,3.930000000000007,260.0,55.0,33.71581424198474,346.21,350.14,315,205.0,-126.0,0.65,350.86,
07:41:03,347.0,6.0,349.0,30.0,341.0,114.0,352.0,6.0,348.0,2.0,120.0,36.0,26.263402864061806,347.0,349.0,156,84.0,-159.0,0.54,350.86,
07:41:04,340.87,139.0,349.0,49.0,295.45,191.0,352.0,13.0,344.94,8.129999999999995,330.0,62.0,2.771458099990129,340.87,349.0,392,268.0,184.0,0.68,349.0,2.0
07:41:05,340.0,114.0,349.0,18.0,271.5,54.0,352.0,6.0,344.5,9.0,168.0,24.0,2.073306537876286,340.0,349.0,192,144.0,-184.0,0.75,349.0,
07:41:06,340.0,152.0,349.0,22.0,229.5,64.0,352.0,8.0,344.5,9.0,216.0,30.0,1.895594893430912,340.0,349.0,246,186.0,54.0,0.76,349.0,1.0
07:41:07,340.0,171.0,349.0,18.0,219.93,83.0,351.09,23.0,344.5,9.0,254.0,41.0,1.5279790574487475,340.0,349.0,295,213.0,49.0,0.72,349.0,
07:41:08,340.0,114.0,349.0,12.0,197.25,56.0,351.0,18.0,344.5,9.0,170.0,30.0,0.1967739820265863,340.0,349.0,200,140.0,-95.0,0.7,349.0,
07:41:09,340.0,76.0,348.14,14.0,245.5,44.0,349.67,9.0,344.07,8.139999999999986,120.0,23.0,0.1923018460721623,340.0,348.14,143,97.0,-57.0,0.68,349.0,
07:41:10,340.03,176.0,349.84,19.0,233.53,106.0,353.12,34.0,344.94,9.810000000000002,282.0,53.0,0.3076036410751212,340.03,349.84,335,229.0,184.0,0.68,349.82,11.0
07:41:11,342.13,39.0,353.16,19.0,339.33,75.0,354.29,17.0,347.64,11.03000000000003,114.0,36.0,1.4364539672408665,342.13,353.16,150,78.0,-184.0,0.52,352.33,3.0
07:41:12,343.89,36.0,354.0,27.0,343.11,27.0,355.0,13.0,348.94,10.110000000000014,63.0,40.0,2.1465134520895,343.89,354.0,103,23.0,-47.0,0.22,352.33,
07:41:13,349.0,25.0,354.0,27.0,347.69,62.0,355.0,27.0,351.5,5.0,87.0,54.0,3.0157121878587487,349.0,354.0,141,33.0,38.0,0.23,352.33,
07:41:14,351.97,30.0,354.44,27.0,341.42,55.0,356.33,27.0,353.21,2.4699999999999704,85.0,54.0,3.2406912842783906,351.97,354.44,139,31.0,-2.0,0.22,354.0,3.0
07:41:15,354.0,24.0,355.75,32.0,353.0,24.0,360.55,33.0,354.88,1.75,48.0,65.0,2.976907791651613,354.0,355.75,113,-17.0,-26.0,-0.15,355.0,3.0
07:41:16,341.84,25.0,358.0,22.0,259.91,79.0,386.73,33.0,349.92,16.160000000000025,104.0,55.0,2.409252996261622,341.84,358.0,159,49.0,46.0,0.31,354.5,4.0
07:41:17,343.0,54.0,358.0,24.0,261.7,37.0,415.25,36.0,350.5,15.0,91.0,60.0,2.0362269028758297,343.0,358.0,151,31.0,-8.0,0.21,354.5,
07:41:18,346.0,60.0,357.6,10.0,337.0,30.0,594.74,35.0,351.8,11.600000000000025,90.0,45.0,2.022107811170124,346.0,357.6,135,45.0,-16.0,0.33,352.5,2.0
07:41:19,347.6,60.0,358.38,24.0,341.29,84.0,462.5,18.0,352.99,10.779999999999973,144.0,42.0,1.993067986797061,347.6,358.37999999999994,186,102.0,51.0,0.55,358.0,3.0
07:41:20,346.0,78.0,359.15,34.0,340.14,35.0,460.14,37.0,352.57,13.149999999999975,113.0,71.0,1.3167877581431933,346.0,359.15,184,42.0,-2.0,0.23,358.0,
07:41:21,346.0,36.0,359.0,24.0,341.0,18.0,360.0,6.0,352.5,13.0,54.0,30.0,0.9771233289586458,346.0,359.0,84,24.0,-100.0,0.29,358.0,
07:41:22,345.95,76.0,357.38,50.0,343.84,31.0,360.0,17.0,351.66,11.430000000000009,107.0,67.0,0.5586859582940588,345.95,357.38,174,40.0,90.0,0.23,354.8,5.0
07:41:23,346.12,34.0,357.68,25.0,343.25,32.0,425.21,19.0,351.9,11.560000000000002,66.0,44.0,0.5375220925645193,346.12,357.68,110,22.0,-64.0,0.2,354.8,
07:41:24,347.67,60.0,357.33,36.0,345.8,40.0,359.56,18.0,352.5,9.659999999999968,100.0,54.0,0.4168692840628409,347.67,357.33,154,46.0,44.0,0.3,354.8,
07:41:25,348.17,82.0,355.74,39.0,344.7,40.0,357.84,25.0,351.96,7.569999999999993,122.0,64.0,0.3785234470877992,348.17,355.74,186,58.0,32.0,0.31,353.33,3.0
07:41:26,350.74,57.0,353.89,65.0,343.76,34.0,356.22,37.0,352.31,3.1499999999999773,91.0,102.0,0.3359761896255196,350.74,353.89,193,-11.0,7.0,-0.06,351.5,2.0
07:41:27,352.58,36.0,354.0,60.0,342.67,24.0,365.0,12.0,353.29,1.420000000000016,60.0,72.0,0.5597946051855481,352.58,354.0,132,-12.0,-61.0,-0.09,351.5,
07:41:28,349.67,27.0,354.0,41.0,337.65,17.0,365.0,10.0,351.83,4.329999999999984,44.0,51.0,0.5758211527851861,349.67,354.0,95,-7.0,-37.0,-0.07,354.0,3.0
07:41:29,338.0,20.0,354.0,20.0,336.0,10.0,365.0,10.0,346.0,16.0,30.0,30.0,2.8956985340322743,338.0,354.0,60,0.0,-35.0,0.0,354.0,
07:41:30,338.0,32.0,353.71,28.0,336.0,12.0,361.86,14.0,345.86,15.70999999999998,44.0,42.0,3.624495827007993,338.0,353.71,86,2.0,26.0,0.02,354.0,
07:41:31,338.71,35.0,352.6,40.0,336.8,15.0,353.82,22.0,345.66,13.890000000000043,50.0,62.0,3.718678528724975,338.71,352.6,112,-12.0,26.0,-0.11,354.0,
07:41:32,340.19,80.0,349.0,44.0,334.11,35.0,353.0,64.0,344.59,8.810000000000002,115.0,108.0,2.872606830041733,340.19,349.0,223,7.0,111.0,0.03,349.0,2.0
07:41:33,342.15,65.0,347.7,46.0,335.38,13.0,350.5,32.0,344.92,5.550000000000011,78.0,78.0,0.6175597137154148,342.15,347.7,156,0.0,-67.0,0.0,349.0,
07:41:34,343.22,45.0,347.0,36.0,334.0,9.0,349.0,18.0,345.11,3.7799999999999727,54.0,54.0,0.5248523601971221,343.22,347.0,108,0.0,-48.0,0.0,349.0,
07:41:35,344.7,50.0,347.0,40.0,334.0,10.0,349.0,20.0,345.85,2.300000000000012,60.0,60.0,0.5218524695778464,344.7,347.0,120,0.0,12.0,0.0,349.0,
07:41:36,341.06,17.0,348.27,22.0,330.78,9.0,350.56,18.0,344.67,7.2099999999999795,26.0,40.0,0.5035076960730012,341.06,348.27,66,-14.0,-54.0,-0.21,347.0,4.0
07:41:37,334.92,13.0,349.0,26.0,333.94,79.0,351.0,26.0,341.96,14.079999999999984,92.0,52.0,1.4875718470062071,334.92,349.0,144,40.0,78.0,0.28,347.0,
07:41:38,335.0,14.0,347.31,39.0,334.0,98.0,349.43,28.0,341.15,12.310000000000002,112.0,67.0,2.065797666763728,335.0,347.31,179,45.0,35.0,0.25,347.0,3.0
07:41:39,335.0,15.0,349.0,21.0,334.0,105.0,351.0,30.0,342.0,14.0,120.0,51.0,2.020898315108212,335.0,349.0,171,69.0,-8.0,0.4,349.0,1.0
07:41:40,335.64,14.0,349.0,8.0,334.0,50.0,351.0,16.0,342.32,13.360000000000014,64.0,24.0,1.3297932170108409,335.64,349.0,88,40.0,-83.0,0.45,349.0,
07:41:41,336.85,92.0,349.0,18.0,334.83,18.0,351.0,36.0,342.92,12.149999999999975,110.0,54.0,0.6419501538347389,336.85,349.0,164,56.0,76.0,0.34,349.0,
07:41:42,340.05,21.0,349.0,13.0,335.85,13.0,351.0,26.0,344.52,8.949999999999989,34.0,39.0,1.2577837652028516,340.05,349.0,73,-5.0,-91.0,-0.07,349.0,
07:41:43,343.08,49.0,349.0,14.0,341.0,34.0,351.0,28.0,346.04,5.920000000000016,83.0,42.0,1.6920992878689962,343.08,349.0,125,41.0,52.0,0.33,349.0,
07:41:44,346.47,30.0,349.0,15.0,344.0,90.0,351.0,30.0,347.73,2.5299999999999727,120.0,45.0,2.227191056017756,346.47,349.0,165,75.0,40.0,0.45,349.0,
07:41:45,347.88,68.0,350.14,14.0,345.36,44.0,351.94,31.0,349.01,2.259999999999991,112.0,45.0,2.4352474206954686,347.88,350.14,157,67.0,-8.0,0.43,350.0,2.0
07:41:46,348.25,64.0,350.28,25.0,346.42,43.0,351.67,21.0,349.26,2.0299999999999727,107.0,46.0,2.016549032382435,348.25,350.28,153,61.0,-4.0,0.4,350.0,2.0
07:41:47,344.36,28.0,350.62,16.0,332.23,53.0,351.87,23.0,347.49,6.259999999999991,81.0,39.0,1.297894448713694,344.36,350.62,120,42.0,-33.0,0.35,350.0,2.0
07:41:48,337.48,46.0,350.29,17.0,334.1,21.0,353.63,49.0,343.89,12.810000000000002,67.0,66.0,2.148250450948948,337.48,350.29,133,1.0,13.0,0.01,351.5,2.0
07:41:49,341.7,67.0,349.0,56.0,336.85,52.0,356.67,24.0,345.35,7.300000000000011,119.0,80.0,2.333580939243995,341.7,349.0,199,39.0,66.0,0.2,349.89,9.0
07:41:50,343.0,36.0,354.0,18.0,338.0,9.0,358.11,18.0,348.5,11.0,45.0,36.0,2.232727032129768,343.0,354.0,81,9.0,-118.0,0.11,349.89,
07:41:51,343.0,36.0,359.33,18.0,336.33,9.0,362.76,42.0,351.17,16.329999999999984,45.0,60.0,2.823189685444921,343.0,359.33,105,-15.0,24.0,-0.14,356.8,5.0
07:41:52,343.36,56.0,355.19,36.0,335.0,14.0,359.83,54.0,349.28,11.829999999999984,70.0,90.0,2.966339495068313,343.36,355.19,160,-20.0,55.0,-0.12,354.11,9.0
07:41:53,344.85,52.0,356.38,26.0,332.23,13.0,363.0,65.0,350.62,11.529999999999973,65.0,91.0,2.2903558675455797,344.85,356.38,156,-26.0,-4.0,-0.17,354.11,
07:41:54,346.0,48.0,354.58,33.0,333.25,12.0,378.67,49.0,350.29,8.579999999999984,60.0,82.0,1.072599645720295,346.0,354.58,142,-22.0,-14.0,-0.15,352.0,6.0
07:41:55,347.72,72.0,357.62,52.0,335.79,91.0,395.38,69.0,352.67,9.899999999999975,163.0,121.0,1.2486512723728371,347.72,357.62,284,42.0,142.0,0.15,352.0,
07:41:56,348.6,40.0,353.0,20.0,336.84,64.0,361.0,50.0,350.8,4.399999999999977,104.0,70.0,1.2325461451801278,348.6,353.0,174,34.0,-110.0,0.2,352.0,
07:41:57,350.0,28.0,353.0,14.0,343.0,28.0,361.0,35.0,351.5,3.0,56.0,49.0,0.9450555539214804,350.0,353.0,105,7.0,-69.0,0.07,352.0,
07:41:58,348.64,44.0,353.0,22.0,340.23,53.0,361.0,55.0,350.82,4.360000000000014,97.0,77.0,0.9195270523469072,348.64,353.0,174,20.0,69.0,0.11,352.0,
07:41:59,345.86,35.0,353.0,28.0,343.39,44.0,360.74,68.0,349.43,7.139999999999986,79.0,96.0,1.1796736836930963,345.86,353.0,175,-17.0,1.0,-0.1,353.0,1.0
07:42:00,348.29,28.0,353.0,13.0,347.86,37.0,357.55,47.0,350.64,4.70999999999998,65.0,60.0,0.7519441468610399,348.29,353.0,125,5.0,-50.0,0.04,353.0,
07:42:01,349.83,29.0,353.0,11.0,348.23,26.0,360.74,47.0,351.41,3.170000000000016,55.0,58.0,0.8302108165992729,349.83,353.0,113,-3.0,-12.0,-0.03,353.0,
07:42:02,351.0,50.0,357.57,35.0,350.31,58.0,401.53,19.0,354.29,6.569999999999993,108.0,54.0,1.810626963236155,351.0,357.57,162,54.0,49.0,0.33,354.0,2.0
07:42:03,353.97,33.0,361.0,85.0,352.8,20.0,391.91,77.0,357.48,7.029999999999973,53.0,162.0,3.239004476686654,353.97,361.0,215,-109.0,53.0,-0.51,354.0,
07:42:04,355.1,42.0,361.0,65.0,353.09,46.0,572.54,65.0,358.05,5.899999999999977,88.0,130.0,3.387304237885066,355.1,361.0,218,-42.0,3.0,-0.19,354.0,
07:42:05,356.89,54.0,361.0,90.0,355.82,132.0,512.67,90.0,358.94,4.110000000000014,186.0,180.0,3.1234163987518837,356.89,361.0,366,6.0,148.0,0.02,354.0,
07:42:06,359.0,27.0,361.0,50.0,356.0,90.0,478.25,44.0,360.0,2.0,117.0,94.0,2.157143945125198,359.0,361.0,211,23.0,-155.0,0.11,354.0,
07:42:07,356.59,56.0,360.71,84.0,353.0,122.0,428.26,54.0,358.65,4.1200000000000045,178.0,138.0,0.9529060814106154,356.59,360.71,316,40.0,105.0,0.13,357.8,5.0
07:42:08,356.03,89.0,360.65,46.0,344.53,68.0,440.32,59.0,358.34,4.6200000000000045,157.0,105.0,0.7510193073344674,356.03,360.65,262,52.0,-54.0,0.2,357.0,3.0
07:42:09,356.0,81.0,358.0,36.0,348.0,70.0,359.28,36.0,357.0,2.0,151.0,72.0,1.084518326257956,356.0,358.0,223,79.0,-39.0,0.35,358.9,10.0
07:42:20,361.0,14.0,367.42,48.0,358.11,27.0,368.74,43.0,364.21,6.420000000000016,41.0,91.0,6.603652777060635,361.0,367.42,132,-50.0,-45.0,-0.38,363.0,3.0
07:42:21,361.0,10.0,366.0,50.0,359.0,20.0,367.0,40.0,363.5,5.0,30.0,90.0,1.5463731761720785,361.0,366.0,120,-60.0,-12.0,-0.5,363.0,
07:42:22,358.5,20.0,365.58,60.0,355.62,32.0,367.0,48.0,362.04,7.079999999999984,52.0,108.0,2.1052743289142835,358.5,365.58,160,-56.0,40.0,-0.35,358.75,4.0
07:42:23,354.41,68.0,362.36,55.0,349.73,66.0,364.6,47.0,358.39,7.949999999999989,134.0,102.0,3.040587114355968,354.41,362.36,236,32.0,76.0,0.14,356.0,5.0
07:42:24,350.0,54.0,359.0,31.0,274.3,20.0,359.83,29.0,354.5,9.0,74.0,60.0,4.049193746906926,350.0,359.0,134,14.0,-102.0,0.1,358.5,8.0
07:42:25,350.0,60.0,358.0,10.0,163.54,35.0,371.76,25.0,354.0,8.0,95.0,35.0,4.295134456567381,350.0,358.0,130,60.0,-4.0,0.46,358.5,
07:42:26,350.51,49.0,357.67,9.0,336.82,34.0,366.0,18.0,354.09,7.160000000000025,83.0,27.0,3.5449866008201565,350.50999999999993,357.67,110,56.0,-20.0,0.51,358.5,
07:42:27,352.27,75.0,366.29,34.0,309.88,88.0,371.39,33.0,359.28,14.02000000000004,163.0,67.0,2.56685994943139,352.27,366.29,230,96.0,120.0,0.42,356.0,1.0
