Time,Bid1_Price,Bid1_Volume,Ask1_Price,Ask1_Volume,Bid2_Price,Bid2_Volume,Ask2_Price,Ask2_Volume,Mid-Price,Bid_Ask_Spread,Market_Depth_Bid,Market_Depth_Ask,Historical_Volatility,Weighted_Avg_Bid_Price,Weighted_Avg_Ask_Price,Total_volume,Cumulative_Volume_Difference,Total_Volume_Change_Corrected,Order_imbalance
07:30:21,298.0,42.0,314.2,40.0,296.89,65.0,326.44,50.0,306.1,16.19999999999999,107.0,90.0,6.2453526721874635,298.0,314.2,197,17.0,-57.0,0.09
07:30:22,303.82,34.0,311.26,61.0,302.71,105.0,317.47,78.0,307.54,7.439999999999998,139.0,139.0,6.598489978775337,303.82,311.26,278,0.0,81.0,0.0
07:30:23,304.16,50.0,308.82,34.0,303.42,57.0,315.95,115.0,306.49,4.659999999999968,107.0,149.0,5.766849226397216,304.16,308.82,256,-42.0,-22.0,-0.16
07:30:24,304.0,40.0,308.0,20.0,303.0,30.0,315.21,34.0,306.0,4.0,70.0,54.0,3.5158398712111207,304.0,308.0,124,16.0,-132.0,0.13
07:30:25,304.0,52.0,307.05,38.0,302.47,53.0,309.98,43.0,305.53,3.0500000000000114,105.0,81.0,0.7568817609097235,304.0,307.05,186,24.0,62.0,0.13
07:30:26,304.0,56.0,305.0,70.0,303.0,56.0,306.0,28.0,304.5,1.0,112.0,98.0,1.127151276447755,304.0,305.0,210,14.0,24.0,0.07
07:30:27,303.45,58.0,309.88,64.0,301.73,88.0,316.27,51.0,306.66,6.430000000000007,146.0,115.0,0.8677730117938638,303.45,309.88,261,31.0,51.0,0.12
07:30:28,303.0,36.0,317.67,27.0,301.0,63.0,318.73,33.0,310.33,14.670000000000016,99.0,60.0,2.2266185124528555,303.0,317.67,159,39.0,-102.0,0.25
07:30:29,303.0,16.0,316.75,12.0,301.0,28.0,318.0,12.0,309.88,13.75,44.0,24.0,2.607096085685714,303.0,316.75,68,20.0,-91.0,0.29
07:30:30,303.0,52.0,315.23,39.0,301.0,91.0,318.0,39.0,309.12,12.230000000000018,143.0,78.0,2.4604511781374123,303.0,315.23,221,65.0,153.0,0.29
07:30:31,302.18,68.0,314.43,42.0,300.84,74.0,318.0,42.0,308.3,12.25,142.0,84.0,1.4510754632333425,302.18,314.43,226,58.0,5.0,0.26
07:30:32,301.0,77.0,313.0,33.0,298.0,11.0,318.0,33.0,307.0,12.0,88.0,66.0,1.3247943236585409,301.0,313.0,154,22.0,-72.0,0.14
07:30:33,301.0,63.0,311.67,27.0,298.0,65.0,318.0,27.0,306.33,10.670000000000016,128.0,54.0,1.4652917798164944,301.0,311.67,182,74.0,28.0,0.41
07:30:34,301.0,41.0,310.0,15.0,298.0,45.0,318.0,15.0,305.5,9.0,86.0,30.0,1.4637964339338951,301.0,310.0,116,56.0,-66.0,0.48
07:30:35,301.0,133.0,308.23,26.0,298.0,61.0,310.0,39.0,304.62,7.230000000000018,194.0,65.0,1.4089712559159375,301.0,308.23,259,129.0,143.0,0.5
07:30:36,301.0,130.0,305.6,45.0,298.0,15.0,307.0,30.0,303.3,4.600000000000023,145.0,75.0,1.452652745840207,301.0,305.6,220,70.0,-39.0,0.32
07:30:39,299.09,33.0,306.7,23.0,297.47,15.0,311.16,73.0,302.89,7.610000000000014,48.0,96.0,1.3370377705945802,299.09,306.7,144,-48.0,27.0,-0.33
07:30:40,300.0,95.0,308.2,10.0,298.0,10.0,309.8,50.0,304.1,8.199999999999989,105.0,60.0,1.1685161530747041,300.0,308.2,165,45.0,21.0,0.27
07:30:41,300.0,112.0,307.14,43.0,298.0,14.0,308.08,75.0,303.57,7.139999999999986,126.0,118.0,1.2096156414318222,300.0,307.14,244,8.0,79.0,0.03
07:30:42,300.0,96.0,305.67,12.0,298.0,12.0,308.83,60.0,302.83,5.670000000000016,108.0,72.0,1.1527879249873132,300.0,305.67,180,36.0,-64.0,0.2
07:30:50,299.46,56.0,310.41,41.0,298.0,10.0,312.12,34.0,304.94,10.950000000000045,66.0,75.0,2.281102803469371,299.46,310.41,141,-9.0,-77.0,-0.06
07:30:51,300.07,70.0,310.31,48.0,298.0,14.0,311.1,58.0,305.19,10.240000000000009,84.0,106.0,2.9511946733477274,300.07,310.31,190,-22.0,49.0,-0.12
07:30:52,301.7,50.0,310.0,30.0,298.0,10.0,311.0,50.0,305.85,8.300000000000011,60.0,80.0,3.056885670089137,301.7,310.0,140,-20.0,-50.0,-0.14
07:30:53,302.85,65.0,310.0,39.0,300.08,13.0,311.0,65.0,306.42,7.149999999999977,78.0,104.0,2.574698040547011,302.85,310.0,182,-26.0,42.0,-0.14
07:30:54,303.0,45.0,310.0,27.0,301.0,9.0,311.0,45.0,306.5,7.0,54.0,72.0,0.7047339923666311,303.0,310.0,126,-18.0,-56.0,-0.14
07:30:55,303.0,85.0,308.59,51.0,301.0,17.0,311.35,85.0,305.79,5.589999999999975,102.0,136.0,0.5330572201903527,303.0,308.59,238,-34.0,112.0,-0.14
07:30:56,303.0,60.0,307.0,36.0,301.0,12.0,311.29,48.0,305.0,4.0,72.0,84.0,0.6029676608219279,303.0,307.0,156,-12.0,-82.0,-0.08
07:30:57,303.63,102.0,306.59,51.0,302.56,41.0,311.34,64.0,305.11,2.9599999999999795,143.0,115.0,0.7042939727109896,303.63,306.59,258,28.0,102.0,0.11
07:30:58,304.0,64.0,305.0,24.0,303.0,32.0,313.0,40.0,304.5,1.0,96.0,64.0,0.7768848048436214,304.0,305.0,160,32.0,-98.0,0.2
07:30:59,304.0,96.0,305.0,36.0,303.0,48.0,312.5,60.0,304.5,1.0,144.0,96.0,0.5324941314200532,304.0,305.0,240,48.0,80.0,0.2
07:31:00,304.0,61.0,305.0,24.0,303.0,32.0,312.0,40.0,304.5,1.0,93.0,64.0,0.30646370094469316,304.0,305.0,157,29.0,-83.0,0.18
07:31:01,303.38,40.0,308.39,49.0,302.09,22.0,312.67,60.0,305.88,5.009999999999991,62.0,109.0,0.6091961917123114,303.38,308.39,171,-47.0,14.0,-0.27
07:31:02,303.0,15.0,312.45,71.0,301.0,15.0,314.17,48.0,307.73,9.449999999999989,30.0,119.0,1.4218720054902991,303.0,312.45,149,-89.0,-22.0,-0.6
07:31:03,300.14,79.0,314.05,41.0,298.75,63.0,369.0,12.0,307.09,13.910000000000025,142.0,53.0,1.4728713453649624,300.14,314.05,195,89.0,46.0,0.46
07:31:04,300.0,80.0,315.25,20.0,298.0,50.0,496.62,16.0,307.62,15.25,130.0,36.0,1.3674172735480048,300.0,315.25,166,94.0,-29.0,0.57
07:31:05,300.0,56.0,314.0,41.0,298.0,35.0,316.14,7.0,307.0,14.0,91.0,48.0,0.7347312433792681,300.0,314.0,139,43.0,-27.0,0.31
07:31:06,300.0,64.0,312.88,32.0,298.0,40.0,313.36,22.0,306.44,12.879999999999995,104.0,54.0,0.5206054167963299,300.0,312.88,158,50.0,19.0,0.32
07:31:07,300.0,56.0,309.71,21.0,298.0,35.0,310.86,21.0,304.86,9.70999999999998,91.0,42.0,1.059915090937683,300.0,309.71,133,49.0,-25.0,0.37
07:31:08,300.0,64.0,307.9,30.0,298.0,50.0,311.0,30.0,303.95,7.899999999999977,114.0,60.0,1.5261651286794826,300.0,307.9,174,54.0,41.0,0.31
07:31:09,300.0,78.0,305.23,39.0,298.0,65.0,312.17,29.0,302.62,5.230000000000018,143.0,68.0,1.792813431452622,300.0,305.23,211,75.0,37.0,0.36
07:31:20,299.75,24.0,309.0,60.0,295.12,25.0,313.0,45.0,304.38,9.25,49.0,105.0,1.4336073381494112,299.75,309.0,154,-56.0,20.0,-0.36
07:31:21,301.0,55.0,309.0,60.0,298.0,15.0,313.0,45.0,305.0,8.0,70.0,105.0,1.970337534534593,301.0,309.0,175,-35.0,21.0,-0.2
07:31:22,301.0,10.0,309.0,40.0,298.0,10.0,313.0,30.0,305.0,8.0,20.0,70.0,2.0982802482022986,301.0,309.0,90,-50.0,-85.0,-0.56
07:31:23,299.0,16.0,309.0,48.0,296.44,36.0,313.0,36.0,304.0,10.0,52.0,84.0,1.6029597624382008,299.0,309.0,136,-32.0,46.0,-0.24
07:31:24,297.0,14.0,309.0,28.0,296.0,49.0,313.0,21.0,303.0,12.0,63.0,49.0,0.8311919152613969,297.0,309.0,112,14.0,-24.0,0.12
07:31:25,296.26,38.0,309.0,36.0,293.33,75.0,313.0,27.0,302.63,12.740000000000009,113.0,63.0,1.1010812867340487,296.26,309.0,176,50.0,64.0,0.28
07:31:26,296.0,61.0,307.44,72.0,291.0,150.0,310.29,65.0,301.72,11.439999999999998,211.0,137.0,1.265977882901535,296.0,307.44,348,74.0,172.0,0.21
07:31:27,296.0,18.0,306.78,36.0,291.0,82.0,313.0,27.0,301.39,10.779999999999973,100.0,63.0,1.0423387165388396,296.0,306.78,163,37.0,-172.0,0.23
07:31:28,301.76,50.0,306.0,52.0,292.0,68.0,311.2,30.0,303.88,4.240000000000009,118.0,82.0,1.001114379077552,301.76,306.0,200,36.0,37.0,0.18
07:31:29,304.0,64.0,305.27,44.0,297.0,22.0,310.0,22.0,304.64,1.2699999999999818,86.0,66.0,1.3894135453477634,304.0,305.27,152,20.0,-48.0,0.13
07:31:30,304.0,56.0,305.0,56.0,297.0,28.0,310.0,28.0,304.5,1.0,84.0,84.0,1.5563675658390772,304.0,305.0,168,0.0,16.0,0.0
07:31:31,299.47,34.0,308.24,34.0,292.45,40.0,313.6,45.0,303.85,8.769999999999982,74.0,79.0,1.3136856549402893,299.47,308.24,153,-5.0,-15.0,-0.03
07:31:32,297.38,16.0,310.0,16.0,292.35,86.0,316.0,40.0,303.69,12.620000000000005,102.0,56.0,0.4271650734738239,297.38,310.0,158,46.0,5.0,0.29
07:31:33,296.8,20.0,310.0,20.0,292.74,152.0,313.3,50.0,303.4,13.199999999999989,172.0,70.0,0.5331322537568853,296.8,310.0,242,102.0,84.0,0.42
07:31:34,295.0,14.0,310.0,14.0,294.0,98.0,313.0,35.0,302.5,15.0,112.0,49.0,0.7297054200126674,295.0,310.0,161,63.0,-81.0,0.39
07:31:36,295.62,13.0,308.6,20.0,294.05,74.0,310.31,42.0,302.11,12.980000000000018,87.0,62.0,3.176213154055554,295.62,308.6,149,25.0,-95.0,0.17
07:31:37,297.38,26.0,307.71,28.0,294.14,65.0,309.86,59.0,302.55,10.329999999999984,91.0,87.0,3.0198228424852176,297.38,307.71,178,4.0,29.0,0.02
07:31:38,298.84,38.0,308.54,26.0,294.05,86.0,310.0,65.0,303.69,9.700000000000045,124.0,91.0,3.072422496987603,298.84,308.54,215,33.0,37.0,0.15
07:31:39,300.55,44.0,308.77,26.0,299.86,79.0,309.94,101.0,304.66,8.21999999999997,123.0,127.0,3.4058449759194325,300.55,308.77,250,-4.0,35.0,-0.02
07:31:40,302.0,24.0,308.0,24.0,301.0,12.0,309.78,64.0,305.0,6.0,36.0,88.0,1.2663214441823067,302.0,308.0,124,-52.0,-126.0,-0.42
07:31:41,300.29,45.0,307.38,26.0,299.59,54.0,310.0,130.0,303.84,7.089999999999975,99.0,156.0,0.9547617503838319,300.29,307.38,255,-57.0,131.0,-0.22
07:31:42,300.0,66.0,307.0,22.0,298.0,22.0,310.0,110.0,303.5,7.0,88.0,132.0,0.6542323746162524,300.0,307.0,220,-44.0,-35.0,-0.2
07:31:46,300.9,20.0,307.0,60.0,299.0,16.0,312.0,60.0,303.95,6.100000000000023,36.0,120.0,1.2930081206226345,300.9,307.0,156,-84.0,55.0,-0.54
07:31:47,302.0,24.0,307.0,60.0,300.0,12.0,312.0,84.0,304.5,5.0,36.0,144.0,1.5468904292147092,302.0,307.0,180,-108.0,24.0,-0.6
07:31:48,304.15,26.0,307.0,60.0,303.07,28.0,312.0,84.0,305.58,2.8500000000000227,54.0,144.0,2.0034844646255716,304.15,307.0,198,-90.0,18.0,-0.45
07:31:49,306.0,28.0,307.0,70.0,304.0,56.0,312.0,98.0,306.5,1.0,84.0,168.0,2.152935205712416,306.0,307.0,252,-84.0,54.0,-0.33
07:31:50,306.0,10.0,307.0,25.0,304.0,20.0,312.0,35.0,306.5,1.0,30.0,60.0,1.1580932604915724,306.0,307.0,90,-30.0,-162.0,-0.33
07:31:51,304.22,36.0,307.0,50.0,302.5,16.0,312.0,70.0,305.61,2.7799999999999727,52.0,120.0,0.8269340965252272,304.22,307.0,172,-68.0,82.0,-0.4
07:31:52,304.0,40.0,307.0,50.0,302.0,10.0,312.0,70.0,305.5,3.0,50.0,120.0,0.5146066458917818,304.0,307.0,170,-70.0,-2.0,-0.41
07:31:53,303.95,38.0,309.69,65.0,302.64,11.0,312.38,52.0,306.82,5.740000000000009,49.0,117.0,0.5919290497990412,303.95,309.69,166,-68.0,-4.0,-0.41
07:31:54,303.0,7.0,308.4,25.0,301.0,7.0,311.83,24.0,305.7,5.399999999999977,14.0,49.0,0.5939528600789666,303.0,308.4,63,-35.0,-103.0,-0.56
07:31:55,301.6,10.0,307.0,30.0,300.3,10.0,311.0,20.0,304.3,5.399999999999977,20.0,50.0,0.8940805332831678,301.6,307.0,70,-30.0,7.0,-0.43
07:31:56,296.2,10.0,306.75,32.0,294.0,16.0,309.91,22.0,301.48,10.550000000000011,26.0,54.0,2.0399019584273534,296.2,306.75,80,-28.0,10.0,-0.35
07:31:57,301.0,12.0,305.42,48.0,293.0,12.0,306.92,36.0,303.21,4.420000000000016,24.0,84.0,2.088712522104396,301.0,305.42,108,-60.0,28.0,-0.56
07:32:01,294.91,22.0,309.78,36.0,294.29,14.0,320.0,43.0,302.34,14.869999999999948,36.0,79.0,0.7814281796784096,294.91,309.78,115,-43.0,-48.0,-0.37
07:32:02,294.0,26.0,310.0,48.0,292.0,13.0,315.93,30.0,302.0,16.0,39.0,78.0,0.5096371258017485,294.0,310.0,117,-39.0,2.0,-0.33
07:32:03,294.0,14.0,308.1,29.0,292.0,7.0,310.25,16.0,301.05,14.100000000000023,21.0,45.0,0.5307070755090619,294.0,308.1,66,-24.0,-51.0,-0.36
07:32:36,301.0,7.0,305.0,14.0,290.0,37.0,311.0,14.0,303.0,4.0,44.0,28.0,3.771588524745775,301.0,305.0,72,16.0,-29.0,0.22
07:32:38,301.0,32.0,305.87,23.0,289.17,6.0,309.57,14.0,303.43,4.8700000000000045,38.0,37.0,4.412644331916453,301.0,305.87,75,1.0,-94.0,0.01
07:32:40,301.0,55.0,306.62,24.0,289.0,11.0,308.87,39.0,303.81,5.6200000000000045,66.0,63.0,0.5492722457894913,301.0,306.62,129,3.0,28.0,0.02
07:32:41,289.0,10.0,311.0,20.0,285.46,24.0,312.0,40.0,300.0,22.0,34.0,60.0,1.4905368160480241,289.0,311.0,94,-26.0,-35.0,-0.28
07:32:42,296.98,42.0,311.5,36.0,287.48,21.0,314.45,58.0,304.24,14.519999999999982,63.0,94.0,1.6827566668994702,296.98,311.5,157,-31.0,63.0,-0.2
07:32:43,300.0,72.0,312.05,19.0,290.2,15.0,327.06,36.0,306.03,12.050000000000011,87.0,55.0,2.224425768596156,300.0,312.05,142,32.0,-15.0,0.23
07:32:44,300.77,53.0,313.0,68.0,299.8,92.0,315.0,34.0,306.89,12.230000000000018,145.0,102.0,2.6635746657442594,300.77,313.0,247,43.0,105.0,0.17
07:32:45,303.18,11.0,312.78,41.0,300.31,26.0,314.47,30.0,307.98,9.599999999999966,37.0,71.0,3.125983045378644,303.18,312.78,108,-34.0,-139.0,-0.31
07:32:46,304.0,17.0,310.59,51.0,301.0,17.0,315.0,98.0,307.29,6.589999999999975,34.0,149.0,1.4399756942375304,304.0,310.59,183,-115.0,75.0,-0.63
07:32:47,304.0,17.0,310.0,51.0,302.06,17.0,312.89,76.0,307.0,6.0,34.0,127.0,0.7053864189186441,304.0,310.0,161,-93.0,-22.0,-0.58
07:32:48,303.31,13.0,309.0,39.0,301.62,13.0,311.0,65.0,306.15,5.689999999999998,26.0,104.0,0.6633023443308975,303.31,309.0,130,-78.0,-31.0,-0.6
07:32:49,303.0,13.0,308.62,32.0,301.0,13.0,310.31,52.0,305.81,5.6200000000000045,26.0,84.0,0.875288523856486,303.0,308.62,110,-58.0,-20.0,-0.53
07:32:50,303.0,9.0,305.06,17.0,301.0,9.0,306.38,16.0,304.03,2.0600000000000023,18.0,33.0,1.2833471860704244,303.0,305.06,51,-15.0,-59.0,-0.29
07:32:55,288.94,80.0,308.93,29.0,287.88,33.0,311.75,32.0,298.93,19.99000000000001,113.0,61.0,3.4141367869483785,288.94,308.92999999999995,174,52.0,19.0,0.3
07:32:56,290.06,160.0,311.0,48.0,289.33,90.0,313.0,24.0,300.53,20.939999999999998,250.0,72.0,3.0842130276610487,290.06,311.0,322,178.0,148.0,0.55
07:32:59,296.87,62.0,307.8,69.0,294.38,96.0,311.29,28.0,302.33,10.930000000000007,158.0,97.0,3.6143491806954984,296.87,307.8,255,61.0,-14.0,0.24
07:33:00,298.0,26.0,310.63,82.0,297.0,130.0,311.15,53.0,304.32,12.629999999999995,156.0,135.0,4.57053607359075,298.0,310.63,291,21.0,36.0,0.07
07:33:01,297.22,46.0,311.0,83.0,296.26,54.0,323.38,16.0,304.11,13.779999999999973,100.0,99.0,5.0721179008373305,297.22,311.0,199,1.0,-92.0,0.01
07:33:02,297.0,54.0,311.0,30.0,287.0,6.0,433.2,15.0,304.0,14.0,60.0,45.0,3.6472002961168313,297.0,311.0,105,15.0,-94.0,0.14
07:33:03,297.0,45.0,311.0,25.0,287.0,5.0,312.0,10.0,304.0,14.0,50.0,35.0,0.8055867426881819,297.0,311.0,85,15.0,-20.0,0.18
07:33:04,297.0,90.0,311.0,50.0,287.0,10.0,420.0,20.0,304.0,14.0,100.0,70.0,0.13921206842431333,297.0,311.0,170,30.0,85.0,0.18
07:33:05,297.0,105.0,311.0,55.0,287.0,11.0,569.36,28.0,304.0,14.0,116.0,83.0,0.04919349545384711,297.0,311.0,199,33.0,29.0,0.17
07:33:06,297.0,66.0,309.0,30.0,289.0,30.0,437.13,15.0,303.0,12.0,96.0,45.0,0.44721359549427203,297.0,309.0,141,51.0,-58.0,0.36
07:33:07,297.0,88.0,311.0,40.0,289.0,40.0,457.38,16.0,304.0,14.0,128.0,56.0,0.44721359549427203,297.0,311.0,184,72.0,43.0,0.39
07:33:08,298.54,109.0,309.26,95.0,295.29,150.0,326.23,83.0,303.9,10.71999999999997,259.0,178.0,0.4381780459983217,298.54,309.26,437,81.0,172.0,0.19
07:33:09,304.0,28.0,307.57,70.0,299.81,86.0,311.0,22.0,305.79,3.569999999999993,114.0,92.0,1.0147512010315605,304.0,307.57,206,22.0,-172.0,0.11
07:33:10,304.0,27.0,306.0,70.0,300.53,45.0,310.29,14.0,305.0,2.0,72.0,84.0,1.0773671611827773,304.0,306.0,156,-12.0,-50.0,-0.08
07:33:11,304.92,39.0,306.0,60.0,302.5,18.0,309.0,12.0,305.46,1.079999999999984,57.0,72.0,0.8516454661390097,304.92,306.0,129,-15.0,-27.0,-0.12
07:33:12,304.55,22.0,305.92,25.0,302.64,25.0,309.0,13.0,305.23,1.3700000000000045,47.0,38.0,0.7193260734848823,304.55,305.92,85,9.0,-44.0,0.11
07:33:14,300.0,68.0,306.12,16.0,298.0,10.0,310.29,34.0,303.06,6.1200000000000045,78.0,50.0,1.5167893723239632,300.0,306.12,128,28.0,-31.0,0.22
07:33:15,300.0,52.0,310.02,56.0,298.0,12.0,312.47,15.0,305.01,10.019999999999982,64.0,71.0,1.518179831243623,300.0,310.02,135,-7.0,7.0,-0.05
07:33:16,298.2,70.0,306.75,52.0,294.9,31.0,308.44,27.0,302.48,8.550000000000011,101.0,79.0,1.4652405945764715,298.2,306.75,180,22.0,45.0,0.12
07:36:11,304.0,60.0,306.0,20.0,297.0,100.0,341.0,50.0,305.0,2.0,160.0,70.0,2.457667593469305,304.0,306.0,230,90.0,47.0,0.39
07:36:12,304.0,52.0,401.08,24.0,297.0,120.0,447.37,27.0,352.54,97.07999999999998,172.0,51.0,23.06442650490115,304.0,401.08,223,121.0,-7.0,0.54
07:36:13,297.06,111.0,418.5,16.0,287.85,61.0,486.52,21.0,357.78,121.44,172.0,37.0,29.35897017948659,297.06000000000006,418.5,209,135.0,-14.0,0.65
07:36:14,297.0,99.0,462.0,28.0,285.0,50.0,520.37,19.0,379.5,165.0,149.0,47.0,34.502398757187564,297.0,462.0,196,102.0,-13.0,0.52
07:36:16,287.75,80.0,309.82,34.0,285.18,40.0,358.12,17.0,298.79,22.069999999999993,120.0,51.0,36.972652325739055,287.75,309.82,171,69.0,-29.0,0.4
07:36:17,306.24,68.0,350.87,30.0,305.0,30.0,410.27,30.0,328.55,44.629999999999995,98.0,60.0,36.04582125572919,306.24,350.87,158,38.0,-13.0,0.24
07:36:18,308.36,44.0,504.93,28.0,305.0,28.0,647.29,21.0,406.65,196.57,72.0,49.0,48.9344017026874,308.36,504.93,121,23.0,-37.0,0.19
07:36:21,308.36,22.0,488.0,14.0,307.93,92.0,658.77,13.0,398.18,179.64,114.0,27.0,53.39211486727197,308.36,488.0,141,87.0,19.0,0.62
07:36:26,308.0,132.0,496.64,14.0,305.0,22.0,607.78,18.0,402.32,188.64,154.0,32.0,38.830349856780295,308.0,496.64,186,122.0,-23.0,0.66
07:36:27,308.0,112.0,510.7,23.0,305.0,22.0,512.4,15.0,409.35,202.7,134.0,38.0,43.47514381804803,308.0,510.7,172,96.0,-14.0,0.56
07:36:28,308.0,58.0,506.2,30.0,305.0,20.0,509.7,10.0,407.1,198.2,78.0,40.0,36.804066758986956,308.0,506.2,118,38.0,-54.0,0.32
07:36:29,308.0,24.0,505.22,18.0,305.0,16.0,506.57,14.0,406.61,197.22000000000003,40.0,32.0,10.988973109439124,308.0,505.22,72,8.0,-46.0,0.11
07:36:30,307.7,10.0,503.0,12.0,304.86,7.0,504.0,4.0,405.35,195.3,17.0,16.0,2.58180750637585,307.7,503.0,33,1.0,-39.0,0.03
07:36:31,305.0,7.0,502.29,21.0,304.0,7.0,504.0,7.0,403.64,197.29000000000002,14.0,28.0,2.118737831818409,305.0,502.29,42,-14.0,9.0,-0.33
07:36:32,305.0,15.0,498.11,45.0,304.0,15.0,498.98,43.0,401.56,193.11,30.0,88.0,2.274768120046369,305.0,498.11,118,-58.0,76.0,-0.49
07:36:33,305.0,11.0,492.27,33.0,304.0,11.0,494.22,18.0,398.64,187.26999999999998,22.0,51.0,3.1590900588587427,305.0,492.27,73,-29.0,-45.0,-0.4
07:36:34,305.0,7.0,488.81,21.0,304.0,7.0,490.57,14.0,396.9,183.81,14.0,35.0,3.4766248000008715,305.0,488.81,49,-21.0,-24.0,-0.43
07:36:35,305.0,10.0,487.09,34.0,304.0,10.0,487.83,24.0,396.04,182.08999999999997,20.0,58.0,3.1918145309497308,305.0,487.0899999999999,78,-38.0,29.0,-0.49
07:36:36,301.5,125.0,484.37,41.0,237.53,92.0,486.48,46.0,392.93,182.87,217.0,87.0,3.191814530949869,301.5,484.37000000000006,304,130.0,172.0,0.43
07:36:37,303.07,30.0,364.83,24.0,302.02,80.0,378.73,52.0,333.95,61.75999999999999,110.0,76.0,27.883571686568224,303.07,364.83,186,34.0,-118.0,0.18
07:36:38,305.88,16.0,362.0,16.0,303.4,20.0,363.3,33.0,333.94,56.120000000000005,36.0,49.0,33.632480877865596,305.88,362.0,85,-13.0,-101.0,-0.15
07:36:39,303.43,63.0,357.58,36.0,303.0,18.0,360.15,46.0,330.51,54.14999999999998,81.0,82.0,33.83322819359693,303.43,357.58,163,-1.0,78.0,-0.01
07:36:40,303.87,61.0,353.93,59.0,303.41,76.0,356.56,18.0,328.9,50.06,137.0,77.0,27.415007386466435,303.87,353.93,214,60.0,51.0,0.28
07:36:41,304.37,76.0,353.27,52.0,302.8,100.0,354.76,55.0,328.82,48.89999999999998,176.0,107.0,2.573796806279795,304.37,353.27000000000004,283,69.0,69.0,0.24
07:36:42,305.61,28.0,350.0,36.0,303.73,37.0,351.0,9.0,327.8,44.389999999999986,65.0,45.0,2.4096638769788408,305.61,350.0,110,20.0,-172.0,0.18
07:36:43,306.95,60.0,347.22,37.0,305.85,52.0,348.49,37.0,327.08,40.27000000000004,112.0,74.0,1.2975438335630358,306.95,347.22,186,38.0,76.0,0.2
07:36:44,307.0,13.0,343.35,23.0,306.0,39.0,343.74,23.0,325.17,36.35000000000002,52.0,46.0,1.5315939409706878,307.0,343.35,98,6.0,-88.0,0.06
07:36:45,307.0,9.0,342.0,9.0,306.0,27.0,343.0,18.0,324.5,35.0,36.0,27.0,1.8045996786042888,307.0,342.0,63,9.0,-35.0,0.14
07:36:46,307.0,8.0,340.88,16.0,306.0,24.0,341.78,9.0,323.94,33.879999999999995,32.0,25.0,1.6682985344414099,307.0,340.88,57,7.0,-6.0,0.12
07:36:47,306.77,13.0,337.83,24.0,305.78,27.0,338.92,25.0,322.3,31.060000000000002,40.0,49.0,1.7472034798557678,306.77,337.83,89,-9.0,32.0,-0.1
07:36:48,306.0,9.0,334.16,19.0,304.0,9.0,335.2,20.0,320.08,28.160000000000025,18.0,39.0,2.041009554122946,306.0,334.16,57,-21.0,-32.0,-0.37
07:36:49,306.0,13.0,329.5,20.0,304.0,13.0,331.61,28.0,317.75,23.5,26.0,48.0,2.8037260921891294,306.0,329.5,74,-22.0,17.0,-0.3
07:36:50,306.0,11.0,327.44,25.0,304.0,11.0,328.34,29.0,316.72,21.439999999999998,22.0,54.0,3.021426815268448,306.0,327.44,76,-32.0,2.0,-0.42
07:36:51,306.0,8.0,324.76,17.0,304.0,8.0,325.78,18.0,315.38,18.75999999999999,16.0,35.0,2.7562256801692677,306.0,324.76,51,-19.0,-25.0,-0.37
07:36:52,307.06,78.0,318.37,19.0,305.42,12.0,319.93,27.0,312.72,11.310000000000002,90.0,46.0,2.737042199167927,307.06,318.37,136,44.0,85.0,0.32
07:36:53,308.07,87.0,313.92,26.0,307.0,31.0,315.11,27.0,311.0,5.850000000000023,118.0,53.0,2.804225383243544,308.07,313.92,171,65.0,35.0,0.38
07:36:54,309.0,85.0,311.0,28.0,307.0,48.0,312.0,28.0,310.0,2.0,133.0,56.0,2.8481011218052967,309.0,311.0,189,77.0,18.0,0.41
07:36:55,308.23,31.0,309.95,21.0,306.81,31.0,316.0,14.0,309.09,1.7199999999999704,62.0,35.0,2.4877540071377324,308.23,309.95,97,27.0,-92.0,0.28
07:36:56,304.3,20.0,307.12,16.0,303.11,28.0,308.71,14.0,305.71,2.819999999999993,48.0,30.0,2.607322381300667,304.3,307.12,78,18.0,-19.0,0.23
07:36:57,303.65,23.0,326.78,23.0,302.82,22.0,402.09,23.0,315.22,23.129999999999995,45.0,46.0,3.4377507181340294,303.65,326.78,91,-1.0,13.0,-0.01
07:36:58,303.0,8.0,352.0,15.0,302.0,8.0,416.21,29.0,327.5,49.0,16.0,44.0,8.53435000454217,303.0,352.0,60,-28.0,-31.0,-0.47
07:36:59,303.0,10.0,423.41,17.0,302.0,10.0,710.36,28.0,363.21,120.41000000000003,20.0,45.0,23.363904425417036,303.0,423.41,65,-25.0,5.0,-0.38
07:37:00,303.91,33.0,375.41,34.0,302.62,8.0,469.11,9.0,339.66,71.5,41.0,43.0,22.419769178116393,303.91,375.41,84,-2.0,19.0,-0.02
07:37:01,304.0,30.0,431.0,10.0,303.0,5.0,447.0,5.0,367.5,127.0,35.0,15.0,22.5338549742384,304.0,431.0,50,20.0,-34.0,0.4
07:37:02,304.0,48.0,485.0,15.0,303.0,8.0,555.57,14.0,394.5,181.0,56.0,29.0,26.05343700934674,304.0,485.0,85,27.0,35.0,0.32
07:37:03,304.0,45.0,468.0,16.0,303.0,8.0,597.36,25.0,386.0,164.0,53.0,41.0,21.383219589201033,304.0,468.0,94,12.0,9.0,0.13
07:37:04,304.0,30.0,464.8,20.0,303.0,10.0,529.36,11.0,384.4,160.8,40.0,31.0,21.754579288048483,304.0,464.8,71,9.0,-23.0,0.13
07:37:05,305.54,26.0,418.4,20.0,303.0,26.0,543.0,10.0,361.97,112.85999999999996,52.0,30.0,13.606997464539534,305.54,418.4,82,22.0,11.0,0.27
07:37:06,308.12,17.0,349.0,40.0,303.78,27.0,470.0,16.0,328.56,40.879999999999995,44.0,56.0,26.643327119562038,308.12,349.0,100,-12.0,18.0,-0.12
07:37:07,304.0,13.0,349.0,30.0,303.0,36.0,633.18,11.0,326.5,45.0,49.0,41.0,28.958433659298596,304.0,349.0,90,8.0,-10.0,0.09
07:37:08,303.9,41.0,348.95,37.0,302.98,43.0,565.38,24.0,326.42,45.05000000000001,84.0,61.0,26.44076587393044,303.9,348.95,145,23.0,55.0,0.16
07:37:09,304.0,43.0,346.0,4.0,303.0,16.0,348.0,4.0,325.0,42.0,59.0,8.0,15.859858133035486,304.0,346.0,67,51.0,-78.0,0.76
07:37:10,304.0,64.0,347.5,8.0,303.0,32.0,531.56,9.0,325.75,43.5,96.0,17.0,1.3273959469636463,304.0,347.5,113,79.0,46.0,0.7
07:37:11,305.42,12.0,345.8,10.0,303.87,31.0,643.1,20.0,325.61,40.379999999999995,43.0,30.0,0.6199435458296775,305.42,345.8,73,13.0,-40.0,0.18
07:37:12,306.5,8.0,344.33,6.0,304.29,14.0,564.0,12.0,325.42,37.829999999999984,22.0,18.0,0.5194708846663023,306.5,344.33,40,4.0,-33.0,0.1
07:37:13,303.12,33.0,314.43,14.0,302.44,9.0,422.91,11.0,308.77,11.310000000000002,42.0,25.0,7.462630233370682,303.12,314.43,67,17.0,27.0,0.25
07:37:14,303.0,32.0,340.4,10.0,302.0,10.0,417.76,17.0,321.7,37.39999999999998,42.0,27.0,7.28699869630965,303.0,340.4,69,15.0,2.0,0.22
07:37:15,303.0,24.0,343.25,8.0,302.0,8.0,412.75,16.0,323.12,40.25,32.0,24.0,6.987791496604549,303.0,343.25,56,8.0,-13.0,0.14
07:37:16,303.0,28.0,341.29,14.0,302.0,14.0,445.29,28.0,322.14,38.29000000000002,42.0,42.0,6.56560735956843,303.0,341.29,84,0.0,28.0,0.0
07:37:17,306.93,114.0,339.56,9.0,302.94,18.0,478.24,17.0,323.24,32.629999999999995,132.0,26.0,6.196820152305487,306.93000000000006,339.56,158,106.0,74.0,0.67
07:37:18,307.0,154.0,338.73,11.0,303.0,33.0,374.0,11.0,322.86,31.730000000000018,187.0,22.0,0.6649210479581159,307.0,338.73,209,165.0,51.0,0.79
07:37:19,307.0,154.0,338.0,11.0,303.0,31.0,374.0,11.0,322.5,31.0,185.0,22.0,0.45312250001254045,307.0,338.0,207,163.0,-2.0,0.79
07:37:20,307.0,196.0,337.0,14.0,303.96,54.0,381.5,14.0,322.0,30.0,250.0,28.0,0.511194679175918,307.0,337.0,278,222.0,71.0,0.8
07:37:21,307.0,192.0,333.59,37.0,304.05,55.0,336.75,53.0,320.3,26.589999999999975,247.0,90.0,1.1462111498402148,307.0,333.59,337,157.0,59.0,0.47
07:37:22,307.0,136.0,329.73,44.0,305.0,12.0,330.59,34.0,318.36,22.730000000000018,148.0,78.0,1.8682291080107678,307.0,329.73,226,70.0,-111.0,0.31
07:37:23,307.0,121.0,326.47,36.0,304.05,38.0,327.52,25.0,316.74,19.470000000000027,159.0,61.0,2.4318305862085827,307.0,326.47,220,98.0,-6.0,0.45
07:37:24,307.0,121.0,319.25,12.0,304.0,127.0,323.63,19.0,313.12,12.25,248.0,31.0,3.419339117434962,307.0,319.25,279,217.0,59.0,0.78
07:37:25,307.0,80.0,309.73,44.0,304.0,156.0,364.79,14.0,308.36,2.730000000000018,236.0,58.0,4.725577213422998,307.0,309.73,294,178.0,15.0,0.61
07:37:26,307.0,5.0,318.4,10.0,304.0,60.0,429.8,5.0,312.7,11.399999999999977,65.0,15.0,3.8951097545542455,307.0,318.4,80,50.0,-172.0,0.62
07:37:27,307.0,6.0,316.5,12.0,304.0,72.0,372.5,8.0,311.75,9.5,78.0,20.0,3.0040938733708926,307.0,316.5,98,58.0,18.0,0.59
07:37:28,307.92,65.0,313.09,22.0,304.27,66.0,471.38,37.0,310.51,5.169999999999959,131.0,59.0,1.9197577972300037,307.92,313.09,190,72.0,92.0,0.38
07:37:29,308.0,91.0,310.9,20.0,307.0,10.0,327.0,10.0,309.45,2.8999999999999773,101.0,30.0,1.7371039116949671,308.0,310.9,131,71.0,-59.0,0.54
07:37:30,305.1,41.0,333.89,18.0,303.88,64.0,499.88,50.0,319.49,28.789999999999964,105.0,68.0,3.947568872106502,305.1,333.89,173,37.0,42.0,0.21
07:37:31,306.75,16.0,422.92,26.0,304.0,48.0,496.94,34.0,364.84,116.17000000000002,64.0,60.0,23.605372693520753,306.75,422.92,124,4.0,-49.0,0.03
07:37:32,308.17,12.0,399.8,30.0,303.95,42.0,500.18,22.0,353.98,91.63,54.0,52.0,25.922047179958774,308.17,399.8,106,2.0,-18.0,0.02
07:37:33,304.0,18.0,382.31,13.0,303.0,18.0,474.5,20.0,343.15,78.31,36.0,33.0,23.236961290151584,304.0,382.31,69,3.0,-37.0,0.04
07:37:34,304.0,13.0,416.93,15.0,303.0,24.0,515.52,29.0,360.47,112.93,37.0,44.0,18.100031215442577,304.0,416.93,81,-7.0,12.0,-0.09
07:37:35,301.69,26.0,349.88,32.0,290.82,44.0,362.12,33.0,325.78,48.19,70.0,65.0,15.64116459858393,301.69,349.88,135,5.0,54.0,0.04
07:37:36,302.0,18.0,340.95,37.0,301.0,74.0,341.5,40.0,321.47,38.94999999999999,92.0,77.0,17.067868935517453,302.0,340.95,169,15.0,34.0,0.09
07:37:37,305.95,19.0,338.28,36.0,301.08,61.0,340.11,27.0,322.11,32.329999999999984,80.0,63.0,16.945122602094273,305.95,338.28,143,17.0,-26.0,0.12
07:37:38,307.0,27.0,336.31,36.0,302.0,9.0,337.7,27.0,321.65,29.310000000000002,36.0,63.0,16.959707544648566,307.0,336.31,99,-27.0,-44.0,-0.27
07:37:39,307.0,25.0,334.2,50.0,302.0,10.0,337.0,20.0,320.6,27.19999999999999,35.0,70.0,2.0090719250476083,307.0,334.2,105,-35.0,6.0,-0.33
07:37:40,308.22,74.0,332.5,44.0,306.19,43.0,334.02,47.0,320.36,24.279999999999973,117.0,91.0,0.7351666477849412,308.22,332.5,208,26.0,103.0,0.12
07:37:41,310.0,60.0,329.12,33.0,307.0,72.0,331.8,45.0,319.56,19.120000000000005,132.0,78.0,1.0239775388237815,310.0,329.12,210,54.0,2.0,0.26
07:37:42,310.0,60.0,323.74,39.0,308.0,24.0,324.87,30.0,316.87,13.740000000000009,84.0,69.0,1.804042682426425,310.0,323.74,153,15.0,-57.0,0.1
07:37:43,310.0,26.0,318.9,49.0,308.0,28.0,319.95,40.0,314.45,8.899999999999977,54.0,89.0,2.6441198913849213,310.0,318.9,143,-35.0,-10.0,-0.24
07:37:44,310.0,15.0,313.56,32.0,308.0,30.0,314.37,49.0,311.78,3.5600000000000023,45.0,81.0,3.564650052953117,310.0,313.56,126,-36.0,-17.0,-0.29
07:37:45,308.13,15.0,311.0,16.0,307.05,44.0,312.0,8.0,309.57,2.8700000000000045,59.0,24.0,3.965845433198325,308.13,311.0,83,35.0,-43.0,0.42
07:37:46,308.0,28.0,310.33,30.0,307.0,84.0,313.05,40.0,309.17,2.329999999999984,112.0,70.0,3.2788900561045398,308.0,310.33,182,42.0,99.0,0.23
07:37:47,307.71,34.0,310.31,26.0,306.33,54.0,366.09,22.0,309.01,2.6000000000000227,88.0,48.0,2.3268390576105866,307.71,310.31,136,40.0,-46.0,0.29
07:37:48,307.0,54.0,386.36,11.0,304.0,27.0,492.29,21.0,346.68,79.36000000000001,81.0,32.0,16.494028313302316,307.0,386.36,113,49.0,-23.0,0.43
07:37:49,307.0,36.0,386.0,6.0,304.0,18.0,619.0,16.0,346.5,79.0,54.0,22.0,20.4530762967338,307.0,386.0,76,32.0,-37.0,0.42
07:37:50,307.0,72.0,385.1,30.0,304.0,36.0,470.0,15.0,346.05,78.10000000000002,108.0,45.0,20.44237192695626,307.0,385.1,153,63.0,77.0,0.41
07:37:51,307.04,101.0,348.45,38.0,304.63,57.0,338.43,35.0,327.74,41.40999999999997,158.0,73.0,16.72401357330253,307.04,348.45,231,85.0,78.0,0.37
07:37:52,305.34,29.0,312.38,13.0,302.56,43.0,316.0,39.0,308.86,7.0400000000000205,72.0,52.0,16.782761393763742,305.34,312.38,124,20.0,-107.0,0.16
07:37:53,304.0,14.0,308.94,18.0,302.0,40.0,311.09,22.0,306.47,4.939999999999998,54.0,40.0,19.327206989112792,304.0,308.94,94,14.0,-30.0,0.15
07:37:54,302.48,21.0,432.36,11.0,301.38,52.0,504.65,20.0,367.42,129.88,73.0,31.0,25.76321350297762,302.48,432.36,104,42.0,10.0,0.4
07:37:55,302.0,28.0,482.0,13.0,301.0,56.0,590.06,17.0,392.0,180.0,84.0,30.0,37.74547813977197,302.0,482.0,114,54.0,10.0,0.47
07:37:56,304.0,14.0,458.86,7.0,302.0,28.0,579.28,29.0,381.43,154.86,42.0,36.0,40.727826237107195,304.0,458.86,78,6.0,-36.0,0.08
07:37:57,304.33,24.0,427.11,18.0,302.22,36.0,605.9,20.0,365.72,122.78000000000003,60.0,38.0,33.17556435088922,304.33,427.11,98,22.0,20.0,0.22
07:37:58,305.0,24.0,404.0,10.0,304.0,12.0,701.17,24.0,354.5,99.0,36.0,34.0,14.62327528291754,305.0,404.0,70,2.0,-28.0,0.03
07:37:59,305.0,52.0,311.08,24.0,304.0,26.0,380.88,17.0,308.04,6.079999999999984,78.0,41.0,32.5786881258284,305.0,311.08,119,37.0,49.0,0.31
07:38:00,305.76,34.0,310.31,32.0,305.06,31.0,461.3,40.0,308.04,4.550000000000011,65.0,72.0,33.7943261509976,305.76,310.31,137,-7.0,18.0,-0.05
07:38:01,303.62,34.0,309.67,24.0,302.95,20.0,449.73,44.0,306.64,6.050000000000011,54.0,68.0,29.053280709758205,303.62,309.67,122,-14.0,-15.0,-0.11
07:38:02,302.0,39.0,307.1,20.0,301.0,13.0,414.35,34.0,304.55,5.100000000000023,52.0,54.0,21.372053715074117,302.0,307.1,106,-2.0,-16.0,-0.02
07:38:05,298.0,52.0,426.71,28.0,231.75,24.0,551.33,57.0,362.36,128.70999999999998,76.0,85.0,26.447742436737666,298.0,426.71,161,-9.0,78.0,-0.06
07:38:06,298.0,26.0,342.93,15.0,172.5,40.0,568.7,37.0,320.47,44.93000000000001,66.0,52.0,26.044372712738024,298.0,342.93,118,14.0,-43.0,0.12
07:38:08,309.94,18.0,410.91,22.0,284.89,55.0,586.19,32.0,360.43,100.97000000000003,73.0,54.0,26.454715458685303,309.94,410.91,127,19.0,-36.0,0.15
07:38:09,309.0,20.0,436.06,32.0,119.86,14.0,543.33,18.0,372.53,127.06,34.0,50.0,21.94048723251139,309.0,436.06,84,-16.0,-43.0,-0.19
07:38:10,309.0,16.0,435.12,40.0,129.11,57.0,573.05,37.0,372.06,126.12,73.0,77.0,23.689588008236747,309.0,435.12,150,-4.0,66.0,-0.03
07:38:11,307.91,22.0,362.18,38.0,196.48,85.0,451.85,41.0,335.05,54.26999999999998,107.0,79.0,19.38737217881766,307.91,362.18,186,28.0,36.0,0.15
07:38:12,305.0,18.0,314.38,40.0,302.0,64.0,435.0,40.0,309.69,9.379999999999995,82.0,80.0,27.16347032321157,305.0,314.38,162,2.0,-24.0,0.01
07:38:13,305.0,12.0,311.5,50.0,302.0,96.0,349.17,60.0,308.25,6.5,108.0,110.0,31.76528891730722,305.0,311.5,218,-2.0,56.0,-0.01
07:38:14,303.67,18.0,307.74,47.0,300.91,81.0,309.19,52.0,305.71,4.069999999999993,99.0,99.0,28.26691210585282,303.67,307.74,198,0.0,-20.0,0.0
07:38:15,302.0,101.0,305.66,47.0,281.79,85.0,306.62,52.0,303.83,3.660000000000025,186.0,99.0,12.803651041793376,302.0,305.66,285,87.0,87.0,0.31
07:38:17,309.96,52.0,343.0,35.0,301.86,37.0,348.0,7.0,326.48,33.04000000000002,89.0,42.0,9.717711664791175,309.96,343.0,131,47.0,-101.0,0.36
07:38:18,311.0,15.0,343.0,15.0,302.0,18.0,348.0,3.0,327.0,32.0,33.0,18.0,12.382555067513959,311.0,343.0,51,15.0,-80.0,0.29
07:38:19,311.0,35.0,341.67,42.0,303.0,14.0,343.79,19.0,326.33,30.670000000000016,49.0,61.0,12.686885748678138,311.0,341.67,110,-12.0,59.0,-0.11
07:38:20,311.0,60.0,341.79,70.0,303.0,24.0,358.45,20.0,326.39,30.79000000000002,84.0,90.0,10.503924504679627,311.0,341.79,174,-6.0,64.0,-0.03
07:38:21,308.16,45.0,341.0,60.0,302.25,48.0,437.58,53.0,324.58,32.839999999999975,93.0,113.0,0.9200706494645545,308.16,341.0,206,-20.0,32.0,-0.1
07:38:22,308.0,160.0,340.17,60.0,307.0,96.0,477.17,60.0,324.08,32.170000000000016,256.0,120.0,1.268751354681648,308.0,340.17,376,136.0,170.0,0.36
07:38:23,308.0,130.0,336.69,65.0,307.0,104.0,427.0,65.0,322.35,28.689999999999998,234.0,130.0,1.6899497033957132,308.0,336.69,364,104.0,-12.0,0.29
07:38:24,308.0,100.0,322.8,50.0,307.0,80.0,427.66,47.0,315.4,14.800000000000011,180.0,97.0,4.253510315023253,308.0,322.8,277,83.0,-87.0,0.3
07:38:25,308.0,55.0,335.57,35.0,307.0,58.0,505.57,35.0,321.79,27.569999999999993,113.0,70.0,3.676322891152248,308.0,335.57,183,43.0,-94.0,0.23
07:38:26,309.29,31.0,335.0,45.0,307.58,72.0,460.0,24.0,322.15,25.70999999999998,103.0,69.0,3.335300586155683,309.29,335.0,172,34.0,-11.0,0.2
07:38:27,312.0,10.0,334.8,50.0,308.0,70.0,431.64,11.0,323.4,22.80000000000001,80.0,61.0,3.1971659325112562,312.0,334.8,141,19.0,-31.0,0.13
07:38:28,312.0,29.0,333.62,65.0,307.38,112.0,515.82,33.0,322.81,21.620000000000005,141.0,98.0,3.251238225662723,312.0,333.62,239,43.0,98.0,0.18
07:38:29,310.69,48.0,332.92,60.0,308.29,112.0,465.4,30.0,321.8,22.230000000000018,160.0,90.0,0.700392746970916,310.69,332.92,250,70.0,11.0,0.28
07:38:30,309.0,49.0,331.71,35.0,307.0,70.0,405.0,17.0,320.36,22.70999999999998,119.0,52.0,1.1526187574430855,309.0,331.71,171,67.0,-79.0,0.39
07:38:31,309.0,70.0,330.7,50.0,307.0,67.0,354.38,48.0,319.85,21.69999999999999,137.0,98.0,1.5276223355299239,309.0,330.7,235,39.0,64.0,0.17
07:38:32,309.0,70.0,329.9,50.0,307.0,50.0,400.2,50.0,319.45,20.899999999999977,120.0,100.0,1.4092657662805703,309.0,329.9,220,20.0,-15.0,0.09
07:38:33,309.0,35.0,329.0,25.0,307.0,25.0,393.8,25.0,319.0,20.0,60.0,50.0,1.078457231424011,309.0,329.0,110,10.0,-110.0,0.09
07:38:34,309.0,84.0,327.92,60.0,307.0,60.0,412.57,58.0,318.46,18.920000000000016,144.0,118.0,0.7360910269872089,309.0,327.92,262,26.0,152.0,0.1
07:38:35,309.0,56.0,326.29,66.0,307.0,70.0,461.06,62.0,317.64,17.29000000000002,126.0,128.0,0.8651878408827681,309.0,326.29,254,-2.0,-8.0,-0.01
07:38:36,309.0,44.0,323.63,19.0,307.0,55.0,324.87,39.0,316.32,14.629999999999995,99.0,58.0,1.2363979941797705,309.0,323.63,157,41.0,-97.0,0.26
07:38:37,309.0,44.0,321.64,11.0,307.0,55.0,324.18,11.0,315.32,12.639999999999986,99.0,22.0,1.518262164453879,309.0,321.64,121,77.0,-36.0,0.64
07:38:38,309.0,48.0,318.38,24.0,307.0,60.0,319.83,12.0,313.69,9.379999999999995,108.0,36.0,1.8863403722585856,309.0,318.38,144,72.0,23.0,0.5
07:38:39,309.0,154.0,314.21,43.0,307.0,80.0,316.1,31.0,311.6,5.2099999999999795,234.0,74.0,2.348058772691455,309.0,314.21,308,160.0,164.0,0.52
07:38:40,309.0,154.0,310.57,21.0,307.0,60.0,311.39,33.0,309.79,1.5699999999999932,214.0,54.0,2.6717653340093666,309.0,310.57,268,160.0,-40.0,0.6
07:38:41,309.05,41.0,314.67,9.0,307.1,42.0,341.54,37.0,311.86,5.6200000000000045,83.0,46.0,2.1166412071994296,309.05,314.67,129,37.0,-139.0,0.29
07:38:42,310.0,28.0,313.4,30.0,309.0,28.0,349.26,46.0,311.7,3.3999999999999773,56.0,76.0,1.3820166424522864,310.0,313.4,132,-20.0,3.0,-0.15
07:38:43,308.0,30.0,311.09,46.0,307.0,30.0,312.64,14.0,309.54,3.089999999999975,60.0,60.0,1.1328371462904872,308.0,311.09,120,0.0,-12.0,0.0
07:38:44,306.28,57.0,374.14,28.0,304.5,64.0,458.05,64.0,340.21,67.86000000000001,121.0,92.0,13.229960317401254,306.28,374.14,213,29.0,93.0,0.14
07:38:45,305.25,48.0,404.81,16.0,303.36,112.0,408.0,48.0,355.03,99.56,160.0,64.0,20.73327687559317,305.25,404.81,224,96.0,11.0,0.43
07:38:46,303.05,132.0,349.93,15.0,267.82,125.0,357.95,37.0,326.49,46.879999999999995,257.0,52.0,19.27876111164835,303.05,349.93,309,205.0,85.0,0.66
07:38:47,303.33,82.0,328.86,14.0,291.16,142.0,331.0,42.0,316.09,25.53000000000003,224.0,56.0,18.396812767433502,303.33,328.86,280,168.0,-29.0,0.6
07:38:48,303.33,27.0,328.0,5.0,238.85,53.0,331.0,15.0,315.67,24.670000000000016,80.0,20.0,16.87798921672851,303.33,328.0,100,60.0,-172.0,0.6
07:38:49,303.05,76.0,327.0,10.0,205.69,70.0,353.14,42.0,315.03,23.94999999999999,146.0,52.0,17.08557637306997,303.05,327.0,198,94.0,98.0,0.47
07:38:50,305.21,28.0,324.5,14.0,303.06,86.0,422.58,50.0,314.86,19.29000000000002,114.0,64.0,4.978596187682976,305.21,324.5,178,50.0,-20.0,0.28
07:38:51,311.0,32.0,321.33,12.0,310.44,54.0,323.08,12.0,316.17,10.329999999999984,86.0,24.0,0.5991493970726324,311.0,321.33,110,62.0,-68.0,0.56
07:38:52,311.2,30.0,320.64,11.0,306.57,42.0,322.27,11.0,315.92,9.439999999999998,72.0,22.0,0.5657296174079317,311.2,320.64,94,50.0,-16.0,0.53
07:38:53,306.06,47.0,319.64,14.0,280.84,64.0,321.0,14.0,312.85,13.579999999999984,111.0,28.0,1.3088659213276026,306.06,319.64,139,83.0,45.0,0.6
07:38:54,303.0,87.0,318.4,15.0,236.85,141.0,319.87,15.0,310.7,15.399999999999977,228.0,30.0,2.3074553083457916,303.0,318.4,258,198.0,119.0,0.77
07:38:55,305.6,55.0,312.68,25.0,283.77,101.0,313.96,23.0,309.14,7.079999999999984,156.0,48.0,3.1135879624660925,305.6,312.68,204,108.0,-54.0,0.53
07:38:56,308.0,50.0,310.15,27.0,306.0,39.0,345.17,42.0,309.07,2.1499999999999773,89.0,69.0,2.8925300344187383,308.0,310.15,158,20.0,-46.0,0.13
07:38:57,308.0,24.0,309.62,8.0,306.0,24.0,396.6,30.0,308.81,1.6200000000000045,48.0,38.0,1.7005969540179775,308.0,309.62,86,10.0,-72.0,0.12
07:38:58,308.0,33.0,309.0,11.0,306.0,33.0,332.0,44.0,308.5,1.0,66.0,55.0,0.8518978812132424,308.0,309.0,121,11.0,35.0,0.09
07:38:59,307.47,15.0,341.27,22.0,304.5,24.0,400.0,28.0,324.37,33.799999999999955,39.0,50.0,6.931902336300941,307.47,341.27,89,-11.0,-32.0,-0.12
07:39:00,301.43,42.0,408.14,21.0,284.35,17.0,535.0,28.0,354.79,106.70999999999998,59.0,49.0,20.001460446677658,301.43,408.14000000000004,108,10.0,19.0,0.09
07:39:01,300.91,22.0,357.77,13.0,286.18,11.0,464.06,17.0,329.34,56.85999999999996,33.0,30.0,18.979669912830644,300.91,357.77000000000004,63,3.0,-45.0,0.05
07:39:02,306.13,46.0,330.04,52.0,296.21,19.0,357.25,16.0,318.08,23.910000000000025,65.0,68.0,17.367294838287506,306.13,330.04,133,-3.0,70.0,-0.02
07:39:03,309.0,29.0,329.33,45.0,306.96,25.0,331.0,9.0,319.17,20.329999999999984,54.0,54.0,15.02031457726524,309.0,329.33,108,0.0,-25.0,0.0
07:39:04,263.41,22.0,328.62,65.0,241.2,51.0,451.91,23.0,296.01,65.20999999999998,73.0,88.0,21.313098554644963,263.41,328.62,161,-15.0,53.0,-0.09
07:39:05,310.0,11.0,325.91,55.0,303.0,11.0,336.0,33.0,317.95,15.910000000000025,22.0,88.0,12.203206545822786,310.0,325.91,110,-66.0,-51.0,-0.6
07:39:06,310.0,7.0,324.43,35.0,303.0,12.0,463.0,24.0,317.21,14.430000000000007,19.0,59.0,9.904831144447307,310.0,324.43,78,-40.0,-32.0,-0.51
07:39:07,310.0,8.0,323.12,40.0,303.33,12.0,430.94,31.0,316.56,13.120000000000005,20.0,71.0,9.758422003583034,310.0,323.12,91,-51.0,13.0,-0.56
07:39:08,310.0,10.0,459.77,22.0,304.0,10.0,492.5,18.0,384.89,149.76999999999998,20.0,40.0,33.901473124334956,310.0,459.7699999999999,60,-20.0,-31.0,-0.33
07:39:11,307.0,40.0,424.83,12.0,246.81,53.0,481.5,8.0,365.92,117.82999999999998,93.0,20.0,41.09003808710818,307.0,424.83,113,73.0,1.0,0.65
07:39:12,307.0,47.0,460.2,10.0,253.91,70.0,473.4,10.0,383.6,153.2,117.0,20.0,44.62974647026345,307.0,460.2,137,97.0,24.0,0.71
07:39:13,307.1,29.0,380.58,19.0,246.17,132.0,392.69,29.0,343.84,73.47999999999996,161.0,48.0,39.57482558394918,307.1,380.58,209,113.0,72.0,0.54
07:39:14,312.0,42.0,341.78,46.0,308.0,42.0,342.6,35.0,326.89,29.779999999999973,84.0,81.0,39.119185446529904,312.0,341.78,165,3.0,-44.0,0.02
07:39:15,312.0,33.0,339.73,11.0,308.74,47.0,341.0,55.0,325.86,27.730000000000018,80.0,66.0,25.170107667628116,312.0,339.73,146,14.0,-19.0,0.1
07:39:16,312.0,51.0,337.08,25.0,309.0,98.0,339.0,74.0,324.54,25.079999999999984,149.0,99.0,25.11002947031316,312.0,337.08,248,50.0,102.0,0.2
07:39:17,312.0,46.0,334.11,45.0,309.0,78.0,336.52,33.0,323.06,22.110000000000014,124.0,78.0,8.508543941239362,312.0,334.11,202,46.0,-46.0,0.23
07:39:18,312.0,68.0,332.53,85.0,309.0,102.0,335.0,17.0,322.26,20.529999999999973,170.0,102.0,1.913901773864961,312.0,332.53,272,68.0,70.0,0.25
07:39:19,312.0,20.0,331.7,47.0,309.0,66.0,332.89,19.0,321.85,19.69999999999999,86.0,66.0,1.6661272460421563,312.0,331.7,152,20.0,-120.0,0.13
07:39:20,312.0,16.0,329.58,24.0,309.0,96.0,330.97,72.0,320.79,17.579999999999984,112.0,96.0,1.4035134484587513,312.0,329.58,208,16.0,56.0,0.08
07:39:21,312.0,8.0,328.44,16.0,309.0,48.0,329.06,32.0,320.22,16.439999999999998,56.0,48.0,1.1383892128815347,312.0,328.44,104,8.0,-104.0,0.08
07:39:22,309.86,29.0,325.51,75.0,308.68,68.0,326.39,33.0,317.68,15.649999999999977,97.0,108.0,1.80395399054568,309.86,325.51,205,-11.0,101.0,-0.05
07:39:23,308.0,11.0,323.42,43.0,307.0,44.0,324.67,45.0,315.71,15.420000000000016,55.0,88.0,2.5034476227807256,308.0,323.42,143,-33.0,-62.0,-0.23
07:39:24,308.0,14.0,322.93,54.0,307.0,56.0,323.6,50.0,315.46,14.930000000000007,70.0,104.0,2.4752111021097027,308.0,322.93,174,-34.0,31.0,-0.2
07:39:25,308.0,16.0,319.47,60.0,307.0,64.0,322.39,36.0,313.73,11.470000000000027,80.0,96.0,2.4794858337985786,308.0,319.47,176,-16.0,2.0,-0.09
07:39:26,308.0,14.0,316.02,58.0,307.0,56.0,317.17,30.0,312.01,8.019999999999982,70.0,88.0,2.145779578616756,308.0,316.02,158,-18.0,-18.0,-0.11
07:39:27,305.79,47.0,307.41,32.0,304.4,93.0,341.75,24.0,306.6,1.6200000000000045,140.0,56.0,3.7223876745994526,305.79,307.41,196,84.0,38.0,0.43
07:39:28,306.29,17.0,373.0,12.0,305.0,8.0,527.29,14.0,339.65,66.70999999999998,25.0,26.0,12.825234890636777,306.29,373.0,51,-1.0,-145.0,-0.02
07:39:29,307.0,27.0,439.0,9.0,305.0,9.0,573.11,19.0,373.0,132.0,36.0,28.0,27.71739291491897,307.0,439.0,64,8.0,13.0,0.12
07:39:30,307.0,12.0,439.0,6.0,305.0,6.0,533.67,30.0,373.0,132.0,18.0,36.0,31.911961237128537,307.0,439.0,54,-18.0,-10.0,-0.33
07:39:31,307.0,10.0,429.3,10.0,305.0,10.0,633.26,39.0,368.15,122.30000000000001,20.0,49.0,28.96753786568663,307.0,429.3,69,-29.0,15.0,-0.42
07:39:32,304.55,22.0,416.43,7.0,244.71,7.0,537.43,7.0,360.49,111.88,29.0,14.0,13.94582625734257,304.55,416.43,43,15.0,-26.0,0.35
07:39:33,304.0,30.0,449.8,5.0,267.6,5.0,624.0,5.0,376.9,145.8,35.0,10.0,6.3047260051474865,304.0,449.8,45,25.0,2.0,0.56
07:39:35,310.87,31.0,387.95,37.0,305.86,29.0,486.05,41.0,349.41,77.07999999999998,60.0,78.0,27.9470937666152,310.87,387.95,138,-18.0,53.0,-0.13
07:39:36,311.0,11.0,330.89,45.0,310.0,9.0,458.56,9.0,320.94,19.889999999999986,20.0,54.0,37.38578700522413,311.0,330.89,74,-34.0,-64.0,-0.46
07:39:37,312.68,57.0,329.73,75.0,310.4,15.0,339.0,15.0,321.21,17.05000000000001,72.0,90.0,42.58492538445957,312.68000000000006,329.73,162,-18.0,88.0,-0.11
07:39:38,313.0,80.0,328.7,50.0,311.0,10.0,361.94,34.0,320.85,15.699999999999989,90.0,84.0,43.75730990360346,313.0,328.7,174,6.0,12.0,0.03
07:39:39,313.0,56.0,327.43,35.0,311.0,7.0,365.0,35.0,320.21,14.430000000000007,63.0,70.0,12.798921048275982,313.0,327.43,133,-7.0,-41.0,-0.05
07:39:40,313.0,78.0,324.49,53.0,311.0,13.0,333.24,29.0,318.75,11.490000000000009,91.0,82.0,0.9884938037258589,313.0,324.49,173,9.0,40.0,0.05
07:39:41,313.0,60.0,322.63,30.0,311.0,12.0,323.18,33.0,317.82,9.629999999999995,72.0,63.0,1.438443603345197,313.0,322.63,135,9.0,-38.0,0.07
07:39:42,310.76,25.0,319.55,11.0,308.04,186.0,321.0,22.0,315.15,8.79000000000002,211.0,33.0,2.246014247507214,310.76,319.55,244,178.0,109.0,0.73
07:39:43,311.58,36.0,317.71,24.0,308.0,302.0,319.23,30.0,314.65,6.1299999999999955,338.0,54.0,2.3709027816437396,311.58,317.71,392,284.0,148.0,0.72
07:39:44,308.16,300.0,315.66,53.0,306.6,180.0,316.13,52.0,311.91,7.5,480.0,105.0,2.7182862248127746,308.16,315.65999999999997,585,375.0,172.0,0.64
07:39:45,308.02,350.0,312.56,43.0,305.64,162.0,319.79,48.0,310.29,4.5400000000000205,512.0,91.0,2.935264894350729,308.02,312.56,603,421.0,18.0,0.7
07:39:46,308.0,159.0,309.25,8.0,304.0,88.0,331.14,14.0,308.62,1.25,247.0,22.0,2.7939541871707334,308.0,309.25,269,225.0,-172.0,0.84
07:39:47,308.0,116.0,309.75,8.0,304.0,84.0,367.36,11.0,308.88,1.75,200.0,19.0,2.486413079118123,308.0,309.75,219,181.0,-50.0,0.83
07:39:48,308.0,114.0,309.0,7.0,304.0,63.0,410.0,7.0,308.5,1.0,177.0,14.0,1.457137605036129,308.0,309.0,191,163.0,-28.0,0.85
07:39:49,308.0,146.0,527.22,36.0,304.0,81.0,564.43,23.0,417.61,219.22000000000003,227.0,59.0,48.544729374052544,308.0,527.22,286,168.0,95.0,0.59
07:39:50,308.0,52.0,379.0,35.0,304.0,63.0,403.14,28.0,343.5,71.0,115.0,63.0,47.296248477019795,308.0,379.0,178,52.0,-108.0,0.29
07:39:51,308.62,48.0,365.0,42.0,306.01,98.0,471.57,42.0,336.81,56.379999999999995,146.0,84.0,44.608364126024554,308.62,365.0,230,62.0,52.0,0.27
07:39:52,308.0,42.0,330.0,12.0,304.36,42.0,379.0,30.0,319.0,22.0,84.0,42.0,42.865349992738814,308.0,330.0,126,42.0,-104.0,0.33
07:39:53,308.0,47.0,410.86,29.0,304.22,23.0,652.0,20.0,359.43,102.86000000000001,70.0,49.0,37.74386903856027,308.0,410.86,119,21.0,-7.0,0.18
07:39:54,308.0,35.0,505.5,16.0,305.0,8.0,694.0,40.0,406.75,197.5,43.0,56.0,33.31188031318539,308.0,505.5,99,-13.0,-20.0,-0.13
07:39:55,308.0,40.0,359.93,30.0,305.0,8.0,431.26,19.0,333.97,51.93000000000001,48.0,49.0,34.25755420341606,308.0,359.93,97,-1.0,-2.0,-0.01
07:39:56,307.14,28.0,357.0,44.0,304.04,75.0,401.0,22.0,332.07,49.860000000000014,103.0,66.0,34.81607215066039,307.14,357.0,169,37.0,72.0,0.22
07:39:57,304.54,52.0,395.21,38.0,302.55,44.0,416.65,23.0,349.87,90.66999999999996,96.0,61.0,30.33972841012237,304.54,395.21,157,35.0,-12.0,0.22
07:39:58,311.0,20.0,398.4,40.0,304.0,60.0,401.0,20.0,354.7,87.39999999999998,80.0,60.0,30.29604462632023,311.0,398.4,140,20.0,-17.0,0.14
07:39:59,311.64,22.0,398.0,44.0,307.48,42.0,565.29,14.0,354.82,86.36000000000001,64.0,58.0,11.214367124363003,311.64,398.0,122,6.0,-18.0,0.05
07:40:00,312.0,16.0,398.0,32.0,311.0,16.0,516.0,16.0,355.0,86.0,32.0,48.0,9.865569927783765,312.0,398.0,80,-16.0,-42.0,-0.2
07:40:01,312.23,13.0,397.9,31.0,310.53,19.0,471.56,18.0,355.07,85.66999999999996,32.0,49.0,2.253102305708379,312.23,397.9,81,-17.0,1.0,-0.21
07:40:02,311.0,8.0,394.64,22.0,310.0,24.0,395.29,28.0,352.82,83.63999999999999,32.0,50.0,0.9404892343818178,311.0,394.64,82,-18.0,1.0,-0.22
07:40:03,308.42,36.0,389.94,52.0,307.89,74.0,391.33,61.0,349.18,81.51999999999998,110.0,113.0,2.5252564226210055,308.42,389.94,223,-3.0,141.0,-0.01
07:40:04,307.0,53.0,386.0,24.0,304.0,48.0,386.86,28.0,346.5,79.0,101.0,52.0,3.7712968591705365,307.0,386.0,153,49.0,-70.0,0.32
07:40:05,307.0,54.0,384.33,18.0,304.0,54.0,386.0,36.0,345.67,77.32999999999998,108.0,54.0,4.03773079835575,307.0,384.33,162,54.0,9.0,0.33
07:40:06,307.0,65.0,376.8,40.0,304.0,75.0,382.33,30.0,341.9,69.80000000000001,140.0,70.0,4.075068097589562,307.0,376.8,210,70.0,48.0,0.33
07:40:07,307.0,22.0,378.94,16.0,304.0,22.0,380.88,17.0,342.97,71.94,44.0,33.0,2.8984702862015577,307.0,378.94,77,11.0,-133.0,0.14
07:40:08,307.0,10.0,378.0,21.0,304.0,21.0,379.0,7.0,342.5,71.0,31.0,28.0,2.0443507526826674,307.0,378.0,59,3.0,-18.0,0.05
07:40:09,307.91,33.0,377.25,16.0,305.07,14.0,377.89,18.0,342.58,69.33999999999997,47.0,34.0,1.4738826276181873,307.91,377.25,81,13.0,22.0,0.16
07:40:10,308.0,77.0,373.94,16.0,307.0,14.0,374.88,25.0,340.97,65.94,91.0,41.0,0.7792496390728868,308.0,373.94,132,50.0,51.0,0.38
07:40:11,308.0,35.0,371.79,19.0,307.0,7.0,372.45,11.0,339.89,63.79000000000002,42.0,30.0,1.3040973889995737,308.0,371.79,72,12.0,-60.0,0.17
07:40:12,308.0,63.0,335.44,18.0,307.0,12.0,349.03,37.0,321.72,27.439999999999998,75.0,55.0,8.910144218810276,308.0,335.44,130,20.0,58.0,0.15
07:40:13,309.12,58.0,332.36,11.0,307.95,55.0,370.56,27.0,320.74,23.24000000000001,113.0,38.0,10.956201440280328,309.12,332.36,151,75.0,21.0,0.5
07:40:14,310.65,85.0,329.25,65.0,308.15,119.0,332.27,49.0,319.95,18.600000000000023,204.0,114.0,10.775004872388848,310.65,329.25,318,90.0,167.0,0.28
07:40:15,311.93,75.0,326.06,71.0,310.0,30.0,328.27,49.0,318.99,14.129999999999995,105.0,120.0,8.796133809805623,311.93,326.06,225,-15.0,-93.0,-0.07
07:40:16,312.0,60.0,321.56,36.0,310.0,24.0,322.91,22.0,316.78,9.560000000000002,84.0,58.0,1.8864331422046492,312.0,321.56,142,26.0,-83.0,0.18
07:40:17,312.33,45.0,319.44,9.0,310.0,18.0,322.14,35.0,315.89,7.110000000000014,63.0,44.0,2.0691906630392123,312.33,319.44,107,19.0,-35.0,0.18
07:40:18,313.0,81.0,314.55,60.0,310.0,26.0,316.82,40.0,313.77,1.5500000000000114,107.0,100.0,2.4671400446690046,313.0,314.55,207,7.0,100.0,0.03
07:40:19,308.94,34.0,313.35,34.0,307.99,239.0,319.34,29.0,311.15,4.410000000000025,273.0,63.0,2.9881733550800416,308.94,313.35,336,210.0,129.0,0.62
07:40:20,308.0,258.0,310.77,52.0,307.0,78.0,356.0,13.0,309.38,2.769999999999982,336.0,65.0,3.1218632257053374,308.0,310.77,401,271.0,65.0,0.68
07:40:21,308.0,145.0,348.76,34.0,307.0,60.0,426.92,13.0,328.38,40.75999999999999,205.0,47.0,7.5031213504787475,308.0,348.76,252,158.0,-149.0,0.63
07:40:22,308.0,98.0,478.0,28.0,307.0,42.0,530.0,16.0,393.0,170.0,140.0,44.0,35.387468544669886,308.0,478.0,184,96.0,-68.0,0.52
07:40:23,308.0,190.0,397.5,32.0,307.0,84.0,434.57,56.0,352.75,89.5,274.0,88.0,34.895525071275195,308.0,397.5,362,186.0,172.0,0.51
07:40:24,308.0,143.0,408.56,52.0,307.0,66.0,417.64,44.0,358.28,100.56,209.0,96.0,31.73739466307828,308.0,408.56,305,113.0,-57.0,0.37
07:40:25,309.0,12.0,392.23,26.0,308.0,78.0,407.86,28.0,350.62,83.23000000000002,90.0,54.0,23.317019106223345,309.0,392.22999999999996,144,36.0,-161.0,0.25
07:40:26,309.0,20.0,361.73,44.0,308.0,100.0,408.04,46.0,335.36,52.73000000000002,120.0,90.0,21.328823690020585,309.0,361.73,210,30.0,66.0,0.14
07:40:27,307.8,30.0,322.56,45.0,307.71,21.0,324.0,36.0,315.18,14.759999999999991,51.0,81.0,17.445257808355542,307.8,322.56,132,-30.0,-78.0,-0.23
07:40:28,307.78,54.0,320.38,40.0,306.95,38.0,324.0,32.0,314.08,12.600000000000023,92.0,72.0,20.100454721224416,307.78,320.38,164,20.0,32.0,0.12
07:40:29,308.0,63.0,320.0,50.0,307.0,60.0,405.05,37.0,314.0,12.0,123.0,87.0,16.558964943498015,308.0,320.0,210,36.0,46.0,0.17
07:40:30,308.0,54.0,319.56,45.0,307.0,54.0,483.33,12.0,313.78,11.560000000000002,108.0,57.0,9.451782900595973,308.0,319.56,165,51.0,-45.0,0.31
07:40:31,309.91,23.0,318.31,65.0,307.85,78.0,435.31,13.0,314.11,8.399999999999977,101.0,78.0,0.5465345368772877,309.91,318.31,179,23.0,14.0,0.13
07:40:32,312.0,10.0,318.0,50.0,308.0,60.0,560.95,22.0,315.0,6.0,70.0,72.0,0.468700330701484,312.0,318.0,142,-2.0,-37.0,-0.01
07:40:33,308.67,18.0,316.38,40.0,307.38,48.0,331.62,29.0,312.52,7.7099999999999795,66.0,69.0,0.8918071540416259,308.67,316.38,135,-3.0,-7.0,-0.02
07:40:34,308.0,32.0,315.76,33.0,307.0,78.0,324.67,60.0,311.88,7.759999999999991,110.0,93.0,1.252645201164314,308.0,315.76,203,17.0,68.0,0.08
07:40:35,308.0,20.0,313.5,10.0,307.0,60.0,316.0,50.0,310.75,5.5,80.0,60.0,1.7080603033851594,308.0,313.5,140,20.0,-63.0,0.14
07:40:36,307.0,40.0,312.0,10.0,305.09,170.0,316.0,50.0,309.5,5.0,210.0,60.0,2.06596224554094,307.0,312.0,270,150.0,130.0,0.56
07:40:37,307.0,52.0,310.51,57.0,306.0,65.0,313.9,21.0,308.75,3.509999999999991,117.0,78.0,1.5770066581981044,307.0,310.51,195,39.0,-75.0,0.2
07:40:38,307.0,40.0,309.39,18.0,306.0,50.0,312.0,10.0,308.19,2.3899999999999864,90.0,28.0,1.5010429707378778,307.0,309.39,118,62.0,-77.0,0.53
07:40:39,306.22,59.0,442.11,45.0,305.11,229.0,502.67,36.0,374.17,135.89,288.0,81.0,29.027702630418336,306.22,442.11,369,207.0,172.0,0.56
07:40:40,306.38,34.0,466.86,28.0,305.13,148.0,717.18,22.0,386.62,160.48000000000002,182.0,50.0,39.45594796732158,306.38,466.86,232,132.0,-137.0,0.57
07:40:42,309.58,12.0,530.65,17.0,306.39,82.0,569.89,19.0,420.12,221.07,94.0,36.0,47.0881293958463,309.58,530.65,130,58.0,-172.0,0.45
07:40:43,305.19,94.0,477.5,10.0,303.13,137.0,512.0,12.0,391.35,172.31,231.0,22.0,22.212274309488336,305.19,477.5,253,209.0,123.0,0.83
07:40:44,305.0,145.0,415.25,12.0,219.0,9.0,466.0,10.0,360.12,110.25,154.0,22.0,26.667058892948003,305.0,415.25,176,132.0,-77.0,0.75
07:40:45,308.18,22.0,355.6,10.0,305.04,137.0,357.0,10.0,331.89,47.420000000000016,159.0,20.0,39.837557028512215,308.18,355.6,179,139.0,3.0,0.78
07:40:46,309.0,36.0,354.0,9.0,308.0,49.0,357.0,9.0,331.5,45.0,85.0,18.0,38.58417201392264,309.0,354.0,103,67.0,-76.0,0.65
07:40:47,313.13,46.0,352.73,15.0,308.97,66.0,357.0,15.0,332.93,39.60000000000002,112.0,30.0,26.329010045954636,313.13,352.7300000000001,142,82.0,39.0,0.58
07:40:48,314.0,20.0,351.1,10.0,310.0,40.0,357.0,10.0,332.55,37.10000000000002,60.0,20.0,12.49079541102109,314.0,351.1,80,40.0,-62.0,0.5
07:40:49,314.0,28.0,348.06,18.0,310.0,56.0,349.81,32.0,331.03,34.06,84.0,50.0,0.7694803441205493,314.0,348.06,134,34.0,54.0,0.25
07:40:50,314.0,28.0,346.77,64.0,310.0,56.0,373.54,39.0,330.38,32.76999999999998,84.0,103.0,1.0564421422813337,314.0,346.77,187,-19.0,53.0,-0.1
07:40:51,314.0,14.0,344.14,29.0,310.0,28.0,345.89,27.0,329.07,30.139999999999986,42.0,56.0,1.5853453882318904,314.0,344.14,98,-14.0,-89.0,-0.14
07:40:52,314.0,24.0,340.51,59.0,310.0,48.0,342.62,42.0,327.25,26.50999999999999,72.0,101.0,2.007456101634231,314.0,340.51,173,-29.0,75.0,-0.17
07:40:53,314.0,19.0,336.31,64.0,310.0,72.0,338.0,79.0,325.16,22.310000000000002,91.0,143.0,2.395197277885263,314.0,336.31,234,-52.0,61.0,-0.22
07:40:54,314.0,12.0,329.25,44.0,310.0,48.0,331.36,33.0,321.62,15.25,60.0,77.0,3.4510766435983005,314.0,329.25,137,-17.0,-97.0,-0.12
07:40:55,310.21,19.0,324.98,55.0,308.1,81.0,325.67,45.0,317.6,14.770000000000039,100.0,100.0,4.586376565437104,310.21,324.98,200,0.0,63.0,0.0
07:40:56,308.05,75.0,321.15,39.0,307.22,41.0,322.68,53.0,314.6,13.099999999999966,116.0,92.0,5.219432919388054,308.05,321.15,208,24.0,8.0,0.12
07:40:57,310.33,39.0,316.61,51.0,308.19,43.0,317.9,42.0,313.47,6.28000000000003,82.0,93.0,4.883912366125398,310.33,316.61,175,-11.0,-33.0,-0.06
07:40:58,311.24,34.0,313.98,51.0,308.15,74.0,314.84,64.0,312.61,2.740000000000009,108.0,115.0,3.67407811566293,311.24,313.98,223,-7.0,48.0,-0.03
07:40:59,310.93,14.0,313.03,58.0,309.32,60.0,321.06,64.0,311.98,2.099999999999966,74.0,122.0,2.213587585796837,310.93,313.03,196,-48.0,-27.0,-0.24
07:41:00,309.0,7.0,311.11,18.0,308.0,35.0,349.0,22.0,310.06,2.1100000000000136,42.0,40.0,1.701273052744437,309.0,311.11,82,2.0,-114.0,0.02
07:41:01,308.11,9.0,310.0,18.0,306.94,16.0,312.0,36.0,309.06,1.8899999999999864,25.0,54.0,1.8268908013329033,308.11,310.0,79,-29.0,-3.0,-0.37
07:41:02,305.93,14.0,309.5,16.0,304.46,26.0,461.75,8.0,307.71,3.569999999999993,40.0,24.0,2.0285783199066305,305.93,309.5,64,16.0,-15.0,0.25
07:41:03,305.0,27.0,365.3,10.0,303.0,36.0,509.44,9.0,335.15,60.30000000000001,63.0,19.0,11.48649076088921,305.0,365.3,82,44.0,18.0,0.54
07:41:04,308.5,12.0,507.17,18.0,304.38,26.0,683.14,14.0,407.83,198.67000000000002,38.0,32.0,42.832451132289705,308.5,507.16999999999996,70,6.0,-12.0,0.09
07:41:05,312.0,8.0,318.75,24.0,305.0,24.0,391.94,18.0,315.38,6.75,32.0,42.0,42.15091968154414,312.0,318.75,74,-10.0,4.0,-0.14
07:41:06,312.0,15.0,316.53,45.0,309.12,17.0,556.56,27.0,314.27,4.529999999999973,32.0,72.0,41.40636931680904,312.0,316.53,104,-40.0,30.0,-0.38
07:41:07,312.0,11.0,315.27,33.0,310.0,11.0,477.91,11.0,313.64,3.269999999999982,22.0,44.0,40.465280550120795,312.0,315.27,66,-22.0,-38.0,-0.33
07:41:08,312.0,7.0,314.86,21.0,310.0,7.0,393.6,15.0,313.43,2.8600000000000136,14.0,36.0,41.88842381852038,312.0,314.86,50,-22.0,-16.0,-0.44
07:41:09,312.0,7.0,314.0,21.0,310.0,7.0,401.59,17.0,313.0,2.0,14.0,38.0,0.9241374356626036,312.0,314.0,52,-24.0,2.0,-0.46
07:41:10,312.0,3.0,314.0,9.0,310.0,3.0,407.0,9.0,313.0,2.0,6.0,18.0,0.5273234301576271,312.0,314.0,24,-12.0,-28.0,-0.5
07:41:11,308.38,13.0,312.38,32.0,305.0,15.0,359.58,36.0,310.38,4.0,28.0,68.0,1.3208330704496511,308.38,312.38,96,-40.0,72.0,-0.42
07:41:12,307.5,48.0,310.0,24.0,305.53,15.0,327.83,36.0,308.75,2.5,63.0,60.0,2.0504316618687253,307.5,310.0,123,3.0,27.0,0.02
07:41:13,306.0,160.0,309.69,26.0,305.0,10.0,392.96,28.0,307.85,3.6899999999999977,170.0,54.0,2.3745167929484126,306.0,309.69,224,116.0,101.0,0.52
07:41:14,306.0,174.0,307.08,13.0,305.0,11.0,308.23,13.0,306.54,1.079999999999984,185.0,26.0,2.493938652010971,306.0,307.08,211,159.0,-13.0,0.75
07:41:15,306.0,134.0,307.67,12.0,305.0,10.0,552.44,16.0,306.83,1.670000000000016,144.0,28.0,1.5592786793881925,306.0,307.67,172,116.0,-39.0,0.67
07:41:16,306.09,91.0,371.0,17.0,305.62,24.0,424.0,27.0,338.54,64.91000000000003,115.0,44.0,13.912342362089621,306.09,371.0,159,71.0,-13.0,0.45
07:41:17,305.67,46.0,331.0,27.0,304.77,13.0,469.68,25.0,318.34,25.329999999999984,59.0,52.0,13.7186752275864,305.67,331.0,111,7.0,-48.0,0.06
07:41:18,306.73,33.0,488.09,33.0,305.0,35.0,586.09,33.0,397.41,181.35999999999996,68.0,66.0,38.006054386110506,306.73,488.09,134,2.0,23.0,0.01
07:41:19,307.0,30.0,409.29,28.0,305.0,12.0,430.91,33.0,358.14,102.29000000000002,42.0,61.0,35.78517248805694,307.0,409.29,103,-19.0,-31.0,-0.18
07:41:20,311.07,14.0,412.8,20.0,309.09,11.0,415.0,30.0,361.94,101.73000000000002,25.0,50.0,29.45945994073864,311.07,412.8,75,-25.0,-28.0,-0.33
07:41:21,314.11,9.0,411.33,18.0,310.18,11.0,413.29,21.0,362.72,97.21999999999997,20.0,39.0,28.059155368613357,314.11,411.33,59,-19.0,-16.0,-0.32
07:41:22,269.4,20.0,357.05,40.0,252.5,30.0,441.79,34.0,313.23,87.65000000000003,50.0,74.0,29.97063512840499,269.4,357.05,124,-24.0,65.0,-0.19
07:41:58,280.53,66.0,306.0,30.0,279.28,18.0,309.0,50.0,293.27,25.470000000000027,84.0,80.0,3.980109294980635,280.53,306.0,164,4.0,86.0,0.02
07:42:00,295.05,65.0,309.38,39.0,292.75,59.0,359.13,67.0,302.22,14.329999999999984,124.0,106.0,5.126804072713353,295.05,309.38,230,18.0,39.0,0.08
07:42:01,303.17,59.0,375.64,22.0,301.91,67.0,507.19,52.0,339.4,72.46999999999997,126.0,74.0,20.20705619331988,303.17,375.64,200,52.0,-30.0,0.26
07:42:02,308.74,35.0,434.0,18.0,305.18,80.0,532.0,45.0,371.37,125.25999999999999,115.0,63.0,34.437876967083554,308.74,434.0,178,52.0,-22.0,0.29
07:42:03,310.0,27.0,434.0,18.0,305.0,90.0,607.33,45.0,372.0,124.0,117.0,63.0,37.076720189358454,310.0,434.0,180,54.0,2.0,0.3
07:42:04,305.22,67.0,413.39,33.0,304.17,58.0,625.0,30.0,359.31,108.16999999999996,125.0,63.0,29.22389176684,305.22,413.39,188,62.0,8.0,0.33
07:42:05,304.79,58.0,435.0,30.0,303.83,46.0,561.44,18.0,369.9,130.20999999999998,104.0,48.0,13.851163489035024,304.79,435.0,152,56.0,-36.0,0.37
07:42:06,304.0,102.0,406.91,22.0,204.36,33.0,621.0,22.0,355.45,102.91000000000003,135.0,44.0,7.670223595174785,304.0,406.91,179,91.0,27.0,0.51
07:42:07,304.0,60.0,388.33,12.0,274.17,12.0,534.67,15.0,346.17,84.32999999999998,72.0,27.0,10.64020347549692,304.0,388.33,99,45.0,-80.0,0.45
07:42:08,305.38,130.0,423.08,26.0,279.21,84.0,518.56,32.0,364.23,117.69999999999999,214.0,58.0,8.992631428006886,305.38,423.08,272,156.0,172.0,0.57
07:42:12,310.88,51.0,370.25,20.0,307.7,92.0,566.0,45.0,340.57,59.370000000000005,143.0,65.0,41.24551939301979,310.88,370.25,208,78.0,50.0,0.38
07:42:13,308.45,29.0,400.0,8.0,306.84,83.0,561.81,16.0,354.22,91.55000000000001,112.0,24.0,43.39394577587951,308.45,400.0,136,88.0,-72.0,0.65
07:42:14,308.5,120.0,400.0,8.0,307.0,64.0,557.59,22.0,354.25,91.5,184.0,30.0,42.88228573665322,308.5,400.0,214,154.0,78.0,0.72
07:42:15,309.0,150.0,399.4,10.0,307.0,130.0,413.4,10.0,354.2,90.39999999999998,280.0,20.0,35.93139782975293,309.0,399.4,300,260.0,86.0,0.87
07:42:16,309.0,123.0,367.55,11.0,307.0,117.0,388.71,21.0,338.27,58.55000000000001,240.0,32.0,8.14881402413722,309.0,367.55,272,208.0,-28.0,0.76
07:42:17,309.0,104.0,343.79,19.0,307.0,104.0,349.93,14.0,326.39,34.79000000000002,208.0,33.0,12.70580694013472,309.0,343.79,241,175.0,-31.0,0.73
07:42:18,309.85,169.0,345.14,14.0,307.0,169.0,346.08,25.0,327.49,35.289999999999964,338.0,39.0,13.687180133247885,309.85,345.14,377,299.0,136.0,0.79
07:42:19,310.0,182.0,321.21,29.0,307.0,182.0,331.36,33.0,315.6,11.20999999999998,364.0,62.0,14.595929227013098,310.0,321.21,426,302.0,49.0,0.71
07:42:20,307.94,70.0,311.83,29.0,306.6,129.0,319.62,26.0,309.89,3.8899999999999864,199.0,55.0,11.06868646226712,307.94,311.83,254,144.0,-172.0,0.57
07:42:21,307.16,57.0,311.78,36.0,306.3,111.0,411.09,33.0,309.47,4.619999999999948,168.0,69.0,8.724621481759295,307.16,311.78,237,99.0,-17.0,0.42
07:42:22,307.15,117.0,309.61,61.0,306.16,170.0,439.97,68.0,308.38,2.4600000000000364,287.0,129.0,7.959266926041384,307.15,309.61,416,158.0,172.0,0.38
07:42:23,307.0,48.0,441.71,35.0,306.0,91.0,490.07,27.0,374.36,134.70999999999998,139.0,62.0,28.54745610382782,307.0,441.71,201,77.0,-172.0,0.38
07:42:24,307.77,52.0,454.09,76.0,306.5,131.0,470.67,30.0,380.93,146.32,183.0,106.0,37.539298475064435,307.77,454.09,289,77.0,88.0,0.27
07:42:25,310.78,18.0,398.27,33.0,307.0,54.0,437.0,15.0,354.53,87.49000000000001,72.0,48.0,34.80580023501792,310.78,398.27,120,24.0,-169.0,0.2
07:42:26,312.0,14.0,401.0,21.0,307.0,12.0,491.0,7.0,356.5,89.0,26.0,28.0,28.385963961084233,312.0,401.0,54,-2.0,-66.0,-0.04
07:42:27,312.0,71.0,401.0,39.0,307.0,13.0,509.69,61.0,356.5,89.0,84.0,100.0,12.19164591021129,312.0,401.0,184,-16.0,130.0,-0.09
07:42:28,312.0,110.0,522.28,36.0,307.0,20.0,579.95,40.0,417.14,210.27999999999997,130.0,76.0,26.91093365158428,312.0,522.28,206,54.0,22.0,0.26
07:42:29,312.0,263.0,517.36,53.0,308.56,54.0,603.33,39.0,414.68,205.36,317.0,92.0,32.92118770639922,312.0,517.36,409,225.0,172.0,0.55
07:42:30,312.0,392.0,516.23,35.0,309.0,98.0,579.83,46.0,414.11,204.23000000000002,490.0,81.0,32.2316813089229,312.0,516.23,571,409.0,162.0,0.72
07:42:31,312.0,336.0,448.09,35.0,309.0,84.0,513.46,41.0,380.04,136.08999999999997,420.0,76.0,27.099656455386466,312.0,448.09,496,344.0,-75.0,0.69
07:42:32,312.0,277.0,321.87,46.0,309.0,70.0,450.33,27.0,316.93,9.870000000000005,347.0,73.0,42.881577046558945,312.0,321.87,420,274.0,-76.0,0.65
07:42:33,312.0,243.0,318.8,15.0,309.44,63.0,367.43,21.0,315.4,6.800000000000011,306.0,36.0,49.559943200128636,312.0,318.8,342,270.0,-78.0,0.79
07:42:34,312.0,297.0,319.72,29.0,310.0,77.0,335.0,24.0,315.86,7.720000000000027,374.0,53.0,45.98120018007338,312.0,319.72,427,321.0,85.0,0.75
07:42:35,312.0,243.0,319.22,27.0,310.0,63.0,472.56,18.0,315.61,7.220000000000027,306.0,45.0,28.66796592016922,312.0,319.22,351,261.0,-76.0,0.74
07:42:36,312.0,269.0,318.36,33.0,310.0,77.0,379.32,19.0,315.18,6.360000000000014,346.0,52.0,0.6820777081726132,312.0,318.36,398,294.0,47.0,0.74
07:42:37,312.0,208.0,316.83,36.0,310.0,84.0,375.0,42.0,314.42,4.829999999999984,292.0,78.0,0.5496180491815672,312.0,316.83,370,214.0,-28.0,0.58
07:42:38,312.0,72.0,316.0,15.0,310.0,35.0,371.0,25.0,314.0,4.0,107.0,40.0,0.7873245836288071,312.0,316.0,147,67.0,-172.0,0.46
07:42:39,312.0,192.0,315.04,46.0,310.0,112.0,366.1,67.0,313.52,3.0400000000000205,304.0,113.0,0.8515750113680468,312.0,315.04,417,191.0,172.0,0.46
07:42:40,312.0,77.0,406.51,37.0,310.0,63.0,527.13,30.0,359.26,94.50999999999999,140.0,67.0,20.124897018369623,312.0,406.51,207,73.0,-172.0,0.35
07:42:41,312.0,33.0,510.36,39.0,310.0,83.0,563.38,37.0,411.18,198.36,116.0,76.0,43.12312001699291,312.0,510.36,192,40.0,-15.0,0.21
07:42:42,312.0,33.0,452.06,17.0,310.0,117.0,458.2,61.0,382.03,140.06,150.0,78.0,42.72461608955624,312.0,452.06,228,72.0,36.0,0.32
07:42:43,312.0,8.0,428.66,29.0,310.0,72.0,439.91,44.0,370.33,116.66000000000003,80.0,73.0,35.73699665612604,312.0,428.66,153,7.0,-75.0,0.05
07:42:44,310.12,68.0,422.03,36.0,309.39,92.0,431.36,61.0,366.07,111.90999999999997,160.0,97.0,20.428162668237192,310.12,422.03,257,63.0,104.0,0.25
07:42:45,310.0,121.0,341.88,40.0,309.0,112.0,356.86,71.0,325.94,31.879999999999995,233.0,111.0,30.78632082597662,310.0,341.88,344,122.0,87.0,0.35
07:42:46,310.0,55.0,337.3,40.0,309.0,70.0,339.0,10.0,323.65,27.30000000000001,125.0,50.0,26.95244293194899,310.0,337.3,175,75.0,-169.0,0.43
07:42:47,310.62,29.0,332.8,49.0,309.08,76.0,335.25,16.0,321.71,22.180000000000007,105.0,65.0,24.42962341093228,310.62,332.8,170,40.0,-5.0,0.24
07:42:48,312.0,30.0,330.65,31.0,310.0,11.0,331.95,19.0,321.32,18.649999999999977,41.0,50.0,19.27961540072759,312.0,330.65,91,-9.0,-79.0,-0.1
07:42:49,311.83,23.0,329.0,40.0,309.44,18.0,330.0,10.0,320.41,17.170000000000016,41.0,50.0,2.207063660154373,311.83,329.0,91,-9.0,0.0,-0.1
07:42:50,309.7,10.0,327.86,14.0,308.22,46.0,328.15,26.0,318.78,18.160000000000025,56.0,40.0,1.7856455415267027,309.7,327.86,96,16.0,5.0,0.17
07:42:51,309.0,42.0,325.3,10.0,306.0,120.0,328.0,40.0,317.15,16.30000000000001,162.0,50.0,1.8951332406916375,309.0,325.3,212,112.0,116.0,0.53
07:42:52,309.0,9.0,323.33,3.0,306.0,36.0,328.0,12.0,316.17,14.329999999999984,45.0,15.0,2.1550243618053226,309.0,323.33,60,30.0,-152.0,0.5
07:42:53,309.57,28.0,327.69,29.0,306.6,60.0,376.03,38.0,318.63,18.120000000000005,88.0,67.0,1.6297913976869811,309.57,327.69,155,21.0,95.0,0.14
07:42:54,310.0,28.0,326.43,28.0,309.0,21.0,328.0,28.0,318.21,16.430000000000007,49.0,56.0,1.10635437359578,310.0,326.43,105,-7.0,-50.0,-0.07
07:42:55,310.0,48.0,325.17,48.0,309.0,36.0,326.67,48.0,317.58,15.170000000000016,84.0,96.0,0.9575071801164545,310.0,325.17,180,-12.0,75.0,-0.07
07:42:56,310.0,20.0,323.0,25.0,309.0,15.0,324.2,20.0,316.5,13.0,35.0,45.0,1.063329676052814,310.0,323.0,80,-10.0,-100.0,-0.12
07:42:57,310.19,54.0,318.6,48.0,309.2,41.0,319.65,48.0,314.39,8.410000000000025,95.0,96.0,1.6956031375220657,310.19,318.6,191,-1.0,111.0,-0.01
07:42:58,311.43,44.0,314.0,48.0,310.0,48.0,315.3,47.0,312.72,2.569999999999993,92.0,95.0,2.286318000623448,311.43,314.0,187,-3.0,-4.0,-0.02
07:42:59,310.22,36.0,312.73,44.0,309.1,40.0,314.82,44.0,311.47,2.509999999999991,76.0,88.0,2.541784805992622,310.22,312.73,164,-12.0,-23.0,-0.07
07:43:00,308.04,23.0,310.57,21.0,306.15,41.0,311.57,21.0,309.31,2.5299999999999727,64.0,42.0,2.7451356979164294,308.04,310.57,106,22.0,-58.0,0.21
07:43:01,306.35,43.0,308.67,27.0,305.74,47.0,310.0,27.0,307.51,2.319999999999993,90.0,54.0,2.7237657755349267,306.35,308.67,144,36.0,38.0,0.25
07:43:02,305.98,90.0,307.5,48.0,304.98,46.0,326.05,40.0,306.74,1.5199999999999818,136.0,88.0,2.5421742662483977,305.98,307.5,224,48.0,80.0,0.21
07:43:03,305.0,26.0,306.15,39.0,304.0,13.0,404.52,33.0,305.58,1.1499999999999773,39.0,72.0,2.311205313245819,305.0,306.15,111,-33.0,-113.0,-0.3
07:43:04,303.31,67.0,344.41,22.0,302.78,32.0,438.69,26.0,323.86,41.10000000000002,99.0,48.0,7.535578942587995,303.31,344.41,147,51.0,36.0,0.35
07:43:05,304.0,49.0,320.1,10.0,303.58,77.0,332.6,10.0,312.05,16.100000000000023,126.0,20.0,7.51792325047121,304.0,320.1,146,106.0,-1.0,0.73
07:43:06,310.0,9.0,318.89,9.0,304.0,81.0,418.43,37.0,314.44,8.889999999999986,90.0,46.0,7.315632576884623,310.0,318.89,136,44.0,-10.0,0.32
07:43:07,310.0,10.0,316.1,10.0,304.0,90.0,478.06,34.0,313.05,6.100000000000023,100.0,44.0,6.572794687191715,310.0,316.1,144,56.0,8.0,0.39
07:43:08,307.92,37.0,315.64,11.0,277.49,35.0,423.91,43.0,311.78,7.71999999999997,72.0,54.0,5.041828041492055,307.92,315.64,126,18.0,-18.0,0.14
07:43:09,304.0,22.0,310.8,20.0,303.0,55.0,415.63,19.0,307.4,6.800000000000011,77.0,39.0,2.6428828956227908,304.0,310.8,116,38.0,-10.0,0.33
07:43:10,306.82,34.0,313.78,9.0,303.76,21.0,370.56,9.0,310.3,6.9599999999999795,55.0,18.0,2.707319707750724,306.82,313.78,73,37.0,-43.0,0.51
07:43:11,307.0,36.0,311.6,15.0,303.33,30.0,356.67,9.0,309.3,4.600000000000023,66.0,24.0,2.187528285525772,307.0,311.6,90,42.0,17.0,0.47
07:43:12,307.0,23.0,310.75,24.0,303.0,40.0,312.0,8.0,308.88,3.75,63.0,32.0,1.633070727180908,307.0,310.75,95,31.0,5.0,0.33
07:43:13,303.97,33.0,308.54,39.0,302.45,55.0,371.85,33.0,306.25,4.569999999999993,88.0,72.0,1.6023045902621071,303.97,308.54,160,16.0,65.0,0.1
07:43:14,303.05,37.0,390.38,40.0,301.38,26.0,416.96,28.0,346.71,87.32999999999998,63.0,68.0,17.072099167939967,303.05,390.38,131,-5.0,-29.0,-0.04
07:43:15,304.0,8.0,390.0,20.0,303.0,20.0,465.5,20.0,347.0,86.0,28.0,40.0,21.235695656134716,304.0,390.0,68,-12.0,-63.0,-0.18
07:43:16,304.0,12.0,318.0,6.0,303.0,30.0,390.0,30.0,311.0,14.0,42.0,36.0,20.96077217089053,304.0,318.0,78,6.0,10.0,0.08
07:43:17,305.82,44.0,370.06,18.0,303.7,23.0,389.81,42.0,337.94,64.24000000000001,67.0,60.0,19.72364190508389,305.82,370.06,127,7.0,49.0,0.06
07:43:18,306.0,16.0,383.11,36.0,305.0,8.0,410.54,26.0,344.56,77.11000000000001,24.0,62.0,15.226165636823517,306.0,383.11,86,-38.0,-41.0,-0.44
07:43:19,306.0,14.0,372.63,27.0,305.0,7.0,381.19,31.0,339.31,66.63,21.0,58.0,14.439408575145473,306.0,372.63,79,-37.0,-7.0,-0.47
07:43:20,306.0,16.0,377.44,34.0,305.0,8.0,379.5,30.0,341.72,71.44,24.0,64.0,13.598966137173225,306.0,377.44,88,-40.0,9.0,-0.45
07:43:21,304.37,19.0,368.52,40.0,303.1,20.0,376.0,56.0,336.45,64.14999999999998,39.0,96.0,3.2044547118015165,304.37,368.52,135,-57.0,47.0,-0.42
07:43:23,259.25,8.0,368.81,27.0,182.26,19.0,369.9,29.0,314.03,109.56,27.0,56.0,26.507772445076878,259.25,368.81,83,-29.0,-89.0,-0.35
07:43:24,261.24,25.0,315.78,49.0,260.62,32.0,358.93,30.0,288.51,54.539999999999964,57.0,79.0,27.958111524206558,261.24,315.78,136,-22.0,53.0,-0.16
07:43:35,302.19,74.0,309.2,30.0,296.54,79.0,345.06,16.0,305.69,7.009999999999991,153.0,46.0,4.4208743479050705,302.19,309.2,199,107.0,20.0,0.54
07:43:36,302.6,40.0,348.33,12.0,262.0,40.0,423.5,14.0,325.47,45.72999999999996,80.0,26.0,11.658740069148497,302.6,348.33,106,54.0,-93.0,0.51
07:43:37,306.1,20.0,375.5,8.0,303.91,44.0,449.0,16.0,340.8,69.39999999999998,64.0,24.0,18.038247697600056,306.1,375.5,88,40.0,-18.0,0.45
07:43:38,307.0,10.0,460.17,12.0,304.0,30.0,511.33,9.0,383.58,153.17000000000002,40.0,21.0,33.35058095445989,307.0,460.17,61,19.0,-27.0,0.31
07:43:39,307.38,16.0,464.71,14.0,304.35,34.0,466.0,21.0,386.04,157.32999999999998,50.0,35.0,35.574062601845085,307.38,464.71,85,15.0,24.0,0.18
07:43:40,306.13,46.0,394.89,19.0,304.6,30.0,444.64,25.0,350.51,88.75999999999999,76.0,44.0,26.683923062398428,306.13,394.89,120,32.0,35.0,0.27
07:43:41,307.38,53.0,316.94,32.0,306.52,71.0,361.45,22.0,312.16,9.560000000000002,124.0,54.0,30.970284467534313,307.38,316.94,178,70.0,58.0,0.39
07:43:42,307.89,36.0,316.88,16.0,303.0,18.0,400.55,11.0,312.38,8.990000000000009,54.0,27.0,36.29120527069876,307.89,316.88,81,27.0,-97.0,0.33
07:43:43,308.45,44.0,315.37,46.0,306.81,42.0,332.0,28.0,311.91,6.920000000000016,86.0,74.0,33.208883600626876,308.45,315.37,160,12.0,79.0,0.07
07:43:44,309.0,40.0,313.6,20.0,307.0,40.0,315.0,50.0,311.3,4.600000000000023,80.0,70.0,17.25487380423207,309.0,313.6,150,10.0,-10.0,0.07
07:43:45,309.0,32.0,312.29,28.0,306.67,24.0,314.43,28.0,310.64,3.2900000000000205,56.0,56.0,0.7069794904872719,309.0,312.29,112,0.0,-38.0,0.0
07:43:46,307.9,49.0,310.58,31.0,305.22,36.0,364.76,58.0,309.24,2.680000000000007,85.0,89.0,1.2253081245014632,307.9,310.58,174,-4.0,62.0,-0.02
07:43:47,293.56,25.0,308.2,30.0,297.48,27.0,336.32,28.0,300.88,14.639999999999986,52.0,58.0,4.533969563193815,293.56,308.2,110,-6.0,-64.0,-0.05
07:43:51,303.0,90.0,308.0,22.0,237.18,22.0,462.49,37.0,305.5,5.0,112.0,59.0,26.833676229692205,303.0,308.0,171,53.0,57.0,0.31
07:43:52,303.48,58.0,370.73,33.0,289.44,54.0,469.23,26.0,337.11,67.25,112.0,59.0,37.70176056897015,303.48,370.73,171,53.0,0.0,0.31
07:43:53,304.47,19.0,349.29,28.0,297.7,46.0,392.79,29.0,326.88,44.81999999999999,65.0,57.0,32.939224338164976,304.47,349.29,122,8.0,-49.0,0.07
07:43:54,303.17,54.0,322.53,38.0,257.58,108.0,342.86,35.0,312.85,19.359999999999957,162.0,73.0,24.082466028211567,303.17,322.53,235,89.0,113.0,0.38
07:43:55,303.95,22.0,318.27,22.0,276.52,69.0,319.24,25.0,311.11,14.319999999999993,91.0,47.0,12.9606191981698,303.95,318.27,138,44.0,-97.0,0.32
07:43:56,303.0,80.0,314.61,33.0,200.11,88.0,315.72,36.0,308.8,11.610000000000014,168.0,69.0,12.181631664106737,303.0,314.61,237,99.0,99.0,0.42
07:43:57,303.0,60.0,310.33,24.0,95.41,80.0,311.33,24.0,306.67,7.329999999999984,140.0,48.0,7.962642149435403,303.0,310.33,188,92.0,-49.0,0.49
07:43:58,304.07,54.0,307.36,28.0,275.51,74.0,308.64,28.0,305.72,3.2900000000000205,128.0,56.0,2.978984726372978,304.07,307.36,184,72.0,-4.0,0.39
07:44:21,312.0,5.0,429.59,22.0,307.0,50.0,546.39,23.0,370.8,117.58999999999997,55.0,45.0,44.99721713617358,312.0,429.59,100,10.0,-163.0,0.1
07:44:22,312.0,8.0,337.62,40.0,309.68,94.0,378.86,35.0,324.81,25.620000000000005,102.0,75.0,43.753840402871546,312.0,337.62,177,27.0,77.0,0.15
07:44:23,310.65,71.0,352.28,29.0,309.02,160.0,463.63,60.0,331.46,41.629999999999995,231.0,89.0,41.75304240411658,310.65,352.28,320,142.0,143.0,0.44
07:44:24,312.0,88.0,379.0,11.0,310.0,132.0,471.37,38.0,345.5,67.0,220.0,49.0,17.634432794960013,312.0,379.0,269,171.0,-51.0,0.64
07:44:25,312.0,58.0,377.5,8.0,310.0,96.0,494.56,36.0,344.75,65.5,154.0,44.0,17.643155330041203,312.0,377.5,198,110.0,-71.0,0.56
07:44:26,312.0,42.0,363.74,19.0,310.0,72.0,515.11,18.0,337.87,51.74000000000001,114.0,37.0,8.835760861406351,312.0,363.74,151,77.0,-47.0,0.51
07:44:27,312.0,70.0,431.6,50.0,310.0,120.0,456.43,49.0,371.8,119.60000000000002,190.0,99.0,15.36701109519876,312.0,431.6,289,91.0,138.0,0.31
07:44:28,312.0,70.0,394.6,50.0,310.0,120.0,406.57,49.0,353.3,82.60000000000002,190.0,99.0,13.02886909904164,312.0,394.6,289,91.0,0.0,0.31
07:44:29,312.0,28.0,394.0,35.0,310.0,84.0,485.21,19.0,353.0,82.0,112.0,54.0,12.716580908403103,312.0,394.0,166,58.0,-123.0,0.35
07:44:30,312.0,40.0,392.34,41.0,310.0,120.0,395.15,46.0,352.17,80.33999999999997,160.0,87.0,12.053670395359351,312.0,392.34,247,73.0,81.0,0.3
07:44:31,312.0,44.0,389.09,46.0,310.0,132.0,391.51,53.0,350.54,77.08999999999997,176.0,99.0,8.807373047621093,312.0,389.09,275,77.0,28.0,0.28
07:44:32,312.0,64.0,384.55,65.0,310.0,192.0,386.45,73.0,348.28,72.55000000000001,256.0,138.0,2.0748542117368096,312.0,384.55,394,118.0,119.0,0.3
07:44:33,310.5,64.0,383.61,33.0,308.44,100.0,384.64,39.0,347.05,73.11000000000001,164.0,72.0,2.522155823885953,310.5,383.61,236,92.0,-158.0,0.39
07:44:34,310.0,156.0,370.51,57.0,307.0,169.0,381.55,58.0,340.25,60.50999999999999,325.0,115.0,4.5907265220182545,310.0,370.51,440,210.0,172.0,0.48
07:44:35,310.0,108.0,354.34,41.0,307.0,169.0,375.22,51.0,332.17,44.339999999999975,277.0,92.0,7.480292106593289,310.0,354.34,369,185.0,-71.0,0.5
07:44:36,310.0,136.0,320.79,76.0,307.31,77.0,322.12,64.0,315.39,10.79000000000002,213.0,140.0,13.494744162078876,310.0,320.79,353,73.0,-16.0,0.21
07:44:37,310.0,109.0,316.86,58.0,309.0,14.0,318.22,65.0,313.43,6.860000000000014,123.0,123.0,14.898876467705932,310.0,316.86,246,0.0,-107.0,0.0
07:44:38,310.0,61.0,312.97,59.0,309.0,13.0,313.96,54.0,311.48,2.9700000000000273,74.0,113.0,12.87263687050795,310.0,312.97,187,-39.0,-59.0,-0.21
07:44:39,308.46,26.0,311.71,34.0,306.96,113.0,313.64,44.0,310.08,3.25,139.0,78.0,8.980843501584927,308.46,311.71,217,61.0,30.0,0.28
07:44:40,309.31,26.0,311.2,40.0,307.31,78.0,318.26,23.0,310.25,1.8899999999999864,104.0,63.0,2.262571545821109,309.31,311.2,167,41.0,-50.0,0.25
07:44:41,307.6,63.0,310.18,44.0,306.64,121.0,362.44,18.0,308.89,2.579999999999984,184.0,62.0,1.7208224777585517,307.6,310.18,246,122.0,79.0,0.5
07:44:42,307.0,50.0,309.67,36.0,306.0,99.0,341.5,24.0,308.33,2.670000000000016,149.0,60.0,1.2341110160592812,307.0,309.67,209,89.0,-37.0,0.43
07:44:43,307.0,18.0,308.56,36.0,306.0,99.0,309.56,36.0,307.78,1.5600000000000023,117.0,72.0,1.0789485622395312,307.0,308.56,189,45.0,-20.0,0.24
07:44:44,306.3,47.0,308.0,28.0,305.57,56.0,320.3,20.0,307.15,1.6999999999999886,103.0,48.0,1.1813551540322855,306.3,308.0,151,55.0,-38.0,0.36
07:44:45,306.0,99.0,307.44,36.0,304.0,36.0,336.09,11.0,306.72,1.4399999999999977,135.0,47.0,0.873916471957414,306.0,307.44,182,88.0,31.0,0.48
07:44:46,306.12,40.0,336.0,20.0,305.27,55.0,414.75,16.0,321.06,29.879999999999995,95.0,36.0,6.097242819501182,306.12,336.0,131,59.0,-51.0,0.45
07:44:47,308.24,33.0,403.6,20.0,306.17,47.0,457.25,16.0,355.92,95.36000000000001,80.0,36.0,21.10570965402396,308.24,403.6,116,44.0,-15.0,0.38
07:44:48,310.0,11.0,436.0,18.0,309.0,18.0,538.69,26.0,373.0,126.0,29.0,44.0,30.110157754484817,310.0,436.0,73,-15.0,-43.0,-0.21
07:44:49,310.0,6.0,346.0,30.0,309.0,12.0,422.86,14.0,328.0,36.0,18.0,44.0,26.953248412760246,310.0,346.0,62,-26.0,-11.0,-0.42
07:44:50,306.89,18.0,346.0,30.0,304.95,42.0,390.0,24.0,326.44,39.110000000000014,60.0,54.0,22.50075732058732,306.89,346.0,114,6.0,52.0,0.05
07:44:51,306.0,54.0,403.29,31.0,304.0,153.0,521.57,35.0,354.65,97.29000000000002,207.0,66.0,19.974924780833735,306.0,403.29,273,141.0,159.0,0.52
07:44:52,306.0,56.0,412.03,37.0,304.0,238.0,481.57,35.0,359.01,106.02999999999997,294.0,72.0,20.3410557739751,306.0,412.03,366,222.0,93.0,0.61
07:44:53,306.0,12.0,351.0,18.0,304.0,102.0,409.0,12.0,328.5,45.0,114.0,30.0,16.076490599629086,306.0,351.0,144,84.0,-172.0,0.58
07:44:54,306.0,10.0,348.8,30.0,304.0,170.0,425.4,20.0,327.4,42.80000000000001,180.0,50.0,16.183990546214563,306.0,348.8,230,130.0,86.0,0.57
07:44:55,306.0,54.0,347.0,26.0,304.0,170.0,351.78,18.0,326.5,41.0,224.0,44.0,16.172181980177022,306.0,347.0,268,180.0,38.0,0.67
07:44:56,305.24,42.0,345.08,39.0,303.93,220.0,347.0,13.0,325.16,39.839999999999975,262.0,52.0,14.416593911183044,305.24,345.08,314,210.0,46.0,0.67
07:44:57,304.48,83.0,343.0,45.0,303.66,226.0,347.0,15.0,323.74,38.51999999999998,309.0,60.0,1.8664940396255072,304.48,343.0,369,249.0,55.0,0.67
07:44:58,304.8,80.0,341.1,30.0,303.36,135.0,347.0,10.0,322.95,36.30000000000001,215.0,40.0,1.8515669039916374,304.8,341.1,255,175.0,-114.0,0.69
07:44:59,312.0,22.0,339.82,33.0,304.0,132.0,347.0,11.0,325.91,27.819999999999993,154.0,44.0,1.4819143025010288,312.0,339.82,198,110.0,-57.0,0.56
07:45:00,312.0,22.0,331.72,29.0,304.0,132.0,337.62,21.0,321.86,19.720000000000027,154.0,50.0,1.6366520705259548,312.0,331.72,204,104.0,6.0,0.51
07:45:01,312.0,22.0,322.27,33.0,304.19,104.0,325.78,23.0,317.14,10.269999999999982,126.0,56.0,3.2536671618278072,312.0,322.27,182,70.0,-22.0,0.38
07:45:02,312.0,30.0,317.04,47.0,305.33,144.0,318.13,47.0,314.52,5.0400000000000205,174.0,94.0,4.587137451609269,312.0,317.04,268,80.0,86.0,0.3
07:45:03,311.08,26.0,313.8,30.0,308.85,78.0,314.87,46.0,312.44,2.7200000000000273,104.0,76.0,5.4893515099651085,311.08,313.8,180,28.0,-88.0,0.16
07:45:04,309.0,56.0,311.77,13.0,307.0,42.0,313.06,17.0,310.38,2.769999999999982,98.0,30.0,4.455571792705831,309.0,311.77,128,68.0,-52.0,0.53
07:45:05,309.0,52.0,310.5,22.0,307.0,48.0,312.0,14.0,309.75,1.5,100.0,36.0,3.0443357239232935,309.0,310.5,136,64.0,8.0,0.47
07:45:06,307.33,48.0,309.93,28.0,306.6,40.0,311.0,20.0,308.63,2.6000000000000227,88.0,48.0,2.34115996889477,307.33,309.93,136,40.0,0.0,0.29
07:45:07,307.0,30.0,308.87,31.0,306.0,26.0,394.36,33.0,307.94,1.8700000000000045,56.0,64.0,1.7416285482143627,307.0,308.87,120,-8.0,-16.0,-0.07
07:45:10,310.0,70.0,433.42,48.0,303.02,164.0,454.14,44.0,371.71,123.42000000000002,234.0,92.0,68.2809001844583,310.0,433.42,326,142.0,-76.0,0.44
07:45:11,310.0,91.0,412.97,59.0,305.15,26.0,414.07,59.0,361.48,102.97000000000003,117.0,118.0,58.754761764472825,310.0,412.97,235,-1.0,-91.0,-0.0
07:45:12,310.0,112.0,409.19,80.0,309.0,32.0,411.25,80.0,359.59,99.19,144.0,160.0,44.34247207813249,310.0,409.19,304,-16.0,69.0,-0.05
07:45:13,310.0,56.0,407.0,40.0,309.0,16.0,409.0,40.0,358.5,97.0,72.0,80.0,37.301099581647165,310.0,407.0,152,-8.0,-152.0,-0.05
07:45:14,310.0,147.0,346.84,90.0,309.0,42.0,383.82,96.0,328.42,36.839999999999975,189.0,186.0,16.252776685845276,310.0,346.84,375,3.0,172.0,0.01
07:45:15,309.93,60.0,311.87,54.0,308.17,24.0,329.08,60.0,310.9,1.9399999999999977,84.0,114.0,22.896225016363616,309.93,311.87,198,-30.0,-172.0,-0.15
07:45:16,304.54,56.0,310.1,50.0,283.66,44.0,361.8,10.0,307.32,5.560000000000002,100.0,60.0,25.13022244230946,304.54,310.1,160,40.0,-38.0,0.25
07:45:17,303.15,164.0,309.11,44.0,189.3,135.0,344.65,20.0,306.13,5.960000000000036,299.0,64.0,22.15690140791247,303.15,309.11,363,235.0,172.0,0.65
07:45:18,303.04,146.0,308.56,27.0,266.61,98.0,364.86,21.0,305.8,5.519999999999982,244.0,48.0,9.555322077248496,303.04,308.56,292,196.0,-71.0,0.67
07:45:19,303.02,163.0,305.94,16.0,258.63,63.0,310.96,25.0,304.48,2.920000000000016,226.0,41.0,2.440917860140223,303.02,305.94,267,185.0,-25.0,0.69
07:45:20,303.6,135.0,456.2,15.0,296.45,55.0,412.52,21.0,379.9,152.59999999999997,190.0,36.0,33.09472888542758,303.6,456.2,226,154.0,-41.0,0.68
07:45:21,311.4,45.0,513.65,20.0,305.0,54.0,587.57,14.0,412.52,202.25,99.0,34.0,51.02463601046027,311.4,513.65,133,65.0,-93.0,0.49
07:45:22,312.33,54.0,445.77,22.0,306.13,46.0,605.15,20.0,379.05,133.44,100.0,42.0,48.658916962874976,312.33,445.7699999999999,142,58.0,9.0,0.41
07:45:23,307.0,18.0,427.0,6.0,303.0,30.0,630.3,10.0,367.0,120.0,48.0,16.0,39.6225718498934,307.0,427.0,64,32.0,-78.0,0.5
07:45:24,304.57,46.0,362.24,17.0,297.91,44.0,453.13,31.0,333.4,57.670000000000016,90.0,48.0,28.46385216375266,304.57,362.24,138,42.0,74.0,0.3
07:45:25,304.36,22.0,446.58,12.0,299.0,32.0,512.04,26.0,375.47,142.21999999999997,54.0,38.0,28.31741107516658,304.36,446.58,92,16.0,-46.0,0.17
07:45:26,306.71,14.0,511.56,34.0,304.5,32.0,610.16,32.0,409.14,204.85000000000002,46.0,66.0,27.169773094377643,306.71,511.56,112,-20.0,20.0,-0.18
07:45:27,305.0,18.0,468.17,18.0,303.0,24.0,661.15,20.0,386.58,163.17000000000002,42.0,38.0,27.80328793506206,305.0,468.16999999999996,80,4.0,-32.0,0.05
07:45:28,305.0,18.0,414.17,18.0,303.0,24.0,585.48,23.0,359.58,109.17000000000002,42.0,41.0,28.48128999887413,305.0,414.17,83,1.0,3.0,0.01
07:45:29,305.0,27.0,315.0,43.0,303.0,36.0,530.73,33.0,310.0,10.0,63.0,76.0,37.17625155929476,305.0,315.0,139,-13.0,56.0,-0.09
07:45:30,311.11,55.0,315.0,38.0,305.44,36.0,542.88,51.0,313.05,3.8899999999999864,91.0,89.0,43.96581171774228,311.11,315.0,180,2.0,41.0,0.01
07:45:31,313.0,99.0,363.93,29.0,308.0,22.0,493.28,36.0,338.47,50.93000000000001,121.0,65.0,32.28745778162108,313.0,363.92999999999995,186,56.0,6.0,0.3
07:45:32,311.33,54.0,330.4,15.0,306.83,46.0,423.91,47.0,320.87,19.069999999999993,100.0,62.0,20.642677394174473,311.33,330.4,162,38.0,-24.0,0.23
07:45:33,306.5,12.0,328.0,4.0,304.38,16.0,443.0,12.0,317.25,21.5,28.0,16.0,11.155008740469965,306.5,328.0,44,12.0,-118.0,0.27
07:45:34,305.0,30.0,327.5,10.0,304.0,50.0,443.0,30.0,316.25,22.5,80.0,40.0,10.060900556111335,305.0,327.5,120,40.0,76.0,0.33
07:45:35,290.11,46.0,324.64,14.0,220.36,74.0,436.04,24.0,307.38,34.52999999999997,120.0,38.0,11.432164274535307,290.11,324.64,158,82.0,38.0,0.52
07:45:36,287.38,13.0,320.56,25.0,224.67,49.0,322.8,25.0,303.97,33.18000000000001,62.0,50.0,7.134134845933378,287.38,320.56,112,12.0,-46.0,0.11
07:45:37,304.3,27.0,318.59,27.0,269.71,49.0,319.56,18.0,311.44,14.289999999999964,76.0,45.0,5.679152225461193,304.3,318.5899999999999,121,31.0,9.0,0.26
07:45:38,306.36,22.0,316.79,29.0,304.0,77.0,317.23,26.0,311.58,10.430000000000007,99.0,55.0,4.6578138648899206,306.36,316.79,154,44.0,33.0,0.29
07:45:39,307.87,30.0,314.08,37.0,304.0,105.0,316.43,42.0,310.97,6.2099999999999795,135.0,79.0,3.331406609821251,307.87,314.08,214,56.0,60.0,0.26
07:45:40,308.67,24.0,311.88,42.0,304.0,84.0,313.0,46.0,310.27,3.2099999999999795,108.0,88.0,3.2139586182713544,308.67,311.88,196,20.0,-18.0,0.1
07:45:41,304.95,80.0,308.83,18.0,301.77,101.0,311.15,39.0,306.89,3.8799999999999955,181.0,57.0,1.9359364658895237,304.95,308.83,238,124.0,42.0,0.52
07:45:42,304.67,75.0,381.48,33.0,303.04,47.0,419.85,26.0,343.08,76.81,122.0,59.0,14.936799188579881,304.67,381.48,181,63.0,-57.0,0.35
07:45:43,310.0,54.0,463.0,32.0,308.57,35.0,526.7,30.0,386.5,153.0,89.0,62.0,34.047516355821905,310.0,463.0,151,27.0,-30.0,0.18
07:45:44,310.0,33.0,439.27,22.0,309.0,24.0,498.33,24.0,374.64,129.26999999999998,57.0,46.0,36.26427346576736,310.0,439.2699999999999,103,11.0,-48.0,0.11
07:45:45,310.0,33.0,346.27,41.0,309.0,44.0,390.03,35.0,328.13,36.26999999999998,77.0,76.0,32.79054543614603,310.0,346.27,153,1.0,50.0,0.01
07:45:46,309.0,313.0,345.86,42.0,304.0,33.0,490.68,34.0,327.43,36.860000000000014,346.0,76.0,27.18381007143694,309.0,345.86,422,270.0,172.0,0.64
07:45:47,309.0,298.0,345.5,32.0,304.0,24.0,555.91,22.0,327.25,36.5,322.0,54.0,29.314345464293705,309.0,345.5,376,268.0,-46.0,0.71
07:45:49,309.0,295.0,445.0,18.0,306.0,27.0,446.0,36.0,377.0,136.0,322.0,54.0,64.54402706680112,309.0,445.0,376,268.0,-144.0,0.71
07:45:50,309.1,305.0,443.92,26.0,308.49,159.0,519.08,52.0,376.51,134.82,464.0,78.0,60.73953959324975,309.1,443.92,542,386.0,166.0,0.71
07:45:51,309.0,264.0,442.0,16.0,306.0,24.0,520.75,32.0,375.5,133.0,288.0,48.0,54.43655508938781,309.0,442.0,336,240.0,-172.0,0.71
07:45:52,309.0,319.0,441.18,22.0,306.0,33.0,533.0,44.0,375.09,132.18,352.0,66.0,44.770366650273864,309.0,441.18000000000006,418,286.0,82.0,0.68
07:45:53,309.0,174.0,368.62,16.0,306.0,18.0,473.0,20.0,338.81,59.620000000000005,192.0,36.0,16.660587324580014,309.0,368.62,228,156.0,-172.0,0.68
07:45:54,309.0,348.0,325.0,24.0,306.06,32.0,326.0,48.0,317.0,16.0,380.0,72.0,27.295332384859467,309.0,325.0,452,308.0,172.0,0.68
07:45:55,309.0,290.0,325.0,20.0,307.0,10.0,459.2,40.0,317.0,16.0,300.0,60.0,29.331988510838464,309.0,325.0,360,240.0,-92.0,0.67
07:45:56,309.0,406.0,321.95,38.0,307.0,14.0,357.73,51.0,315.47,12.949999999999989,420.0,89.0,25.612954339551727,309.0,321.95,509,331.0,149.0,0.65
07:45:57,309.0,433.0,316.73,49.0,307.0,17.0,317.63,43.0,312.87,7.730000000000018,450.0,92.0,10.522706400920107,309.0,316.73,542,358.0,33.0,0.66
07:45:58,309.33,108.0,311.53,30.0,308.98,291.0,312.53,30.0,310.43,2.1999999999999886,399.0,60.0,2.85692667038656,309.33,311.53,459,339.0,-83.0,0.74
07:45:59,309.0,212.0,310.33,18.0,307.0,9.0,313.33,24.0,309.67,1.329999999999984,221.0,42.0,3.1532871737230526,309.0,310.33,263,179.0,-172.0,0.68
07:46:00,309.0,172.0,315.38,39.0,307.0,9.0,392.61,23.0,312.19,6.3799999999999955,181.0,62.0,2.2720211266549732,309.0,315.38,243,119.0,-20.0,0.49
07:46:01,310.0,144.0,315.0,70.0,308.91,134.0,438.23,35.0,312.5,5.0,278.0,105.0,1.400149991953223,310.0,315.0,383,173.0,140.0,0.45
07:46:02,309.84,89.0,360.0,28.0,308.7,94.0,550.11,19.0,334.92,50.160000000000025,183.0,47.0,10.674847539893307,309.84,360.0,230,136.0,-153.0,0.59
07:46:03,308.19,89.0,367.34,29.0,306.77,39.0,400.17,24.0,337.77,59.14999999999998,128.0,53.0,13.714898833019715,308.19,367.34,181,75.0,-49.0,0.41
07:46:04,308.5,28.0,408.8,10.0,307.89,55.0,665.96,25.0,358.65,100.30000000000001,83.0,35.0,19.503690163657872,308.5,408.8,118,48.0,-63.0,0.41
07:46:05,310.52,46.0,391.0,20.0,308.46,26.0,517.8,30.0,350.76,80.48000000000002,72.0,50.0,17.64084323381295,310.52,391.0,122,22.0,4.0,0.18
07:46:06,311.55,77.0,403.0,40.0,310.4,40.0,464.67,24.0,357.27,91.44999999999999,117.0,64.0,10.984454014650142,311.55,403.0,181,53.0,59.0,0.29
07:46:07,312.0,150.0,403.0,52.0,309.0,26.0,420.36,25.0,357.5,91.0,176.0,77.0,8.739499413579912,312.0,403.0,253,99.0,72.0,0.39
07:46:08,312.0,77.0,395.86,14.0,309.0,22.0,408.02,41.0,353.93,83.86000000000001,99.0,55.0,3.2370310471114783,312.0,395.86,154,44.0,-99.0,0.29
07:46:09,312.0,37.0,393.0,7.0,309.0,14.0,535.43,28.0,352.5,81.0,51.0,35.0,2.954956852470698,312.0,393.0,86,16.0,-68.0,0.19
07:46:10,312.0,27.0,384.48,23.0,309.0,18.0,566.33,18.0,348.24,72.48000000000002,45.0,41.0,3.818136980251428,312.0,384.48,86,4.0,0.0,0.05
07:46:11,312.0,30.0,391.1,20.0,309.0,20.0,565.55,22.0,351.55,79.10000000000002,50.0,42.0,3.383685860118141,312.0,391.1,92,8.0,6.0,0.09
07:46:12,310.29,21.0,390.0,18.0,307.29,42.0,467.6,30.0,350.14,79.70999999999998,63.0,48.0,2.1865886672996617,310.29,390.0,111,15.0,19.0,0.14
07:46:13,308.11,18.0,365.0,8.0,306.83,36.0,401.75,16.0,336.56,56.889999999999986,54.0,24.0,6.483812150267981,308.11,365.0,78,30.0,-33.0,0.38
07:46:14,307.4,25.0,355.27,22.0,306.4,35.0,387.86,14.0,331.34,47.870000000000005,60.0,36.0,9.046644681867551,307.4,355.27,96,24.0,18.0,0.25
07:46:15,304.67,15.0,354.43,14.0,303.91,22.0,553.0,7.0,329.55,49.75999999999999,37.0,21.0,10.393578305856082,304.67,354.43,58,16.0,-38.0,0.28
07:46:16,304.0,50.0,352.5,24.0,303.0,10.0,353.31,26.0,328.25,48.5,60.0,50.0,8.946684860883495,304.0,352.5,110,10.0,52.0,0.09
07:46:17,304.0,40.0,352.0,16.0,303.0,8.0,353.0,24.0,328.0,48.0,48.0,40.0,3.512698392968307,304.0,352.0,88,8.0,-22.0,0.09
07:46:18,305.86,142.0,340.29,35.0,303.96,57.0,350.87,30.0,323.07,34.43000000000001,199.0,65.0,3.078826074977648,305.86,340.29,264,134.0,172.0,0.51
07:46:19,306.0,132.0,340.08,24.0,304.0,55.0,345.78,23.0,323.04,34.079999999999984,187.0,47.0,3.0936176234244535,306.0,340.08,234,140.0,-30.0,0.6
07:46:20,307.0,24.0,319.11,35.0,306.0,144.0,326.57,35.0,313.06,12.110000000000014,168.0,70.0,6.150961713420305,307.0,319.11,238,98.0,4.0,0.41
07:46:21,306.15,52.0,317.09,23.0,305.41,68.0,318.18,17.0,311.62,10.939999999999998,120.0,40.0,7.084519743776751,306.15,317.09,160,80.0,-78.0,0.5
07:46:22,306.0,96.0,313.89,36.0,304.0,70.0,314.76,34.0,309.94,7.889999999999986,166.0,70.0,6.4029586911023335,306.0,313.89,236,96.0,76.0,0.41
07:46:23,306.0,40.0,307.5,16.0,304.0,24.0,311.25,24.0,306.75,1.5,64.0,40.0,6.145447095204957,306.0,307.5,104,24.0,-132.0,0.23
07:46:24,305.14,21.0,306.95,42.0,303.18,22.0,313.27,30.0,306.05,1.8100000000000023,43.0,72.0,3.0341934677872477,305.14,306.95,115,-29.0,11.0,-0.25
07:46:25,305.0,7.0,306.0,9.0,304.0,7.0,307.0,14.0,305.5,1.0,14.0,23.0,2.6682897143981057,305.0,306.0,37,-9.0,-78.0,-0.24
07:46:26,304.12,8.0,305.88,8.0,303.12,8.0,394.78,18.0,305.0,1.759999999999991,16.0,26.0,1.9518632124107989,304.12,305.88,42,-10.0,5.0,-0.24
07:46:28,303.0,12.0,481.33,24.0,300.0,12.0,555.09,33.0,392.17,178.32999999999998,24.0,57.0,38.919917137629746,303.0,481.33,81,-33.0,48.0,-0.41
07:46:29,300.27,11.0,486.86,37.0,273.87,31.0,506.11,37.0,393.57,186.59000000000003,42.0,74.0,48.21029381781413,300.27,486.86,116,-32.0,35.0,-0.28
07:46:30,289.88,8.0,430.1,10.0,272.88,16.0,465.12,16.0,359.99,140.22000000000003,24.0,26.0,44.45636366145986,289.88,430.1,50,-2.0,-66.0,-0.04
07:46:42,267.62,26.0,335.0,31.0,263.0,24.0,388.53,30.0,301.31,67.38,50.0,61.0,11.244157594055839,267.62,335.0,111,-11.0,-15.0,-0.1
07:46:45,311.0,156.0,441.92,61.0,308.0,100.0,445.33,18.0,376.46,130.92000000000002,256.0,79.0,69.97611399613419,311.0,441.92,335,177.0,107.0,0.53
07:46:46,311.0,79.0,401.0,46.0,308.0,160.0,429.21,38.0,356.0,90.0,239.0,84.0,51.87841102038467,311.0,401.0,323,155.0,-12.0,0.48
07:46:47,311.0,49.0,325.71,28.0,308.0,14.0,390.29,28.0,318.36,14.70999999999998,63.0,56.0,45.897774237973344,311.0,325.71,119,7.0,-172.0,0.06
07:46:48,311.0,63.0,325.0,36.0,308.0,18.0,397.19,32.0,318.0,14.0,81.0,68.0,45.06865340788392,311.0,325.0,149,13.0,30.0,0.09
07:46:49,311.0,51.0,418.73,40.0,308.0,30.0,573.75,48.0,364.86,107.73000000000002,81.0,88.0,27.05906650274481,311.0,418.73,169,-7.0,20.0,-0.04
07:46:51,308.0,13.0,378.59,17.0,306.0,21.0,474.73,11.0,343.29,70.58999999999997,34.0,28.0,44.295428432288205,308.0,378.59,62,6.0,-42.0,0.1
07:46:52,311.0,24.0,377.11,27.0,306.08,25.0,439.89,9.0,344.06,66.11000000000001,49.0,36.0,40.46373784019422,311.0,377.11000000000007,85,13.0,23.0,0.15
07:46:53,312.0,42.0,377.0,21.0,306.0,21.0,610.09,11.0,344.5,65.0,63.0,32.0,35.125469107187236,312.0,377.0,95,31.0,10.0,0.33
07:46:54,312.0,24.0,376.0,12.0,306.0,12.0,633.0,20.0,344.0,64.0,36.0,32.0,36.27049655022613,312.0,376.0,68,4.0,-27.0,0.06
07:46:55,312.0,60.0,374.72,46.0,308.4,30.0,413.5,34.0,343.36,62.72000000000003,90.0,80.0,0.5105095493411461,312.0,374.7200000000001,170,10.0,102.0,0.06
07:46:56,312.0,48.0,373.0,24.0,309.0,24.0,374.0,40.0,342.5,61.0,72.0,64.0,0.7768397517947578,312.0,373.0,136,8.0,-34.0,0.06
07:46:57,311.69,29.0,372.71,38.0,308.25,36.0,373.78,58.0,342.2,61.01999999999998,65.0,96.0,0.9724813622731359,311.69,372.71,161,-31.0,25.0,-0.19
07:46:58,302.07,55.0,370.43,21.0,298.36,33.0,372.0,35.0,336.25,68.36000000000001,88.0,56.0,3.1076872429459437,302.07,370.43,144,32.0,-17.0,0.22
07:46:59,305.86,14.0,370.0,42.0,302.31,78.0,372.0,70.0,337.93,64.13999999999999,92.0,112.0,3.151328291366866,305.86,370.0,204,-20.0,60.0,-0.1
07:47:00,303.1,39.0,328.84,25.0,301.7,67.0,367.74,39.0,315.97,25.739999999999952,106.0,64.0,10.958715709423737,303.1,328.84,170,42.0,-34.0,0.25
07:47:01,304.0,23.0,351.21,29.0,302.0,35.0,401.89,19.0,327.6,47.20999999999998,58.0,48.0,10.411385594625324,304.0,351.21,106,10.0,-64.0,0.09
07:47:02,306.55,65.0,370.77,64.0,292.63,60.0,460.33,24.0,338.66,64.21999999999997,125.0,88.0,9.634914114820752,306.55,370.77,213,37.0,107.0,0.17
07:47:03,310.0,40.0,364.8,10.0,304.44,59.0,366.2,10.0,337.4,54.80000000000001,99.0,20.0,9.795543374411244,310.0,364.8,119,79.0,-94.0,0.66
07:47:04,310.0,40.0,362.2,10.0,308.0,80.0,363.4,10.0,336.1,52.19999999999999,120.0,20.0,9.526278391899545,310.0,362.2,140,100.0,21.0,0.71
07:47:05,310.0,36.0,357.38,29.0,308.0,72.0,359.24,25.0,333.69,47.379999999999995,108.0,54.0,4.36924478599801,310.0,357.38,162,54.0,22.0,0.33
07:47:06,310.0,56.0,347.5,58.0,308.0,112.0,351.55,22.0,328.75,37.5,168.0,80.0,3.908714622477679,310.0,347.5,248,88.0,86.0,0.35
07:47:07,310.0,40.0,335.89,44.0,308.0,80.0,336.7,30.0,322.94,25.889999999999986,120.0,74.0,5.941828843039175,310.0,335.89,194,46.0,-54.0,0.24
07:47:08,310.0,52.0,333.04,25.0,308.0,104.0,334.31,35.0,321.52,23.04000000000002,156.0,60.0,6.409808889504732,310.0,333.04,216,96.0,22.0,0.44
07:47:09,310.0,28.0,332.0,7.0,308.0,56.0,333.0,21.0,321.0,22.0,84.0,28.0,5.482941728668589,310.0,332.0,112,56.0,-104.0,0.5
07:47:10,310.0,48.0,329.67,30.0,308.0,96.0,331.88,34.0,319.83,19.670000000000016,144.0,64.0,3.5043216176567866,310.0,329.67,208,80.0,96.0,0.38
07:47:11,310.47,30.0,327.91,23.0,308.93,60.0,329.09,47.0,319.19,17.439999999999998,90.0,70.0,1.468410705483142,310.47,327.91,160,20.0,-48.0,0.12
07:47:12,308.65,34.0,324.83,18.0,307.39,118.0,325.1,42.0,316.74,16.180000000000007,152.0,60.0,1.8729201798202817,308.65,324.83,212,92.0,52.0,0.43
07:47:13,307.0,205.0,320.9,42.0,306.0,24.0,323.92,26.0,313.95,13.899999999999977,229.0,68.0,2.81310682342117,307.0,320.9,297,161.0,85.0,0.54
07:47:14,307.0,221.0,317.43,47.0,306.0,26.0,318.43,21.0,312.21,10.430000000000007,247.0,68.0,3.2871689947399414,307.0,317.43,315,179.0,18.0,0.57
07:47:15,307.0,153.0,314.52,21.0,306.0,18.0,315.23,39.0,310.76,7.519999999999982,171.0,60.0,3.410403201966094,307.0,314.52,231,111.0,-84.0,0.48
07:47:16,307.0,128.0,311.86,14.0,306.0,16.0,314.88,32.0,309.43,4.860000000000014,144.0,46.0,2.8525024101622973,307.0,311.86,190,98.0,-41.0,0.52
07:47:17,307.0,208.0,309.39,33.0,306.0,26.0,311.84,43.0,308.2,2.3899999999999864,234.0,76.0,2.2632167372972947,307.0,309.39,310,158.0,120.0,0.51
07:47:18,307.0,116.0,320.48,56.0,306.0,26.0,382.47,19.0,313.74,13.480000000000018,142.0,75.0,2.1935747080923966,307.0,320.48,217,67.0,-93.0,0.31
07:47:19,306.95,21.0,325.71,21.0,305.6,10.0,498.75,16.0,316.33,18.75999999999999,31.0,37.0,3.3122756527774437,306.95,325.71,68,-6.0,-149.0,-0.09
07:47:20,310.75,36.0,325.0,36.0,306.96,70.0,491.09,53.0,317.88,14.25,106.0,89.0,4.218071834379011,310.75,325.0,195,17.0,127.0,0.09
07:47:21,312.0,36.0,323.73,33.0,309.14,56.0,390.0,41.0,317.86,11.730000000000018,92.0,74.0,4.058154753084301,312.0,323.73,166,18.0,-29.0,0.11
07:47:22,311.5,32.0,322.0,36.0,309.36,88.0,323.0,24.0,316.75,10.5,120.0,60.0,1.6927994565157114,311.5,322.0,180,60.0,14.0,0.33
07:47:23,309.0,121.0,320.52,29.0,307.0,104.0,321.33,36.0,314.76,11.519999999999982,225.0,65.0,1.2883827071098983,309.0,320.52,290,160.0,110.0,0.55
07:47:24,307.5,32.0,319.14,14.0,306.91,35.0,321.0,21.0,313.32,11.639999999999986,67.0,35.0,2.0131765943354623,307.5,319.14,102,32.0,-172.0,0.31
07:47:25,307.0,96.0,315.67,27.0,306.0,12.0,318.32,41.0,311.33,8.670000000000016,108.0,68.0,2.6171988842999325,307.0,315.67,176,40.0,74.0,0.23
07:47:26,307.0,72.0,313.67,18.0,306.0,9.0,488.78,45.0,310.33,6.670000000000016,81.0,63.0,2.5853568419043316,307.0,313.67,144,18.0,-32.0,0.12
07:47:27,307.0,66.0,324.2,25.0,306.0,11.0,473.1,50.0,315.6,17.19999999999999,77.0,75.0,2.227929532095134,307.0,324.2,152,2.0,8.0,0.01
07:47:28,307.82,68.0,368.42,36.0,306.96,50.0,369.0,35.0,338.12,60.60000000000002,118.0,71.0,11.569967588544882,307.82,368.42,189,47.0,37.0,0.25
07:47:29,308.26,46.0,367.71,21.0,307.14,56.0,368.58,43.0,337.99,59.44999999999999,102.0,64.0,14.179747176870821,308.26,367.71,166,38.0,-23.0,0.23
07:47:30,312.0,7.0,363.53,19.0,310.0,49.0,367.2,15.0,337.76,51.52999999999997,56.0,34.0,13.815326633850262,312.0,363.53,90,22.0,-76.0,0.24
07:47:31,310.12,51.0,362.21,19.0,308.03,64.0,363.04,47.0,336.16,52.089999999999975,115.0,66.0,9.829017244870862,310.12,362.21,181,49.0,91.0,0.27
07:47:32,309.66,29.0,359.76,21.0,307.09,44.0,362.33,33.0,334.71,50.099999999999966,73.0,54.0,1.4788745720873384,309.66,359.76,127,19.0,-54.0,0.15
07:47:33,308.0,10.0,358.46,46.0,307.0,80.0,359.41,34.0,333.23,50.45999999999998,90.0,80.0,2.025820821288768,308.0,358.46,170,10.0,43.0,0.06
07:47:34,308.0,12.0,355.06,32.0,307.0,69.0,356.36,56.0,331.53,47.06,81.0,88.0,2.434269911075583,308.0,355.06,169,-7.0,-1.0,-0.04
07:47:35,308.0,12.0,344.94,32.0,307.0,60.0,346.43,44.0,326.47,36.94,72.0,76.0,3.7444091656720673,308.0,344.94,148,-4.0,-21.0,-0.03
07:47:36,308.0,7.0,315.7,23.0,307.0,38.0,317.67,27.0,311.85,7.699999999999989,45.0,50.0,9.314296538116617,308.0,315.7,95,-5.0,-53.0,-0.05
07:47:37,308.0,12.0,314.75,36.0,307.0,72.0,319.44,16.0,311.38,6.75,84.0,52.0,10.591780775675725,308.0,314.75,136,32.0,41.0,0.24
07:47:38,308.0,11.0,311.64,25.0,307.0,66.0,313.05,21.0,309.82,3.6399999999999864,77.0,46.0,10.039180743465893,308.0,311.64,123,31.0,-13.0,0.25
07:47:39,307.16,62.0,309.91,55.0,306.8,45.0,310.97,29.0,308.54,2.75,107.0,84.0,7.306146042886023,307.16,309.91,191,23.0,68.0,0.12
07:47:40,307.0,29.0,308.08,26.0,306.0,10.0,310.29,14.0,307.54,1.079999999999984,39.0,40.0,1.8296939634762057,307.0,308.08,79,-1.0,-112.0,-0.01
07:47:41,307.0,11.0,308.0,33.0,306.0,11.0,554.81,42.0,307.5,1.0,22.0,75.0,1.6522953731042616,307.0,308.0,97,-53.0,18.0,-0.55
07:47:42,305.91,47.0,530.59,41.0,304.93,27.0,597.37,49.0,418.25,224.68,74.0,90.0,49.1578671221603,305.91,530.59,164,-16.0,67.0,-0.1
07:47:43,310.0,40.0,411.24,33.0,307.0,99.0,510.79,33.0,360.62,101.24000000000001,139.0,66.0,49.10875583844455,310.0,411.24,205,73.0,41.0,0.36
07:47:44,310.0,56.0,390.17,35.0,307.0,154.0,436.86,58.0,350.09,80.17000000000002,210.0,93.0,45.75138413206705,310.0,390.17,303,117.0,98.0,0.39
07:47:45,310.0,20.0,355.73,22.0,307.0,110.0,370.64,22.0,332.86,45.73000000000002,130.0,44.0,41.21963160922177,310.0,355.73,174,86.0,-129.0,0.49
07:47:46,307.94,32.0,347.25,8.0,306.93,59.0,351.08,13.0,327.59,39.31,91.0,21.0,36.24987268943095,307.94,347.25,112,70.0,-62.0,0.62
07:47:47,307.0,132.0,345.0,23.0,306.0,24.0,347.15,13.0,326.0,38.0,156.0,36.0,15.218139505207686,307.0,345.0,192,120.0,80.0,0.62
07:47:48,307.0,99.0,337.67,21.0,306.0,18.0,338.6,15.0,322.33,30.670000000000016,117.0,36.0,10.916607989662717,307.0,337.67,153,81.0,-39.0,0.53
07:47:49,306.9,101.0,328.27,22.0,304.95,38.0,329.66,41.0,317.59,21.370000000000005,139.0,63.0,5.726022179486655,306.9,328.27,202,76.0,49.0,0.38
07:47:50,306.73,30.0,327.0,48.0,305.0,32.0,328.0,12.0,316.87,20.269999999999982,62.0,60.0,4.824238800056978,306.7300000000001,327.0,122,2.0,-80.0,0.02
07:47:51,307.27,26.0,326.21,56.0,305.77,47.0,326.74,35.0,316.74,18.939999999999998,73.0,91.0,4.1114875653438006,307.27,326.21,164,-18.0,42.0,-0.11
07:47:52,306.62,32.0,324.74,27.0,304.24,67.0,325.42,48.0,315.68,18.120000000000005,99.0,75.0,2.5999557688503594,306.62,324.74,174,24.0,10.0,0.14
07:47:53,309.45,51.0,311.86,51.0,305.81,31.0,319.0,36.0,310.66,2.410000000000025,82.0,87.0,2.794650246449486,309.45,311.86,169,-5.0,-5.0,-0.03
07:47:54,305.76,25.0,319.17,35.0,303.92,36.0,327.22,36.0,312.47,13.410000000000025,61.0,71.0,2.779034004826318,305.76,319.17,132,-10.0,-37.0,-0.08
07:47:55,304.0,12.0,317.0,6.0,303.0,18.0,325.0,24.0,310.5,13.0,30.0,30.0,2.87036583033975,304.0,317.0,60,0.0,-72.0,0.0
07:47:56,309.09,33.0,322.63,27.0,304.94,31.0,327.88,33.0,315.86,13.54000000000002,64.0,60.0,2.615469365139292,309.09,322.63,124,4.0,64.0,0.03
07:47:57,310.0,36.0,323.22,36.0,309.0,36.0,385.33,12.0,316.61,13.220000000000027,72.0,48.0,2.871245374394536,310.0,323.22,120,24.0,-4.0,0.2
07:47:58,310.0,56.0,321.79,56.0,308.29,56.0,408.27,30.0,315.89,11.79000000000002,112.0,86.0,2.6495716634922837,310.0,321.79,198,26.0,78.0,0.13
07:47:59,310.0,22.0,319.2,40.0,307.0,40.0,397.0,40.0,314.6,9.199999999999989,62.0,80.0,2.4525231905082925,310.0,319.2,142,-18.0,-56.0,-0.13
07:48:00,309.37,19.0,316.11,36.0,306.97,33.0,376.87,30.0,312.74,6.740000000000009,52.0,66.0,1.5242539158488737,309.37,316.11,118,-14.0,-24.0,-0.12
07:48:01,307.88,34.0,314.5,32.0,306.36,11.0,676.38,32.0,311.19,6.6200000000000045,45.0,64.0,2.2369465795993464,307.88,314.5,109,-19.0,-9.0,-0.17
07:48:02,312.0,48.0,313.12,32.0,307.0,32.0,621.86,28.0,312.56,1.1200000000000045,80.0,60.0,1.8483316801866725,312.0,313.12,140,20.0,31.0,0.14
07:48:03,312.0,32.0,450.5,32.0,307.0,32.0,458.5,16.0,381.25,138.5,64.0,48.0,30.648102225096636,312.0,450.5,112,16.0,-28.0,0.14
07:48:07,303.0,27.0,522.67,18.0,301.2,20.0,625.56,18.0,412.83,219.66999999999996,47.0,36.0,28.229741940016396,303.0,522.67,83,11.0,27.0,0.13
07:48:08,303.0,15.0,395.4,10.0,302.0,30.0,397.0,10.0,349.2,92.39999999999998,45.0,20.0,41.32451124937748,303.0,395.4,65,25.0,-18.0,0.38
