Time,Bid1_Price,Bid1_Volume,Ask1_Price,Ask1_Volume,Bid2_Price,Bid2_Volume,Ask2_Price,Ask2_Volume,Mid-Price,Bid_Ask_Spread,Market_Depth_Bid,Market_Depth_Ask,Historical_Volatility,Weighted_Avg_Bid_Price,Weighted_Avg_Ask_Price,Total_volume,Cumulative_Volume_Difference,Total_Volume_Change_Corrected,Order_imbalance
07:30:31,324.2,30.0,337.88,32.0,325.0,34.0,355.91,33.0,331.04,13.680000000000007,64.0,65.0,8.420802812083943,324.2,337.88,129,-1.0,73.0,-0.01
07:30:32,323.0,22.0,333.0,38.0,322.0,22.0,355.22,18.0,328.0,10.0,44.0,56.0,11.52126381956419,323.0,333.0,100,-12.0,-29.0,-0.12
07:30:33,324.86,29.0,333.0,20.0,322.9,20.0,355.0,20.0,328.93,8.139999999999986,49.0,40.0,11.378513962728007,324.86,333.0,89,9.0,-11.0,0.1
07:30:34,325.0,42.0,333.0,28.0,322.22,46.0,341.89,61.0,329.0,8.0,88.0,89.0,9.349202104992376,325.0,333.0,177,-1.0,88.0,-0.01
07:30:35,324.68,37.0,333.17,29.0,316.71,34.0,335.79,62.0,328.92,8.490000000000009,71.0,91.0,1.1196517315627716,324.68,333.17,162,-20.0,-15.0,-0.12
07:30:36,322.0,14.0,334.0,21.0,317.0,14.0,337.0,14.0,328.0,12.0,28.0,35.0,0.5212485011883766,322.0,334.0,63,-7.0,-99.0,-0.11
07:30:37,322.0,20.0,334.0,20.0,317.0,20.0,337.0,20.0,328.0,12.0,40.0,40.0,0.5212485011883766,322.0,334.0,80,0.0,17.0,0.0
07:30:38,322.0,18.0,334.0,18.0,317.0,18.0,337.0,18.0,328.0,12.0,36.0,36.0,0.5265738314719114,322.0,334.0,72,0.0,-8.0,0.0
07:30:39,323.91,44.0,334.0,26.0,318.62,26.0,337.0,26.0,328.95,10.089999999999975,70.0,52.0,0.5122304168936056,323.91,334.0,122,18.0,50.0,0.15
07:30:40,319.54,56.0,334.0,36.0,317.56,36.0,337.0,36.0,326.77,14.45999999999998,92.0,72.0,0.7745514831118199,319.54,334.0,164,20.0,42.0,0.12
07:30:41,320.61,66.0,334.0,32.0,320.51,55.0,337.0,32.0,327.3,13.389999999999986,121.0,64.0,0.8236079164205655,320.61,334.0,185,57.0,21.0,0.31
07:30:42,326.13,39.0,334.0,38.0,325.34,44.0,336.15,53.0,330.06,7.8700000000000045,83.0,91.0,1.314887827911915,326.13,334.0,174,-8.0,-11.0,-0.05
07:30:43,332.06,34.0,334.17,36.0,329.51,35.0,336.04,53.0,333.11,2.1100000000000136,69.0,89.0,2.5297173755168134,332.06,334.17,158,-20.0,-16.0,-0.13
07:30:44,334.05,42.0,336.0,51.0,333.19,37.0,337.0,34.0,335.02,1.9499999999999886,79.0,85.0,3.590873152868599,334.05,336.0,164,-6.0,6.0,-0.04
07:30:45,334.03,62.0,336.0,51.0,325.25,24.0,337.0,34.0,335.02,1.9700000000000273,86.0,85.0,3.3643156807876284,334.03,336.0,171,1.0,7.0,0.01
07:30:46,335.15,92.0,341.95,20.0,326.75,48.0,350.83,23.0,338.55,6.800000000000011,140.0,43.0,3.1015915269414567,335.15,341.95,183,97.0,12.0,0.53
07:30:47,336.34,122.0,353.28,29.0,333.56,118.0,353.52,50.0,344.81,16.939999999999998,240.0,79.0,4.634530181150726,336.34,353.28,319,161.0,136.0,0.5
07:30:53,339.17,6.0,355.0,12.0,331.5,16.0,356.0,30.0,347.08,15.829999999999984,22.0,42.0,0.8796135515110551,339.17,355.0,64,-20.0,-30.0,-0.31
07:30:54,339.0,17.0,355.0,10.0,331.0,15.0,356.0,25.0,347.0,16.0,32.0,35.0,1.045093297271668,339.0,355.0,67,-3.0,3.0,-0.04
07:31:10,339.86,63.0,342.44,16.0,334.38,52.0,350.25,80.0,341.15,2.579999999999984,115.0,96.0,2.8102366448399403,339.86,342.44,211,19.0,17.0,0.09
07:31:11,339.0,36.0,340.36,11.0,334.0,44.0,350.14,35.0,339.68,1.3600000000000136,80.0,46.0,2.758345518603504,339.0,340.36,126,34.0,-85.0,0.27
07:31:12,339.0,20.0,350.0,30.0,334.0,40.0,351.0,50.0,344.5,11.0,60.0,80.0,2.3360714886321023,339.0,350.0,140,-20.0,14.0,-0.14
07:31:13,339.92,76.0,350.8,75.0,337.5,40.0,351.98,49.0,345.36,10.879999999999995,116.0,124.0,2.39801584648639,339.92,350.8,240,-8.0,100.0,-0.03
07:31:32,340.4,40.0,354.0,27.0,339.5,24.0,359.0,63.0,347.2,13.600000000000023,64.0,90.0,2.6690503929304454,340.4,354.0,154,-26.0,55.0,-0.17
07:31:38,340.3,20.0,342.02,42.0,339.15,72.0,350.44,59.0,341.16,1.7199999999999704,92.0,101.0,2.882840613006878,340.3,342.02,193,-9.0,-108.0,-0.05
07:31:39,339.04,115.0,340.88,16.0,336.61,83.0,354.09,75.0,339.96,1.839999999999975,198.0,91.0,3.3526183797147864,339.0400000000001,340.88,289,107.0,96.0,0.37
07:31:40,339.0,66.0,349.6,25.0,333.0,30.0,353.5,40.0,344.3,10.600000000000023,96.0,65.0,2.7722409707673616,339.0,349.6,161,31.0,-128.0,0.19
07:31:41,339.06,52.0,351.21,19.0,335.73,45.0,352.5,48.0,345.13,12.149999999999977,97.0,67.0,2.21041398837436,339.06,351.21,164,30.0,3.0,0.18
07:31:42,339.0,70.0,351.0,70.0,334.0,42.0,354.07,56.0,345.0,12.0,112.0,126.0,2.387132170618361,339.0,351.0,238,-14.0,74.0,-0.06
07:31:43,339.2,50.0,349.76,33.0,336.67,49.0,350.43,56.0,344.48,10.560000000000002,99.0,89.0,2.1600648138427307,339.2,349.76,188,10.0,-50.0,0.05
07:31:44,340.0,26.0,347.27,22.0,339.0,65.0,348.56,43.0,343.64,7.269999999999982,91.0,65.0,0.597159945074767,340.0,347.27,156,26.0,-32.0,0.17
07:31:46,339.32,31.0,342.31,13.0,337.5,52.0,346.38,52.0,340.82,2.990000000000009,83.0,65.0,1.6438613080187492,339.32,342.31,148,18.0,-54.0,0.12
07:31:47,337.57,42.0,340.95,21.0,332.86,84.0,350.02,63.0,339.26,3.3799999999999955,126.0,84.0,2.1305116756311158,337.57,340.95,210,42.0,62.0,0.2
07:31:48,333.0,75.0,340.4,15.0,330.0,30.0,348.64,42.0,336.7,7.399999999999977,105.0,57.0,2.7856776554367846,333.0,340.4,162,48.0,-48.0,0.3
07:31:49,333.0,70.0,337.8,15.0,330.0,28.0,340.21,14.0,335.4,4.800000000000011,98.0,29.0,2.996584722646608,333.0,337.8,127,69.0,-35.0,0.54
07:31:50,333.25,40.0,343.9,39.0,332.36,56.0,348.33,30.0,338.57,10.649999999999977,96.0,69.0,2.133213538302871,333.25,343.9,165,27.0,38.0,0.16
07:31:55,333.38,29.0,344.25,40.0,328.78,36.0,348.62,55.0,338.81,10.870000000000005,65.0,95.0,2.738234832880712,333.38,344.25,160,-30.0,46.0,-0.19
07:31:56,329.21,38.0,333.0,28.0,326.55,22.0,347.0,42.0,331.11,3.7900000000000205,60.0,70.0,6.130795217588,329.21,333.0,130,-10.0,-30.0,-0.08
07:31:57,329.48,29.0,333.0,28.0,323.77,31.0,347.0,42.0,331.24,3.519999999999982,60.0,70.0,7.015388086200127,329.48,333.0,130,-10.0,0.0,-0.08
07:31:58,321.61,118.0,337.67,36.0,320.57,56.0,347.62,52.0,329.64,16.060000000000002,174.0,88.0,6.8673757724474,321.61,337.67,262,86.0,132.0,0.33
07:32:11,339.02,282.0,342.11,28.0,328.5,80.0,344.94,50.0,340.56,3.090000000000032,362.0,78.0,1.9844848197960532,339.02,342.11,440,284.0,27.0,0.65
07:32:12,339.0,195.0,340.0,39.0,325.0,52.0,341.0,13.0,339.5,1.0,247.0,52.0,2.3412560731369267,339.0,340.0,299,195.0,-141.0,0.65
07:32:13,339.0,182.0,347.82,45.0,325.0,52.0,355.63,43.0,343.41,8.819999999999993,234.0,88.0,1.9891380042622595,339.0,347.82,322,146.0,23.0,0.45
07:32:14,339.0,104.0,344.0,32.0,325.0,32.0,353.0,8.0,341.5,5.0,136.0,40.0,1.6492513453080049,339.0,344.0,176,96.0,-146.0,0.55
07:32:15,339.2,195.0,340.75,48.0,331.28,87.0,353.15,27.0,339.98,1.5500000000000114,282.0,75.0,1.5444740205002,339.2,340.75,357,207.0,181.0,0.58
07:32:25,340.0,12.0,353.0,24.0,339.0,36.0,355.59,17.0,346.5,13.0,48.0,41.0,0.43049970964273915,340.0,353.0,89,7.0,-25.0,0.08
07:32:30,339.0,18.0,349.9,78.0,333.0,18.0,350.58,48.0,344.45,10.899999999999977,36.0,126.0,1.7662049711181742,339.0,349.9,162,-90.0,3.0,-0.56
07:32:35,340.18,17.0,342.94,53.0,336.37,19.0,346.94,70.0,341.56,2.759999999999991,36.0,123.0,1.3806085614686967,340.18,342.94,159,-87.0,105.0,-0.55
07:32:36,340.32,40.0,345.43,93.0,331.54,48.0,353.84,90.0,342.88,5.110000000000014,88.0,183.0,0.834853280523281,340.32,345.43,271,-95.0,112.0,-0.35
07:32:45,340.17,36.0,342.51,63.0,337.0,27.0,345.02,81.0,341.34,2.339999999999975,63.0,144.0,2.048382288539398,340.17,342.51,207,-81.0,86.0,-0.39
07:32:46,339.0,15.0,341.43,42.0,335.0,30.0,342.61,59.0,340.21,2.430000000000007,45.0,101.0,2.5875374393429538,339.0,341.43,146,-56.0,-61.0,-0.38
07:32:47,337.77,13.0,340.0,22.0,334.2,20.0,343.66,53.0,338.88,2.230000000000018,33.0,75.0,2.8786489886752444,337.77000000000004,340.0,108,-42.0,-38.0,-0.39
07:32:48,335.7,20.0,337.23,86.0,333.06,31.0,350.84,45.0,336.47,1.5300000000000296,51.0,131.0,3.0684474901813745,335.7,337.23,182,-80.0,74.0,-0.44
07:32:49,334.0,12.0,337.0,36.0,330.8,15.0,356.0,9.0,335.5,3.0,27.0,45.0,2.4623667476636926,334.0,337.0,72,-18.0,-110.0,-0.25
07:32:50,327.33,9.0,351.14,28.0,319.14,50.0,357.7,43.0,339.24,23.810000000000002,59.0,71.0,1.9855100100477507,327.33,351.14,130,-12.0,58.0,-0.09
07:32:51,330.71,14.0,351.89,36.0,321.41,32.0,353.87,30.0,341.3,21.180000000000007,46.0,66.0,2.3133568682760353,330.71,351.89,112,-20.0,-18.0,-0.18
07:32:52,332.0,16.0,344.32,38.0,326.0,16.0,349.87,46.0,338.16,12.319999999999993,32.0,84.0,2.2887944424958473,332.0,344.32,116,-52.0,4.0,-0.45
07:32:53,330.57,14.0,332.79,38.0,320.91,44.0,337.67,60.0,331.68,2.2200000000000273,58.0,98.0,3.7165414029712576,330.57,332.79,156,-40.0,40.0,-0.26
07:32:54,330.33,18.0,332.36,69.0,320.2,49.0,333.11,45.0,331.35,2.0300000000000296,67.0,114.0,4.553556851517205,330.33,332.36,181,-47.0,25.0,-0.26
07:32:55,331.0,66.0,333.0,45.0,321.21,29.0,334.0,11.0,332.0,2.0,95.0,56.0,4.554351765070281,331.0,333.0,151,39.0,-30.0,0.26
07:32:56,329.96,56.0,333.22,27.0,321.8,40.0,334.81,37.0,331.59,3.2600000000000477,96.0,64.0,2.9184293721106207,329.96,333.22,160,32.0,9.0,0.2
07:32:57,327.0,33.0,334.97,31.0,323.33,30.0,343.29,35.0,330.98,7.970000000000027,63.0,66.0,0.38124795081069773,327.0,334.97,129,-3.0,-31.0,-0.02
07:32:58,328.92,39.0,335.0,39.0,321.08,52.0,338.0,26.0,331.96,6.079999999999984,91.0,65.0,0.4282872867566477,328.92,335.0,156,26.0,27.0,0.17
07:32:59,330.0,21.0,335.0,21.0,322.0,28.0,338.0,14.0,332.5,5.0,49.0,35.0,0.5638971537412238,330.0,335.0,84,14.0,-72.0,0.17
07:33:00,330.14,42.0,334.03,31.0,322.0,56.0,339.14,42.0,332.09,3.8899999999999864,98.0,73.0,0.5730008725974666,330.14,334.03,171,25.0,87.0,0.15
07:33:01,332.87,76.0,338.0,24.0,331.73,52.0,348.0,48.0,335.43,5.1299999999999955,128.0,72.0,1.6817163851249497,332.87,338.0,200,56.0,29.0,0.28
07:33:02,335.98,41.0,341.68,38.0,335.0,72.0,345.78,41.0,338.83,5.699999999999989,113.0,79.0,2.9707860912556843,335.98,341.68,192,34.0,-8.0,0.18
07:33:10,331.51,76.0,347.11,72.0,329.91,35.0,348.11,71.0,339.31,15.600000000000023,111.0,143.0,3.015455189519636,331.51,347.11,254,-32.0,104.0,-0.13
07:33:11,331.39,62.0,344.38,82.0,330.29,34.0,345.15,66.0,337.88,12.990000000000009,96.0,148.0,4.168713230722474,331.39,344.38,244,-52.0,-10.0,-0.21
07:33:12,331.95,95.0,340.46,52.0,328.9,81.0,341.9,82.0,336.2,8.509999999999991,176.0,134.0,4.65626137582505,331.95,340.46,310,42.0,66.0,0.14
07:33:13,332.0,72.0,334.0,12.0,328.0,12.0,336.36,44.0,333.0,2.0,84.0,56.0,5.01373314008631,332.0,334.0,140,28.0,-170.0,0.2
07:33:14,333.0,36.0,334.0,14.0,332.0,72.0,335.0,36.0,333.5,1.0,108.0,50.0,2.728464769792577,333.0,334.0,158,58.0,18.0,0.37
07:33:15,332.8,30.0,334.0,10.0,330.68,57.0,335.0,30.0,333.4,1.1999999999999886,87.0,40.0,2.141046473105875,332.8,334.0,127,47.0,-31.0,0.37
07:33:16,331.0,30.0,333.75,12.0,329.0,60.0,334.96,28.0,332.38,2.75,90.0,40.0,1.4673377252694533,331.0,333.75,130,50.0,3.0,0.38
07:33:17,331.0,18.0,334.86,14.0,329.0,36.0,337.31,26.0,332.93,3.8600000000000136,54.0,40.0,0.44454471091083614,331.0,334.86,94,14.0,-36.0,0.15
07:33:18,329.0,30.0,335.0,15.0,326.0,60.0,338.0,25.0,332.0,6.0,90.0,40.0,0.6470085007159952,329.0,335.0,130,50.0,36.0,0.38
07:33:19,329.0,18.0,335.0,9.0,326.0,36.0,338.0,15.0,332.0,6.0,54.0,24.0,0.612470407447331,329.0,335.0,78,30.0,-52.0,0.38
07:33:20,329.0,42.0,334.14,21.0,326.0,84.0,335.65,23.0,331.57,5.139999999999986,126.0,44.0,0.5097352253853171,329.0,334.14,170,82.0,92.0,0.48
07:33:21,329.5,36.0,334.0,24.0,326.46,78.0,335.0,24.0,331.75,4.5,114.0,48.0,0.5243567487870983,329.5,334.0,162,66.0,-8.0,0.41
07:33:22,328.4,25.0,334.0,26.0,325.5,60.0,335.0,30.0,331.2,5.600000000000023,85.0,56.0,0.335156679775955,328.4,334.0,141,29.0,-21.0,0.21
07:33:23,326.0,6.0,334.0,6.0,325.0,36.0,335.0,18.0,330.0,8.0,42.0,24.0,0.7850668761311064,326.0,334.0,66,18.0,-75.0,0.27
07:33:24,325.33,18.0,334.0,8.0,324.75,48.0,335.0,24.0,329.67,8.670000000000016,66.0,32.0,0.9440709719073126,325.33,334.0,98,34.0,32.0,0.35
07:33:25,325.09,46.0,333.81,26.0,324.36,66.0,336.55,29.0,329.45,8.720000000000027,112.0,55.0,1.0070898668926307,325.09,333.81,167,57.0,69.0,0.34
07:33:26,327.58,19.0,332.14,59.0,325.0,114.0,335.0,19.0,329.86,4.560000000000002,133.0,78.0,0.6827371382879635,327.58,332.14,211,55.0,44.0,0.26
07:33:27,329.62,16.0,331.0,48.0,324.33,90.0,337.28,46.0,330.31,1.3799999999999955,106.0,94.0,0.32645060881788535,329.62,331.0,200,12.0,-11.0,0.06
07:33:28,322.39,56.0,331.0,26.0,320.39,66.0,338.0,84.0,326.7,8.610000000000014,122.0,110.0,1.431876391312208,322.39,331.0,232,12.0,32.0,0.05
07:33:29,321.03,37.0,331.0,14.0,318.5,36.0,337.3,43.0,326.01,9.970000000000027,73.0,57.0,1.966120545642333,321.03,331.0,130,16.0,-102.0,0.12
07:33:30,322.5,12.0,331.0,24.0,321.0,72.0,336.0,60.0,326.75,8.5,84.0,84.0,1.9988071442729631,322.5,331.0,168,0.0,38.0,0.0
07:33:31,323.4,15.0,331.0,30.0,319.27,90.0,335.67,72.0,327.2,7.600000000000023,105.0,102.0,1.6846750428484363,323.4,331.0,207,3.0,39.0,0.01
07:33:32,324.0,11.0,331.0,22.0,318.0,66.0,334.0,44.0,327.5,7.0,77.0,66.0,0.5660123673526465,324.0,331.0,143,11.0,-64.0,0.08
07:33:33,324.0,7.0,331.0,14.0,317.43,42.0,334.0,28.0,327.5,7.0,49.0,42.0,0.6289435586729646,324.0,331.0,91,7.0,-52.0,0.08
07:33:34,324.69,13.0,331.0,26.0,317.83,108.0,334.0,52.0,327.85,6.310000000000002,121.0,78.0,0.4114000486100293,324.69,331.0,199,43.0,108.0,0.22
07:33:35,326.0,8.0,331.0,16.0,318.0,72.0,334.0,32.0,328.5,5.0,80.0,48.0,0.4979959839159513,326.0,331.0,128,32.0,-71.0,0.25
07:33:36,327.5,8.0,331.0,16.0,317.17,52.0,334.0,32.0,329.25,3.5,60.0,48.0,0.75216354604333,327.5,331.0,108,12.0,-20.0,0.11
07:33:37,330.19,16.0,333.5,48.0,316.16,67.0,335.52,66.0,331.84,3.3100000000000023,83.0,114.0,1.7284299233687686,330.19,333.5,197,-31.0,89.0,-0.16
07:33:38,331.91,11.0,334.0,44.0,319.0,45.0,336.0,55.0,332.95,2.089999999999975,56.0,99.0,2.207525764288326,331.91,334.0,155,-43.0,-42.0,-0.28
07:33:39,332.0,10.0,333.86,28.0,321.0,50.0,335.3,46.0,332.93,1.8600000000000136,60.0,74.0,2.091728949935207,332.0,333.86,134,-14.0,-21.0,-0.1
07:33:40,332.0,13.0,333.93,43.0,321.0,65.0,335.61,62.0,332.97,1.9300000000000068,78.0,105.0,1.604344102740225,332.0,333.93,183,-27.0,49.0,-0.15
07:33:41,331.6,10.0,334.0,40.0,328.03,35.0,336.0,50.0,332.8,2.3999999999999773,45.0,90.0,0.4842210239111385,331.6,334.0,135,-45.0,-48.0,-0.33
07:33:42,331.87,63.0,334.0,44.0,327.89,18.0,336.0,70.0,332.94,2.1299999999999955,81.0,114.0,0.0676017751069351,331.87,334.0,195,-33.0,60.0,-0.17
07:33:43,332.89,19.0,335.09,46.0,332.08,61.0,336.73,55.0,333.99,2.1999999999999886,80.0,101.0,0.48737049561671203,332.89,335.09,181,-21.0,-14.0,-0.12
07:33:44,335.0,16.0,336.24,67.0,331.17,101.0,338.07,60.0,335.62,1.240000000000009,117.0,127.0,1.1921115719587059,335.0,336.24,244,-10.0,63.0,-0.04
07:33:45,336.12,50.0,341.24,42.0,335.69,35.0,343.93,69.0,338.68,5.1200000000000045,85.0,111.0,2.441429908885001,336.12,341.24,196,-26.0,-48.0,-0.13
07:33:46,337.3,10.0,341.76,42.0,336.0,40.0,344.62,47.0,339.53,4.4599999999999795,50.0,89.0,2.875581680286377,337.3,341.76,139,-39.0,-57.0,-0.28
07:33:47,338.93,40.0,342.31,64.0,335.5,64.0,346.57,70.0,340.62,3.3799999999999955,104.0,134.0,2.7805341213513555,338.93,342.31,238,-30.0,99.0,-0.13
07:33:48,340.0,11.0,348.43,84.0,330.31,49.0,352.4,47.0,344.21,8.430000000000007,60.0,131.0,3.1183761800013468,340.0,348.43,191,-71.0,-47.0,-0.37
07:33:56,325.0,21.0,351.43,35.0,324.0,22.0,355.33,52.0,338.21,26.430000000000007,43.0,87.0,4.839385291542919,325.0,351.43,130,-44.0,6.0,-0.34
07:34:00,333.74,19.0,340.71,31.0,327.21,29.0,343.67,33.0,337.22,6.96999999999997,48.0,64.0,5.099546058229075,333.74,340.71,112,-16.0,28.0,-0.14
07:34:01,330.04,46.0,334.05,22.0,327.67,27.0,341.44,54.0,332.04,4.009999999999991,73.0,76.0,7.015916191061481,330.04,334.05,149,-3.0,37.0,-0.02
07:34:02,331.31,48.0,338.0,48.0,326.56,32.0,347.16,76.0,334.66,6.689999999999998,80.0,124.0,6.9513250535417255,331.31,338.0,204,-44.0,55.0,-0.22
07:34:03,333.98,62.0,346.16,103.0,333.03,95.0,351.97,127.0,340.07,12.180000000000007,157.0,230.0,5.479833939089385,333.98,346.16,387,-73.0,183.0,-0.19
07:34:13,334.29,136.0,346.57,42.0,331.71,14.0,354.97,64.0,340.43,12.279999999999973,150.0,106.0,3.1893933592457966,334.29,346.57,256,44.0,50.0,0.17
07:34:14,334.0,88.0,343.12,24.0,330.0,8.0,344.38,24.0,338.56,9.120000000000005,96.0,48.0,4.077471029939989,334.0,343.12000000000006,144,48.0,-112.0,0.33
07:34:15,334.0,88.0,343.0,24.0,330.0,14.0,348.0,24.0,338.5,9.0,102.0,48.0,3.8175607395297213,334.0,343.0,150,54.0,6.0,0.36
07:34:16,334.0,99.0,344.22,27.0,330.0,9.0,350.86,35.0,339.11,10.220000000000027,108.0,62.0,2.819108014957551,334.0,344.22,170,46.0,20.0,0.27
07:34:17,334.77,88.0,340.0,38.0,334.61,115.0,348.0,45.0,337.39,5.230000000000018,203.0,83.0,1.105517978142902,334.77,340.0,286,120.0,116.0,0.42
07:34:18,336.75,60.0,343.98,52.0,331.38,233.0,350.39,69.0,340.37,7.230000000000018,293.0,121.0,1.0834805028228063,336.75,343.97999999999996,414,172.0,128.0,0.42
07:34:19,338.5,34.0,351.0,42.0,331.32,102.0,355.0,70.0,344.75,12.5,136.0,112.0,2.8526619147732575,338.5,351.0,248,24.0,-166.0,0.1
07:36:21,340.44,18.0,342.0,14.0,334.29,14.0,351.0,14.0,341.22,1.5600000000000023,32.0,28.0,1.6921790685377884,340.44,342.0,60,4.0,-37.0,0.07
07:36:23,340.24,50.0,349.39,46.0,336.57,14.0,351.17,42.0,344.82,9.149999999999977,64.0,88.0,1.4655442674982009,340.24,349.39,152,-24.0,92.0,-0.16
07:36:24,340.13,45.0,348.4,75.0,338.82,45.0,350.13,75.0,344.27,8.269999999999982,90.0,150.0,1.6799940476076165,340.13,348.4,240,-60.0,88.0,-0.25
07:36:25,335.15,34.0,347.0,60.0,332.08,12.0,350.0,60.0,341.07,11.850000000000023,46.0,120.0,1.814505442261593,335.15,347.0,166,-74.0,-74.0,-0.45
07:36:26,329.0,24.0,347.0,40.0,328.0,8.0,350.0,40.0,338.0,18.0,32.0,80.0,2.747593492494211,329.0,347.0,112,-48.0,-54.0,-0.43
07:36:27,329.43,47.0,333.83,41.0,328.14,21.0,342.59,79.0,331.63,4.399999999999977,68.0,120.0,5.400423131569904,329.43,333.83,188,-52.0,76.0,-0.28
07:36:28,333.0,25.0,345.48,66.0,328.25,97.0,346.0,18.0,339.24,12.480000000000018,122.0,84.0,4.671923586703294,333.0,345.48,206,38.0,18.0,0.18
07:36:37,328.08,83.0,349.67,54.0,325.97,32.0,351.88,68.0,338.88,21.590000000000032,115.0,122.0,3.7680989902069144,328.08,349.67,237,-7.0,12.0,-0.03
07:36:38,327.0,105.0,337.38,37.0,324.0,15.0,346.37,43.0,332.19,10.379999999999995,120.0,80.0,6.96724694552998,327.0,337.38,200,40.0,-37.0,0.2
07:36:39,331.02,41.0,338.0,35.0,327.45,60.0,339.0,13.0,334.51,6.980000000000018,101.0,48.0,7.195357531074823,331.02,338.0,149,53.0,-51.0,0.36
07:36:40,336.0,21.0,338.0,7.0,325.0,49.0,339.0,7.0,337.0,2.0,70.0,14.0,5.7318958469247825,336.0,338.0,84,56.0,-65.0,0.67
07:36:41,336.58,78.0,338.69,16.0,326.79,92.0,342.38,68.0,337.63,2.1100000000000136,170.0,84.0,2.6776239467095624,336.58,338.69,254,86.0,170.0,0.34
07:36:42,337.7,132.0,340.67,24.0,333.0,56.0,344.17,84.0,339.19,2.9700000000000273,188.0,108.0,2.7620246197296145,337.7,340.67,296,80.0,42.0,0.27
07:36:43,332.99,139.0,342.88,59.0,329.28,58.0,347.69,106.0,337.94,9.889999999999986,197.0,165.0,1.7287365328450768,332.99,342.88,362,32.0,66.0,0.09
07:36:44,340.0,66.0,345.73,22.0,334.0,88.0,350.0,61.0,342.86,5.730000000000018,154.0,83.0,2.340262805753734,340.0,345.73,237,71.0,-125.0,0.3
07:36:45,340.0,14.0,346.0,10.0,334.0,40.0,350.0,30.0,343.0,6.0,54.0,40.0,2.6277043212650653,340.0,346.0,94,14.0,-143.0,0.15
07:36:46,340.0,16.0,346.0,16.0,334.0,64.0,350.0,48.0,343.0,6.0,80.0,64.0,2.444549038165485,340.0,346.0,144,16.0,50.0,0.11
07:36:48,340.0,24.0,346.0,24.0,334.0,96.0,350.0,72.0,343.0,6.0,120.0,96.0,0.4490879646538639,340.0,346.0,216,24.0,-18.0,0.11
07:36:51,338.96,81.0,346.0,32.0,333.64,42.0,350.0,96.0,342.48,7.0400000000000205,123.0,128.0,0.7270625832740729,338.96,346.0,251,-5.0,71.0,-0.02
07:36:52,335.19,124.0,344.48,66.0,328.85,113.0,347.25,51.0,339.84,9.29000000000002,237.0,117.0,1.7238851469853242,335.19,344.48,354,120.0,103.0,0.34
07:36:53,328.81,74.0,343.08,51.0,327.75,80.0,343.76,42.0,335.94,14.269999999999982,154.0,93.0,3.4336161695791794,328.81,343.08,247,61.0,-107.0,0.25
07:36:54,329.83,108.0,340.08,78.0,326.72,90.0,342.42,48.0,334.96,10.25,198.0,126.0,4.011543343900755,329.83,340.08,324,72.0,77.0,0.22
07:36:55,331.08,72.0,337.42,31.0,326.91,58.0,338.57,42.0,334.25,6.340000000000032,130.0,73.0,3.525745311277228,331.08,337.42,203,57.0,-121.0,0.28
07:36:56,334.53,68.0,337.0,112.0,332.1,93.0,343.3,94.0,335.76,2.4700000000000273,161.0,206.0,2.1701612843271785,334.53,337.0,367,-45.0,164.0,-0.12
07:36:57,332.09,46.0,337.42,38.0,326.87,30.0,340.73,44.0,334.75,5.330000000000041,76.0,82.0,0.7072269791177321,332.09,337.42,158,-6.0,-184.0,-0.04
07:36:58,328.0,22.0,338.0,44.0,327.0,55.0,344.0,55.0,333.0,10.0,77.0,99.0,1.0203577803847086,328.0,338.0,176,-22.0,18.0,-0.12
07:36:59,328.92,24.0,338.0,48.0,324.0,60.0,344.0,60.0,333.46,9.079999999999984,84.0,108.0,1.0858775253183217,328.92,338.0,192,-24.0,16.0,-0.12
07:37:00,331.13,47.0,337.49,41.0,326.04,51.0,340.83,53.0,334.31,6.360000000000014,98.0,94.0,1.0862918576475893,331.13,337.49,192,4.0,0.0,0.02
07:37:01,332.11,19.0,336.2,45.0,328.26,47.0,337.9,58.0,334.15,4.089999999999975,66.0,103.0,0.6983766891808755,332.11,336.2,169,-37.0,-23.0,-0.22
07:37:02,334.58,62.0,337.63,57.0,328.8,60.0,341.94,78.0,336.11,3.0500000000000114,122.0,135.0,1.1884990534247122,334.58,337.63,257,-13.0,88.0,-0.05
07:37:03,336.0,72.0,337.11,18.0,319.0,18.0,338.95,21.0,336.56,1.1100000000000136,90.0,39.0,1.3418531961402966,336.0,337.11,129,51.0,-128.0,0.4
07:37:04,336.0,94.0,337.17,24.0,319.0,24.0,339.94,33.0,336.58,1.170000000000016,118.0,57.0,1.213659754623308,336.0,337.17,175,61.0,46.0,0.35
07:37:05,333.17,36.0,339.0,16.0,318.53,19.0,342.0,40.0,336.08,5.829999999999984,55.0,56.0,1.0046043997477487,333.17,339.0,111,-1.0,-64.0,-0.01
07:37:06,322.33,30.0,339.0,14.0,318.21,19.0,342.0,35.0,330.67,16.670000000000016,49.0,49.0,2.543491694500289,322.33,339.0,98,0.0,-13.0,0.0
07:37:07,324.0,80.0,336.0,16.0,318.29,21.0,339.0,16.0,330.0,12.0,101.0,32.0,3.3400179640222087,324.0,336.0,133,69.0,35.0,0.52
07:37:08,322.57,42.0,336.0,14.0,317.88,17.0,339.0,14.0,329.29,13.430000000000007,59.0,28.0,3.512937517233973,322.57,336.0,87,31.0,-46.0,0.36
07:37:09,319.83,46.0,336.64,28.0,317.75,32.0,340.16,56.0,328.23,16.810000000000002,78.0,84.0,3.058010791346036,319.83,336.64,162,-6.0,75.0,-0.04
07:37:10,321.21,38.0,333.0,24.0,318.74,46.0,334.0,36.0,327.11,11.79000000000002,84.0,60.0,1.4159802258462126,321.21,333.0,144,24.0,-18.0,0.17
07:37:11,322.87,55.0,333.0,34.0,322.06,51.0,334.0,51.0,327.94,10.129999999999995,106.0,85.0,1.1392673083991678,322.86999999999995,333.0,191,21.0,47.0,0.11
07:37:12,328.5,36.0,334.46,41.0,327.38,48.0,337.21,56.0,331.48,5.9599999999999795,84.0,97.0,1.6839388349899547,328.5,334.46,181,-13.0,-10.0,-0.07
07:37:13,331.2,15.0,339.0,15.0,329.0,45.0,340.0,75.0,335.1,7.800000000000011,60.0,90.0,3.31379993360917,331.2,339.0,150,-30.0,-31.0,-0.2
07:37:14,334.47,32.0,339.5,12.0,332.77,26.0,340.33,36.0,336.98,5.029999999999973,58.0,48.0,4.321171137549322,334.47,339.5,106,10.0,-44.0,0.09
07:37:15,337.08,39.0,347.8,25.0,336.08,39.0,352.0,53.0,342.44,10.720000000000027,78.0,78.0,5.506661420497122,337.08,347.8,156,0.0,50.0,0.0
07:37:16,338.81,21.0,345.0,40.0,337.6,30.0,349.0,50.0,341.9,6.189999999999998,51.0,90.0,4.6368739469596605,338.81,345.0,141,-39.0,-15.0,-0.28
07:37:24,340.44,18.0,342.25,24.0,339.76,21.0,344.27,15.0,341.35,1.8100000000000023,39.0,39.0,1.6212711062614549,340.44,342.25,78,0.0,-42.0,0.0
07:37:25,340.0,34.0,343.12,34.0,339.0,15.0,348.76,29.0,341.56,3.1200000000000045,49.0,63.0,1.9473879942111825,340.0,343.12,112,-14.0,34.0,-0.12
07:37:26,340.0,14.0,349.38,37.0,339.0,14.0,363.57,56.0,344.69,9.379999999999995,28.0,93.0,1.7518475961103706,340.0,349.38,121,-65.0,9.0,-0.54
07:37:27,340.0,8.0,347.5,8.0,339.0,8.0,349.0,32.0,343.75,7.5,16.0,40.0,1.5157671325099482,340.0,347.5,56,-24.0,-65.0,-0.43
07:37:54,340.08,24.0,353.59,27.0,339.48,21.0,354.69,51.0,346.84,13.509999999999991,45.0,78.0,2.3892320942092864,340.08,353.5899999999999,123,-33.0,-77.0,-0.27
07:37:55,339.13,15.0,350.41,29.0,338.04,27.0,353.62,37.0,344.77,11.28000000000003,42.0,66.0,2.346395107393432,339.13,350.41,108,-24.0,-15.0,-0.22
07:37:56,339.0,16.0,349.56,16.0,338.0,32.0,353.0,32.0,344.28,10.560000000000002,48.0,48.0,2.1377160709505203,339.0,349.56,96,0.0,-12.0,0.0
07:37:57,338.75,16.0,347.04,26.0,337.41,34.0,354.43,49.0,342.89,8.29000000000002,50.0,75.0,2.0705917028714795,338.75,347.04,125,-25.0,29.0,-0.2
07:37:58,337.41,51.0,346.27,30.0,335.7,54.0,350.4,47.0,341.84,8.859999999999957,105.0,77.0,1.9077290163958538,337.41,346.2699999999999,182,28.0,57.0,0.15
07:37:59,338.0,64.0,342.19,31.0,334.0,80.0,345.0,18.0,340.1,4.189999999999998,144.0,49.0,1.889981481389966,338.0,342.19,193,95.0,11.0,0.49
07:38:00,335.4,25.0,339.44,16.0,331.93,40.0,340.88,24.0,337.42,4.0400000000000205,65.0,40.0,2.6549161945332824,335.4,339.44,105,25.0,-88.0,0.24
07:38:01,332.0,60.0,339.06,18.0,330.0,24.0,346.76,50.0,335.53,7.060000000000002,84.0,68.0,3.057749172184148,332.0,339.06,152,16.0,47.0,0.11
07:38:02,332.0,75.0,337.55,20.0,330.0,30.0,339.33,48.0,334.77,5.550000000000011,105.0,68.0,3.00011166458696,332.0,337.55,173,37.0,21.0,0.21
07:38:03,332.38,52.0,336.0,13.0,330.48,21.0,338.0,39.0,334.19,3.6200000000000045,73.0,52.0,2.3993895056844465,332.38,336.0,125,21.0,-48.0,0.17
07:38:04,334.0,72.0,335.85,20.0,332.0,18.0,337.96,52.0,334.93,1.8500000000000227,90.0,72.0,1.2423848035077985,334.0,335.85,162,18.0,37.0,0.11
07:38:05,334.0,44.0,335.12,34.0,329.44,34.0,337.14,14.0,334.56,1.1200000000000045,78.0,48.0,0.4950555524244422,334.0,335.12,126,30.0,-36.0,0.24
07:38:06,327.82,22.0,340.33,12.0,325.86,14.0,346.4,20.0,334.08,12.509999999999991,36.0,32.0,0.365280713952793,327.82,340.33,68,4.0,-58.0,0.06
07:38:07,329.21,28.0,347.0,32.0,325.17,35.0,350.0,55.0,338.11,17.79000000000002,63.0,87.0,1.6749417900293952,329.21,347.0,150,-24.0,82.0,-0.16
07:38:41,340.36,84.0,343.79,42.0,336.6,127.0,359.43,68.0,342.07,3.430000000000007,211.0,110.0,3.070721413609865,340.36,343.79,321,101.0,121.0,0.31
07:38:42,335.2,50.0,342.57,21.0,333.29,56.0,356.0,26.0,338.89,7.3700000000000045,106.0,47.0,3.492773969211174,335.2,342.57,153,59.0,-168.0,0.39
07:38:43,334.0,64.0,341.12,24.0,333.0,64.0,355.39,49.0,337.56,7.1200000000000045,128.0,73.0,2.9777726575405303,334.0,341.12,201,55.0,48.0,0.27
07:38:44,334.0,96.0,340.83,36.0,333.0,96.0,352.92,60.0,337.42,6.829999999999984,192.0,96.0,2.7529202676419575,334.0,340.83,288,96.0,87.0,0.33
07:38:45,333.99,111.0,339.14,42.0,332.86,35.0,351.71,70.0,336.57,5.149999999999977,146.0,112.0,2.1605485414569756,333.99,339.14,258,34.0,-30.0,0.13
07:38:46,334.0,81.0,338.89,27.0,333.0,19.0,350.0,45.0,336.44,4.889999999999986,100.0,72.0,0.9815447009639179,334.0,338.88999999999993,172,28.0,-86.0,0.16
07:38:47,334.0,63.0,338.0,21.0,333.0,21.0,350.0,35.0,336.0,4.0,84.0,56.0,0.6679221511445561,334.0,338.0,140,28.0,-32.0,0.2
07:38:48,334.55,20.0,338.0,26.0,333.96,71.0,350.0,60.0,336.27,3.4499999999999886,91.0,86.0,0.5361436374603363,334.55,338.0,177,5.0,37.0,0.03
07:38:49,335.54,13.0,338.0,16.0,331.88,25.0,350.0,65.0,336.77,2.4599999999999795,38.0,81.0,0.29317230426660906,335.54,338.0,119,-43.0,-58.0,-0.36
07:38:50,329.98,66.0,347.73,44.0,328.79,94.0,350.78,54.0,338.86,17.75,160.0,98.0,1.1480287452802183,329.98,347.73,258,62.0,139.0,0.24
07:38:51,331.0,60.0,349.0,36.0,329.0,108.0,351.0,60.0,340.0,18.0,168.0,96.0,1.758081340550175,331.0,349.0,264,72.0,6.0,0.27
07:38:52,331.0,20.0,349.0,12.0,329.0,36.0,351.0,20.0,340.0,18.0,56.0,32.0,1.7694208091892252,331.0,349.0,88,24.0,-176.0,0.27
07:38:53,331.84,122.0,350.93,57.0,329.04,52.0,351.87,38.0,341.38,19.090000000000032,174.0,95.0,1.7211101068767478,331.84,350.93000000000006,269,79.0,181.0,0.29
07:38:54,332.0,154.0,347.4,30.0,325.73,11.0,350.56,27.0,339.7,15.399999999999977,165.0,57.0,0.9073698253711792,332.0,347.4,222,108.0,-47.0,0.49
07:38:55,332.0,168.0,347.0,36.0,325.0,12.0,350.0,24.0,339.5,15.0,180.0,60.0,0.7377533463118353,332.0,347.0,240,120.0,18.0,0.5
07:38:56,332.0,140.0,346.67,18.0,325.0,10.0,348.04,26.0,339.33,14.670000000000016,150.0,44.0,0.820317011888778,332.0,346.67,194,106.0,-46.0,0.55
07:38:57,332.59,34.0,343.0,13.0,331.93,96.0,347.9,31.0,337.79,10.410000000000025,130.0,44.0,1.276655787592536,332.59,343.0,174,86.0,-20.0,0.49
07:38:58,329.9,115.0,334.03,37.0,330.0,72.0,337.0,16.0,331.97,4.1299999999999955,187.0,53.0,3.2683742135794094,329.9,334.03,240,134.0,66.0,0.56
07:38:59,329.0,140.0,347.21,28.0,326.0,10.0,350.3,20.0,338.11,18.20999999999998,150.0,48.0,3.0926525831380407,329.0,347.21,198,102.0,-42.0,0.52
07:39:07,340.56,39.0,343.0,28.0,330.81,54.0,352.0,28.0,341.78,2.4399999999999977,93.0,56.0,0.7007995433775918,340.56,343.0,149,37.0,22.0,0.25
07:39:08,331.0,12.0,334.57,21.0,329.0,108.0,347.04,27.0,332.79,3.569999999999993,120.0,48.0,4.33683063999453,331.0,334.57,168,72.0,19.0,0.43
07:39:09,331.0,13.0,345.52,29.0,327.8,90.0,348.06,31.0,338.26,14.519999999999982,103.0,60.0,4.175473625829065,331.0,345.52,163,43.0,-5.0,0.26
07:39:10,331.0,8.0,343.0,24.0,328.2,30.0,344.0,8.0,337.0,12.0,38.0,32.0,3.9263316212455357,331.0,343.0,70,6.0,-93.0,0.09
07:39:11,331.0,29.0,341.83,23.0,329.2,30.0,342.76,17.0,336.41,10.829999999999984,59.0,40.0,3.2481025230110694,331.0,341.83,99,19.0,29.0,0.19
07:39:12,331.71,17.0,337.0,17.0,329.82,33.0,338.0,33.0,334.35,5.2900000000000205,50.0,50.0,2.1805435102260105,331.71,337.0,100,0.0,1.0,0.0
07:39:13,332.21,14.0,337.0,14.0,330.0,42.0,338.0,56.0,334.61,4.7900000000000205,56.0,70.0,1.647036733041895,332.21,337.0,126,-14.0,26.0,-0.11
07:39:14,333.92,13.0,337.54,13.0,329.71,42.0,339.87,45.0,335.73,3.6200000000000045,55.0,58.0,1.137277450751865,333.92,337.54,113,-3.0,-13.0,-0.03
07:39:15,334.56,9.0,338.0,9.0,326.0,27.0,342.0,27.0,336.28,3.4399999999999977,36.0,36.0,0.9488308595257983,334.56,338.0,72,0.0,-41.0,0.0
07:39:16,337.5,10.0,341.0,20.0,327.0,24.0,344.4,25.0,339.25,3.5,34.0,45.0,1.9595101428645698,337.5,341.0,79,-11.0,7.0,-0.14
07:39:17,337.85,47.0,342.0,30.0,325.96,25.0,348.91,22.0,339.93,4.149999999999977,72.0,52.0,2.3109954565058093,337.85,342.0,124,20.0,45.0,0.16
07:39:18,338.33,61.0,342.0,30.0,338.39,33.0,348.29,34.0,340.16,3.670000000000016,94.0,64.0,2.1035565121935487,338.33,342.0,158,30.0,34.0,0.19
07:39:19,340.5,20.0,344.78,27.0,339.05,21.0,347.71,28.0,342.64,4.279999999999973,41.0,55.0,2.280103067844418,340.5,344.78,96,-14.0,-62.0,-0.15
07:39:35,340.0,42.0,345.0,7.0,324.0,7.0,350.71,14.0,342.5,5.0,49.0,21.0,1.7124193411656823,340.0,345.0,70,28.0,-47.0,0.4
07:39:36,340.0,40.0,343.25,8.0,337.07,15.0,352.5,16.0,341.62,3.25,55.0,24.0,1.5514509338026727,340.0,343.25,79,31.0,9.0,0.39
07:39:37,339.11,72.0,341.61,18.0,327.46,48.0,352.29,49.0,340.36,2.5,120.0,67.0,1.4202112518903414,339.11,341.61,187,53.0,108.0,0.28
07:39:38,324.09,35.0,339.73,11.0,323.6,20.0,350.48,21.0,331.91,15.640000000000043,55.0,32.0,4.528871824195594,324.09,339.73,87,23.0,-100.0,0.26
07:39:39,332.25,32.0,339.0,14.0,325.75,32.0,347.95,61.0,335.62,6.75,64.0,75.0,4.496345182477768,332.25,339.0,139,-11.0,52.0,-0.08
07:39:40,335.5,18.0,339.0,12.0,334.02,42.0,347.89,56.0,337.25,3.5,60.0,68.0,3.8694146844180217,335.5,339.0,128,-8.0,-11.0,-0.06
07:39:41,339.21,66.0,346.35,23.0,335.07,56.0,359.83,120.0,342.78,7.140000000000043,122.0,143.0,4.209148369918796,339.21,346.35,265,-21.0,137.0,-0.08
07:40:01,340.0,36.0,351.5,12.0,339.0,36.0,353.94,53.0,345.75,11.5,72.0,65.0,1.5237552296881995,340.0,351.5,137,7.0,-76.0,0.05
07:40:02,340.0,36.0,345.73,15.0,339.0,36.0,352.36,50.0,342.87,5.730000000000018,72.0,65.0,2.0038463014916212,340.0,345.7300000000001,137,7.0,0.0,0.05
07:40:03,340.0,36.0,343.58,12.0,339.0,36.0,356.42,48.0,341.79,3.579999999999984,72.0,60.0,2.640969518945804,340.0,343.58,132,12.0,-5.0,0.09
07:40:04,340.0,27.0,353.11,19.0,339.0,30.0,360.7,43.0,346.55,13.110000000000014,57.0,62.0,2.29747687692399,340.0,353.11,119,-5.0,-13.0,-0.04
07:40:06,339.71,21.0,353.14,35.0,334.6,20.0,354.43,35.0,346.43,13.430000000000007,41.0,70.0,3.0360138339607854,339.71,353.14,111,-29.0,-150.0,-0.26
07:40:07,339.0,30.0,351.7,50.0,334.0,30.0,353.0,50.0,345.35,12.699999999999989,60.0,100.0,2.7074157419949425,339.0,351.7,160,-40.0,49.0,-0.25
07:40:08,339.38,39.0,348.9,77.0,336.37,57.0,351.06,87.0,344.14,9.519999999999982,96.0,164.0,1.904954067688451,339.38,348.9,260,-68.0,100.0,-0.26
07:40:09,339.46,26.0,342.0,56.0,337.11,36.0,351.28,54.0,340.73,2.5400000000000205,62.0,110.0,3.13390012604122,339.46,342.0,172,-48.0,-88.0,-0.28
07:40:10,329.77,40.0,340.38,58.0,328.1,52.0,345.65,48.0,335.08,10.610000000000014,92.0,106.0,4.591506288789943,329.77,340.38,198,-14.0,26.0,-0.07
07:40:11,329.0,42.0,337.0,34.0,328.0,56.0,337.96,46.0,333.0,8.0,98.0,80.0,5.452600297105429,329.0,337.0,178,18.0,-20.0,0.1
07:40:12,329.23,35.0,335.0,17.0,328.4,60.0,336.0,56.0,332.11,5.769999999999982,95.0,73.0,5.207933371308702,329.23,335.0,168,22.0,-10.0,0.13
07:40:13,330.0,11.0,334.07,29.0,328.45,31.0,335.31,13.0,332.03,4.069999999999993,42.0,42.0,3.6459498076616113,330.0,334.07000000000005,84,0.0,-84.0,0.0
07:40:14,330.5,4.0,334.0,12.0,326.7,23.0,335.0,4.0,332.25,3.5,27.0,16.0,1.2811830470254395,330.5,334.0,43,11.0,-41.0,0.26
07:40:15,331.0,12.0,334.0,36.0,326.8,69.0,335.0,12.0,332.5,3.0,81.0,48.0,0.39085803047229073,331.0,334.0,129,33.0,86.0,0.26
07:40:16,332.79,145.0,334.0,38.0,328.92,24.0,335.0,13.0,333.4,1.2099999999999795,169.0,51.0,0.5560305746852291,332.79,334.0,220,118.0,91.0,0.54
07:40:17,326.37,71.0,333.83,24.0,323.5,24.0,336.77,13.0,330.1,7.4599999999999795,95.0,37.0,1.211168856924657,326.37,333.83,132,58.0,-88.0,0.44
07:40:18,326.0,179.0,332.0,38.0,320.43,51.0,336.0,28.0,329.0,6.0,230.0,66.0,1.828250529873653,326.0,332.0,296,164.0,164.0,0.55
07:40:19,327.0,100.0,332.0,20.0,326.0,30.0,336.0,20.0,329.5,5.0,130.0,40.0,1.9377822375030904,327.0,332.0,170,90.0,-126.0,0.53
07:40:20,327.5,140.0,332.0,28.0,323.23,22.0,336.0,28.0,329.75,4.5,162.0,56.0,1.7514279888084658,327.5,332.0,218,106.0,48.0,0.49
07:40:21,328.0,90.0,332.43,21.0,325.0,18.0,333.75,24.0,330.21,4.430000000000007,108.0,45.0,0.4878216887149851,328.0,332.43,153,63.0,-65.0,0.41
07:40:22,328.55,110.0,334.41,27.0,325.0,22.0,336.87,15.0,331.48,5.860000000000014,132.0,42.0,0.9415784619356912,328.55,334.4100000000001,174,90.0,21.0,0.52
07:40:23,329.34,140.0,332.0,34.0,327.78,72.0,335.09,44.0,330.67,2.660000000000025,212.0,78.0,0.787000635312137,329.34,332.0,290,134.0,116.0,0.46
07:40:24,330.58,84.0,333.85,53.0,328.94,142.0,335.05,42.0,332.22,3.2700000000000387,226.0,95.0,0.9905200654113728,330.58,333.8500000000001,321,131.0,31.0,0.41
07:40:25,331.92,60.0,334.0,48.0,328.5,80.0,336.73,15.0,332.96,2.079999999999984,140.0,63.0,1.118378290196771,331.92,334.0,203,77.0,-118.0,0.38
07:40:26,332.14,87.0,333.82,39.0,323.47,110.0,337.06,18.0,332.98,1.6800000000000068,197.0,57.0,0.9937907224281344,332.14,333.82,254,140.0,51.0,0.55
07:40:27,332.0,65.0,333.0,13.0,322.76,103.0,337.0,13.0,332.5,1.0,168.0,26.0,0.9480928224517489,332.0,333.0,194,142.0,-60.0,0.73
07:40:28,332.0,40.0,333.0,8.0,325.0,104.0,337.0,8.0,332.5,1.0,144.0,16.0,0.32912003886887703,332.0,333.0,160,128.0,-34.0,0.8
07:40:29,332.0,70.0,333.0,14.0,325.0,182.0,337.0,14.0,332.5,1.0,252.0,28.0,0.2575266976162598,332.0,333.0,280,224.0,120.0,0.8
07:40:30,332.0,40.0,338.4,20.0,322.41,27.0,342.4,20.0,335.2,6.399999999999977,67.0,40.0,1.172382190237379,332.0,338.4,107,27.0,-173.0,0.25
07:40:31,332.98,43.0,336.74,19.0,330.83,78.0,339.0,57.0,334.86,3.759999999999991,121.0,76.0,1.3909421267566626,332.98,336.74,197,45.0,90.0,0.23
07:40:32,335.0,7.0,336.0,7.0,333.0,35.0,343.8,15.0,335.5,1.0,42.0,22.0,1.4888653397762948,335.0,336.0,64,20.0,-133.0,0.31
07:40:33,334.09,55.0,343.07,28.0,324.3,69.0,345.72,58.0,338.58,8.980000000000018,124.0,86.0,2.1701428524382487,334.09,343.07,210,38.0,146.0,0.18
07:40:34,335.0,80.0,343.38,48.0,321.01,82.0,345.33,36.0,339.19,8.379999999999995,162.0,84.0,2.0496536292726573,335.0,343.37999999999994,246,78.0,36.0,0.32
07:40:35,335.72,90.0,342.0,54.0,322.0,90.0,346.0,54.0,338.86,6.279999999999973,180.0,108.0,2.0487606009467143,335.72,342.0,288,72.0,42.0,0.25
07:40:36,337.28,90.0,341.33,54.0,323.28,81.0,345.33,54.0,339.31,4.050000000000011,171.0,108.0,1.5845724975502813,337.28,341.33,279,63.0,-9.0,0.23
07:40:37,338.82,83.0,340.0,51.0,328.14,86.0,342.0,51.0,339.41,1.1800000000000068,169.0,102.0,0.3434384952123226,338.82,340.0,271,67.0,-8.0,0.25
07:40:38,336.45,62.0,341.29,42.0,325.05,93.0,346.0,28.0,338.87,4.840000000000032,155.0,70.0,0.25242820760320267,336.45,341.29,225,85.0,-46.0,0.38
07:40:39,333.64,89.0,339.75,24.0,324.64,56.0,341.59,51.0,336.7,6.110000000000014,145.0,75.0,1.1074971783228849,333.64,339.75,220,70.0,-5.0,0.32
07:40:40,331.92,26.0,338.0,7.0,325.25,16.0,343.11,19.0,334.96,6.079999999999984,42.0,26.0,1.9544948196381104,331.92,338.0,68,16.0,-152.0,0.24
07:40:41,327.33,63.0,338.0,13.0,324.62,32.0,352.69,26.0,332.67,10.670000000000016,95.0,39.0,2.7911950845454316,327.33,338.0,134,56.0,66.0,0.42
07:40:42,326.21,136.0,350.86,28.0,323.64,56.0,354.85,104.0,338.53,24.650000000000034,192.0,132.0,2.5835885895378787,326.21,350.86,324,60.0,184.0,0.19
07:40:43,328.45,85.0,353.0,28.0,329.58,74.0,355.0,112.0,340.72,24.55000000000001,159.0,140.0,3.1135397861583285,328.45,353.0,299,19.0,-25.0,0.06
07:40:44,332.12,64.0,353.0,42.0,331.01,209.0,354.83,72.0,342.56,20.879999999999995,273.0,114.0,4.063886071236792,332.12,353.0,387,159.0,88.0,0.41
07:40:45,337.73,55.0,352.34,53.0,335.86,58.0,354.32,41.0,345.03,14.609999999999957,113.0,94.0,4.6961335159889765,337.73,352.34000000000003,207,19.0,-180.0,0.09
07:40:46,339.91,43.0,351.77,52.0,338.95,55.0,352.35,46.0,345.84,11.859999999999957,98.0,98.0,3.020054635267121,339.91,351.77000000000004,196,0.0,-11.0,0.0
07:40:54,340.1,80.0,342.87,46.0,334.58,71.0,347.75,32.0,341.48,2.769999999999982,151.0,78.0,1.5401947928751571,340.1,342.87,229,73.0,-59.0,0.32
07:40:55,339.9,59.0,342.0,44.0,333.78,69.0,345.65,43.0,340.95,2.1000000000000227,128.0,87.0,1.3941054479481565,339.9,342.0,215,41.0,-14.0,0.19
07:40:56,339.0,30.0,349.0,20.0,333.0,50.0,354.27,60.0,344.0,10.0,80.0,80.0,1.2072779298896474,339.0,349.0,160,0.0,-55.0,0.0
07:40:57,333.71,51.0,340.27,22.0,329.4,100.0,351.0,40.0,336.99,6.560000000000002,151.0,62.0,2.6169505153894614,333.71,340.27,213,89.0,53.0,0.42
07:40:58,330.71,140.0,336.97,33.0,328.77,142.0,343.59,34.0,333.84,6.260000000000048,282.0,67.0,4.01861543320521,330.71,336.97,349,215.0,136.0,0.62
07:40:59,331.18,99.0,335.24,34.0,329.17,92.0,347.64,61.0,333.21,4.060000000000002,191.0,95.0,4.630558281675443,331.18,335.24,286,96.0,-63.0,0.34
07:41:00,328.92,130.0,338.48,25.0,325.0,113.0,347.26,46.0,333.7,9.560000000000002,243.0,71.0,4.530846499274857,328.92,338.48,314,172.0,28.0,0.55
07:41:01,332.0,91.0,341.0,25.0,327.45,109.0,349.0,52.0,336.5,9.0,200.0,77.0,1.7560096810636785,332.0,341.0,277,123.0,-37.0,0.44
07:41:02,332.0,51.0,339.35,17.0,327.0,90.0,347.75,12.0,335.68,7.350000000000023,141.0,29.0,1.42259621818316,332.0,339.35,170,112.0,-107.0,0.66
07:41:03,332.0,51.0,336.61,56.0,327.0,170.0,345.89,19.0,334.3,4.610000000000014,221.0,75.0,1.3764156348970797,332.0,336.61,296,146.0,126.0,0.49
07:41:04,332.0,42.0,336.0,56.0,327.0,140.0,346.73,44.0,334.0,4.0,182.0,100.0,1.1997833137651632,332.0,336.0,282,82.0,-14.0,0.29
07:41:05,332.0,33.0,335.36,44.0,327.0,110.0,346.0,94.0,333.68,3.3600000000000136,143.0,138.0,1.2045414065067637,332.0,335.36,281,5.0,-1.0,0.02
07:41:06,332.0,48.0,333.85,61.0,327.0,160.0,342.2,88.0,332.93,1.8500000000000227,208.0,149.0,1.011197310117246,332.0,333.85,357,59.0,76.0,0.17
07:41:07,332.0,39.0,333.75,16.0,327.0,130.0,336.66,53.0,332.88,1.75,169.0,69.0,0.6353896442244056,332.0,333.75,238,100.0,-119.0,0.42
07:41:08,332.0,33.0,336.0,44.0,327.0,110.0,343.0,55.0,334.0,4.0,143.0,99.0,0.5571534797410279,332.0,336.0,242,44.0,4.0,0.18
07:41:09,333.18,134.0,335.53,30.0,328.61,149.0,337.84,76.0,334.36,2.349999999999966,283.0,106.0,0.6532227797525383,333.18,335.53,389,177.0,147.0,0.46
07:41:10,334.12,258.0,335.99,69.0,333.0,209.0,345.59,106.0,335.05,1.8700000000000045,467.0,175.0,0.9367123357723008,334.12,335.99,642,292.0,184.0,0.45
07:41:11,337.26,130.0,342.92,78.0,335.27,157.0,346.4,45.0,340.09,5.660000000000025,287.0,123.0,2.803289139562622,337.26,342.92,410,164.0,-184.0,0.4
07:41:22,340.29,77.0,344.0,20.0,339.32,75.0,350.0,50.0,342.14,3.7099999999999795,152.0,70.0,1.2127118371648147,340.29,344.0,222,82.0,-33.0,0.37
07:41:23,340.0,48.0,344.0,12.0,339.0,42.0,350.0,42.0,342.0,4.0,90.0,54.0,1.027900773420788,340.0,344.0,144,36.0,-78.0,0.25
07:41:24,340.0,60.0,344.0,22.0,339.0,77.0,349.0,55.0,342.0,4.0,137.0,77.0,0.6812341741270542,340.0,344.0,214,60.0,70.0,0.28
07:41:25,340.0,40.0,343.3,20.0,339.0,46.0,349.0,50.0,341.65,3.3000000000000114,86.0,70.0,0.5043014971207351,340.0,343.3,156,16.0,-58.0,0.1
07:41:26,340.0,18.0,343.0,14.0,339.0,7.0,349.43,35.0,341.5,3.0,25.0,49.0,0.2698518111814908,340.0,343.0,74,-24.0,-82.0,-0.32
07:41:27,340.0,12.0,342.83,12.0,339.0,6.0,350.0,30.0,341.42,2.829999999999984,18.0,42.0,0.2738247614767312,340.0,342.83,60,-24.0,-14.0,-0.4
07:41:28,340.0,18.0,341.33,18.0,339.0,9.0,350.0,63.0,340.67,1.329999999999984,27.0,81.0,0.4884362803861973,340.0,341.33,108,-54.0,48.0,-0.5
07:41:29,340.0,18.0,346.73,33.0,339.0,9.0,351.05,57.0,343.36,6.730000000000018,27.0,90.0,0.9918921312309126,340.0,346.73,117,-63.0,9.0,-0.54
07:41:30,338.0,70.0,350.0,29.0,324.69,32.0,353.14,35.0,344.0,12.0,102.0,64.0,1.416368596092935,338.0,350.0,166,38.0,49.0,0.23
07:41:31,338.0,100.0,349.7,20.0,324.82,11.0,351.0,50.0,343.85,11.699999999999989,111.0,70.0,1.5165256344680584,338.0,349.7,181,41.0,15.0,0.23
07:41:32,338.0,74.0,349.0,16.0,325.0,8.0,350.25,40.0,343.5,11.0,82.0,56.0,1.3694999087255004,338.0,349.0,138,26.0,-43.0,0.19
07:41:33,338.77,104.0,347.45,84.0,336.82,88.0,349.15,67.0,343.11,8.680000000000007,192.0,151.0,0.3618425071762837,338.77000000000004,347.45,343,41.0,184.0,0.12
07:41:34,338.31,104.0,344.93,43.0,335.44,43.0,346.04,54.0,341.62,6.6200000000000045,147.0,97.0,0.9559968619191798,338.31,344.93,244,50.0,-99.0,0.2
07:41:35,338.0,72.0,343.33,12.0,328.0,12.0,345.0,60.0,340.67,5.329999999999984,84.0,72.0,1.3514251736588119,338.0,343.33,156,12.0,-88.0,0.08
07:41:36,338.2,61.0,340.81,37.0,331.08,13.0,345.64,25.0,339.5,2.6100000000000136,74.0,62.0,1.6683374958317025,338.2,340.81,136,12.0,-20.0,0.09
07:41:37,339.59,27.0,351.59,32.0,332.18,34.0,353.37,30.0,345.59,12.0,61.0,62.0,2.3577255989614856,339.5899999999999,351.59,123,-1.0,-13.0,-0.01
07:41:49,340.06,66.0,342.94,32.0,339.42,24.0,348.25,32.0,341.5,2.8799999999999955,90.0,64.0,1.2301951064769046,340.06,342.94,154,26.0,2.0,0.17
07:41:50,339.78,23.0,341.64,22.0,338.38,16.0,354.62,29.0,340.71,1.8600000000000136,39.0,51.0,1.6868550619419629,339.78,341.64,90,-12.0,-64.0,-0.13
07:41:51,339.0,11.0,341.0,22.0,338.0,22.0,355.12,51.0,340.0,2.0,33.0,73.0,1.8496945693812719,339.0,341.0,106,-40.0,16.0,-0.38
07:41:52,338.75,8.0,341.0,16.0,335.0,12.0,355.0,40.0,339.88,2.25,20.0,56.0,1.412632294688868,338.75,341.0,76,-36.0,-30.0,-0.47
07:41:53,338.0,7.0,340.57,14.0,329.0,14.0,355.27,41.0,339.29,2.569999999999993,21.0,55.0,0.8502529035512738,338.0,340.57,76,-34.0,0.0,-0.45
07:41:54,329.47,19.0,353.69,52.0,328.18,11.0,355.9,58.0,341.58,24.21999999999997,30.0,110.0,0.8793008586356338,329.47,353.69,140,-80.0,64.0,-0.57
07:41:55,337.54,59.0,348.74,38.0,335.82,55.0,349.44,48.0,343.14,11.199999999999989,114.0,86.0,1.5690825344760158,337.54,348.74,200,28.0,60.0,0.14
07:41:56,340.0,39.0,345.71,28.0,338.0,91.0,346.42,31.0,342.86,5.7099999999999795,130.0,59.0,1.727831010254781,340.0,345.71,189,71.0,-11.0,0.38
07:41:57,339.5,48.0,346.25,28.0,337.81,86.0,347.45,31.0,342.88,6.75,134.0,59.0,1.6063623501559128,339.5,346.25,193,75.0,4.0,0.39
07:41:58,338.0,42.0,346.71,21.0,330.0,7.0,349.0,7.0,342.36,8.70999999999998,49.0,28.0,0.6182879588014323,338.0,346.71,77,21.0,-116.0,0.27
07:41:59,338.0,60.0,346.71,21.0,330.0,10.0,352.19,32.0,342.36,8.70999999999998,70.0,53.0,0.3466987164656582,338.0,346.71,123,17.0,46.0,0.14
07:42:00,338.0,78.0,345.35,57.0,330.78,27.0,346.29,42.0,341.68,7.350000000000023,105.0,99.0,0.48981629209198163,338.0,345.35,204,6.0,81.0,0.03
07:42:01,338.24,126.0,343.67,36.0,333.07,28.0,344.96,99.0,340.95,5.430000000000007,154.0,135.0,0.746310927160034,338.24,343.67,289,19.0,85.0,0.07
07:42:02,338.0,100.0,340.44,36.0,329.0,18.0,343.71,48.0,339.22,2.4399999999999977,118.0,84.0,1.3076237991096389,338.0,340.44,202,34.0,-87.0,0.17
07:42:06,333.11,18.0,348.1,49.0,329.77,35.0,350.52,33.0,340.61,14.990000000000009,53.0,82.0,2.766537547187613,333.11,348.1,135,-29.0,69.0,-0.21
07:42:07,336.48,54.0,346.95,60.0,329.3,23.0,348.86,73.0,341.72,10.46999999999997,77.0,133.0,2.126318414537004,336.48,346.95,210,-56.0,75.0,-0.27
07:42:14,331.14,22.0,351.0,40.0,328.47,47.0,357.0,40.0,341.07,19.860000000000014,69.0,80.0,2.909415748909212,331.14,351.0,149,-11.0,-29.0,-0.07
07:42:15,339.7,40.0,347.67,48.0,331.0,12.0,354.82,44.0,343.68,7.970000000000027,52.0,92.0,3.0056413625049263,339.7,347.67,144,-40.0,-5.0,-0.28
07:42:16,334.0,12.0,351.0,24.0,333.0,6.0,357.0,28.0,342.5,17.0,18.0,52.0,3.0081356352398503,334.0,351.0,70,-34.0,-74.0,-0.49
07:42:17,335.18,34.0,350.82,34.0,332.91,44.0,355.35,80.0,343.0,15.639999999999986,78.0,114.0,2.5223758641406544,335.18,350.82,192,-36.0,122.0,-0.19
07:42:18,336.48,50.0,350.0,13.0,333.24,42.0,352.0,52.0,343.24,13.519999999999982,92.0,65.0,1.0048482472487377,336.48,350.0,157,27.0,-35.0,0.17
07:42:19,336.64,28.0,349.07,14.0,333.27,44.0,352.0,56.0,342.86,12.430000000000007,72.0,70.0,0.43986361522531003,336.64,349.07,142,2.0,-15.0,0.01
07:42:20,337.17,24.0,348.17,12.0,331.75,48.0,351.67,48.0,342.67,11.0,72.0,60.0,0.2870191631214752,337.17,348.17,132,12.0,-10.0,0.09
07:42:21,337.84,98.0,344.06,36.0,333.33,36.0,347.69,32.0,340.95,6.220000000000027,134.0,68.0,0.9150027322356898,337.84,344.06,202,66.0,70.0,0.33
07:42:22,338.0,102.0,348.31,59.0,333.09,44.0,352.16,31.0,343.15,10.310000000000002,146.0,90.0,0.935911320584799,338.0,348.31,236,56.0,34.0,0.24
07:42:23,339.0,44.0,352.2,30.0,338.0,66.0,355.44,36.0,345.6,13.199999999999989,110.0,66.0,1.6660522200696564,339.0,352.2,176,44.0,-60.0,0.25
07:42:24,340.1,49.0,349.0,26.0,338.0,78.0,355.0,52.0,344.55,8.899999999999977,127.0,78.0,1.785995520710848,340.1,349.0,205,49.0,29.0,0.24
07:42:26,338.6,35.0,342.0,24.0,336.8,70.0,351.86,28.0,340.3,3.3999999999999773,105.0,52.0,1.9899070330041038,338.6,342.0,157,53.0,10.0,0.34
07:42:27,338.49,55.0,342.0,16.0,336.69,64.0,353.0,32.0,340.25,3.509999999999991,119.0,48.0,2.4462072684053005,338.49,342.0,167,71.0,10.0,0.43
07:42:28,339.0,44.0,349.8,20.0,338.0,44.0,354.77,26.0,344.4,10.800000000000011,88.0,46.0,2.143718731550095,339.0,349.8,134,42.0,-33.0,0.31
07:42:29,340.44,25.0,354.0,27.0,338.56,36.0,355.0,44.0,347.22,13.560000000000002,61.0,71.0,2.9444778824095565,340.44,354.0,132,-10.0,-2.0,-0.08
07:42:32,340.0,16.0,352.94,47.0,339.0,48.0,354.88,69.0,346.47,12.939999999999998,64.0,116.0,1.702034077215017,340.0,352.94,180,-52.0,105.0,-0.29
07:42:33,340.0,10.0,351.6,40.0,339.0,30.0,354.0,20.0,345.8,11.600000000000023,40.0,60.0,1.2067808417443802,340.0,351.6,100,-20.0,-80.0,-0.2
07:42:34,340.0,7.0,349.14,28.0,339.0,21.0,350.15,26.0,344.57,9.139999999999986,28.0,54.0,1.721676508523314,340.0,349.14,82,-26.0,-18.0,-0.32
07:42:37,340.41,82.0,343.29,34.0,339.55,88.0,349.83,47.0,341.85,2.8799999999999955,170.0,81.0,1.7192643775753282,340.41,343.29,251,89.0,66.0,0.35
07:42:40,340.0,6.0,352.0,12.0,339.0,36.0,357.0,18.0,346.0,12.0,42.0,30.0,3.2123480508811952,340.0,352.0,72,12.0,-17.0,0.17
07:42:41,340.0,6.0,352.0,12.0,339.0,36.0,357.0,18.0,346.0,12.0,42.0,30.0,2.6086049911783498,340.0,352.0,72,12.0,0.0,0.17
07:42:42,339.67,18.0,352.0,16.0,337.1,31.0,357.0,39.0,345.83,12.329999999999984,49.0,55.0,1.2645078093871167,339.67,352.0,104,-6.0,32.0,-0.06
07:42:43,339.0,12.0,352.0,24.0,334.0,36.0,357.0,36.0,345.5,13.0,48.0,60.0,1.210280959116838,339.0,352.0,108,-12.0,4.0,-0.11
07:42:44,332.47,30.0,352.0,12.0,331.18,80.0,357.0,18.0,342.23,19.529999999999973,110.0,30.0,1.623967364204136,332.47,352.0,140,80.0,32.0,0.57
07:42:45,333.71,28.0,352.45,33.0,331.03,99.0,357.2,20.0,343.08,18.74000000000001,127.0,53.0,1.7452994012489234,333.71,352.45,180,74.0,40.0,0.41
07:42:46,334.0,103.0,352.0,65.0,330.12,129.0,357.0,39.0,343.0,18.0,232.0,104.0,1.6242136558961484,334.0,352.0,336,128.0,156.0,0.38
07:42:47,334.83,35.0,352.0,60.0,331.87,105.0,357.0,36.0,343.41,17.170000000000016,140.0,96.0,1.2279780128321784,334.83,352.0,236,44.0,-100.0,0.19
07:42:51,340.33,15.0,355.24,38.0,336.0,17.0,357.28,46.0,347.79,14.910000000000025,32.0,84.0,1.9917404449378933,340.33,355.24,116,-52.0,21.0,-0.45
07:42:53,340.0,28.0,353.88,26.0,335.75,64.0,354.27,33.0,346.94,13.879999999999995,92.0,59.0,0.9515934005666861,340.0,353.88,151,33.0,18.0,0.22
07:42:57,334.81,54.0,340.5,18.0,332.1,206.0,352.25,24.0,337.66,5.689999999999998,260.0,42.0,3.5183348334117652,334.81,340.5,302,218.0,184.0,0.72
07:42:58,333.0,51.0,339.0,11.0,330.0,22.0,353.0,22.0,336.0,6.0,73.0,33.0,4.099924389546338,333.0,339.0,106,40.0,-184.0,0.38
07:42:59,333.0,45.0,337.67,9.0,330.0,18.0,353.0,18.0,335.33,4.670000000000016,63.0,27.0,4.096348373856335,333.0,337.67,90,36.0,-16.0,0.4
07:43:00,333.96,137.0,335.31,13.0,331.79,42.0,352.67,24.0,334.64,1.3500000000000227,179.0,37.0,3.3007014406022672,333.96,335.31,216,142.0,126.0,0.66
07:43:01,334.44,176.0,349.94,16.0,330.88,58.0,352.5,16.0,342.19,15.5,234.0,32.0,3.0247198217345193,334.44,349.94,266,202.0,50.0,0.76
07:43:02,335.0,143.0,350.22,45.0,332.0,13.0,352.38,13.0,342.61,15.220000000000027,156.0,58.0,3.908584142626916,335.0,350.22,214,98.0,-52.0,0.46
07:43:03,337.69,98.0,348.47,58.0,335.48,203.0,349.73,67.0,343.08,10.78000000000003,301.0,125.0,4.204420292976883,337.69000000000005,348.47,426,176.0,184.0,0.41
07:43:16,340.21,48.0,355.0,42.0,338.43,53.0,360.0,84.0,347.6,14.79000000000002,101.0,126.0,2.763825247731995,340.21,355.0,227,-25.0,144.0,-0.11
07:43:17,340.0,40.0,355.0,24.0,339.0,32.0,360.0,48.0,347.5,15.0,72.0,72.0,2.155219246387995,340.0,355.0,144,0.0,-83.0,0.0
07:43:18,340.5,40.0,355.0,24.0,339.43,35.0,360.0,48.0,347.75,14.5,75.0,72.0,0.20437710243950066,340.5,355.0,147,3.0,3.0,0.02
07:43:33,340.1,114.0,347.0,28.0,339.74,70.0,353.71,42.0,343.55,6.899999999999977,184.0,70.0,2.685587459011873,340.1,347.0,254,114.0,37.0,0.45
07:43:34,340.0,180.0,345.27,30.0,339.0,30.0,355.51,41.0,342.63,5.269999999999982,210.0,71.0,3.412392122837195,340.0,345.2699999999999,281,139.0,27.0,0.49
07:43:35,340.0,144.0,344.27,30.0,339.0,24.0,344.69,26.0,342.13,4.269999999999982,168.0,56.0,3.367524313201138,340.0,344.2699999999999,224,112.0,-57.0,0.5
07:43:36,340.0,125.0,341.24,63.0,339.0,30.0,342.85,33.0,340.62,1.240000000000009,155.0,96.0,2.8097651147382603,340.0,341.24,251,59.0,27.0,0.24
07:43:37,340.0,39.0,342.62,26.0,338.69,29.0,350.0,39.0,341.31,2.6200000000000045,68.0,65.0,1.1385604946596068,340.0,342.62,133,3.0,-118.0,0.02
07:43:38,340.0,30.0,341.7,20.0,338.0,60.0,350.0,30.0,340.85,1.6999999999999886,90.0,50.0,0.8524200842303501,340.0,341.7,140,40.0,7.0,0.29
07:43:39,340.0,13.0,350.89,36.0,339.0,66.0,356.18,40.0,345.44,10.889999999999986,79.0,76.0,1.9703426098015553,340.0,350.89,155,3.0,15.0,0.02
07:43:40,340.22,9.0,355.0,18.0,339.05,44.0,357.89,27.0,347.61,14.779999999999973,53.0,45.0,3.1706040433961884,340.22,355.0,98,8.0,-57.0,0.08
07:43:41,339.85,81.0,354.47,38.0,338.57,70.0,358.3,46.0,347.16,14.620000000000005,151.0,84.0,3.206498089817152,339.85,354.47,235,67.0,137.0,0.29
07:43:42,340.0,87.0,352.82,67.0,339.0,52.0,355.0,26.0,346.41,12.819999999999993,139.0,93.0,2.72312871528352,340.0,352.82,232,46.0,-3.0,0.2
07:43:43,339.0,44.0,351.0,44.0,338.0,78.0,355.34,53.0,345.0,12.0,122.0,97.0,1.1061781050094286,339.0,351.0,219,25.0,-13.0,0.11
07:43:44,339.0,52.0,349.0,52.0,338.0,41.0,354.52,58.0,344.0,10.0,93.0,110.0,1.5082539573964497,339.0,349.0,203,-17.0,-16.0,-0.08
07:43:45,339.0,36.0,349.0,40.0,338.0,50.0,354.0,40.0,344.0,10.0,86.0,80.0,1.4283486969229657,339.0,349.0,166,6.0,-37.0,0.04
07:43:46,339.0,9.0,349.0,12.0,338.0,15.0,354.0,12.0,344.0,10.0,24.0,24.0,1.058593406365776,339.0,349.0,48,0.0,-118.0,0.0
07:43:47,339.0,8.0,349.0,32.0,338.0,40.0,354.0,32.0,344.0,10.0,48.0,64.0,0.4472135955007912,339.0,349.0,112,-16.0,64.0,-0.14
07:43:48,338.32,44.0,349.0,44.0,337.68,37.0,354.0,44.0,343.66,10.680000000000007,81.0,88.0,0.15205262247180545,338.32,349.0,169,-7.0,57.0,-0.04
07:43:49,339.0,100.0,348.0,40.0,338.0,50.0,352.7,46.0,343.5,9.0,150.0,86.0,0.23689660191841377,339.0,348.0,236,64.0,67.0,0.27
07:43:50,339.21,94.0,347.08,52.0,338.47,85.0,352.0,65.0,343.14,7.8700000000000045,179.0,117.0,0.3630426972139846,339.21,347.08,296,62.0,60.0,0.21
07:43:51,339.04,141.0,344.5,70.0,338.12,85.0,351.15,78.0,341.77,5.4599999999999795,226.0,148.0,0.8644535846418905,339.04,344.5,374,78.0,78.0,0.21
07:43:52,338.8,51.0,342.57,54.0,337.82,55.0,347.66,47.0,340.69,3.769999999999982,106.0,101.0,1.2797148119795925,338.8,342.57,207,5.0,-167.0,0.02
07:43:53,338.0,50.0,350.44,45.0,337.0,26.0,351.56,45.0,344.22,12.439999999999998,76.0,90.0,1.417966854337577,338.0,350.44,166,-14.0,-41.0,-0.08
07:44:02,339.17,24.0,350.0,24.0,337.58,24.0,353.92,60.0,344.58,10.829999999999984,48.0,84.0,0.4540704791116101,339.17,350.0,132,-36.0,-20.0,-0.27
07:44:03,338.0,32.0,348.94,32.0,337.0,46.0,355.35,85.0,343.47,10.939999999999998,78.0,117.0,0.46655117618610703,338.0,348.94,195,-39.0,63.0,-0.2
07:44:04,337.53,38.0,346.19,62.0,332.67,108.0,352.71,70.0,341.86,8.660000000000025,146.0,132.0,1.1630907101341905,337.53,346.19,278,14.0,83.0,0.05
07:44:05,331.83,151.0,345.6,81.0,329.85,119.0,346.73,37.0,338.72,13.770000000000039,270.0,118.0,2.4711495300770516,331.83,345.6,388,152.0,110.0,0.39
07:44:06,331.0,182.0,341.93,82.0,326.0,42.0,342.5,30.0,336.46,10.930000000000007,224.0,112.0,3.371397336416993,331.0,341.93,336,112.0,-52.0,0.33
07:44:07,331.0,156.0,337.67,60.0,326.0,36.0,342.0,60.0,334.33,6.670000000000016,192.0,120.0,3.758133845407709,331.0,337.67,312,72.0,-24.0,0.23
07:44:08,331.0,156.0,337.0,60.0,328.64,25.0,342.0,36.0,334.0,6.0,181.0,96.0,3.27761803753856,331.0,337.0,277,85.0,-35.0,0.31
07:44:09,331.0,156.0,335.32,50.0,329.0,24.0,336.2,49.0,333.16,4.319999999999993,180.0,99.0,2.2498177703977364,331.0,335.32,279,81.0,2.0,0.29
07:44:10,331.0,169.0,332.89,54.0,329.0,26.0,334.92,50.0,331.94,1.8899999999999864,195.0,104.0,1.6663793085600271,331.0,332.88999999999993,299,91.0,20.0,0.3
07:44:11,331.04,108.0,333.05,37.0,330.24,42.0,335.5,16.0,332.05,2.009999999999991,150.0,53.0,1.0925337523375478,331.04,333.05,203,97.0,-96.0,0.48
07:44:12,331.96,134.0,334.62,16.0,330.89,74.0,335.93,43.0,333.29,2.660000000000025,208.0,59.0,0.8765101254387893,331.96,334.62,267,149.0,64.0,0.56
07:44:13,333.23,93.0,335.76,37.0,332.21,178.0,337.65,51.0,334.49,2.5299999999999727,271.0,88.0,1.043422253930189,333.23,335.76,359,183.0,92.0,0.51
07:44:14,334.51,118.0,336.17,58.0,326.53,47.0,341.39,31.0,335.34,1.660000000000025,165.0,89.0,1.4929400523788232,334.51,336.17,254,76.0,-105.0,0.3
07:44:15,324.0,26.0,341.0,26.0,323.0,134.0,345.0,39.0,332.5,17.0,160.0,65.0,1.3699014563087792,324.0,341.0,225,95.0,-29.0,0.42
07:44:16,324.0,18.0,341.0,18.0,323.0,90.0,345.0,27.0,332.5,17.0,108.0,45.0,1.2582646780375573,324.0,341.0,153,63.0,-72.0,0.41
07:44:17,324.0,22.0,341.0,22.0,322.0,11.0,345.0,33.0,332.5,17.0,33.0,55.0,1.3564586245060621,324.0,341.0,88,-22.0,-65.0,-0.25
07:44:18,326.05,19.0,341.0,18.0,322.86,14.0,345.0,27.0,333.53,14.949999999999989,33.0,45.0,1.2380549260823441,326.05,341.0,78,-12.0,-10.0,-0.15
07:44:19,337.0,33.0,341.0,22.0,323.82,22.0,345.0,33.0,339.0,4.0,55.0,55.0,2.827132823196896,337.0,341.0,110,0.0,32.0,0.0
07:44:20,337.31,26.0,341.0,24.0,327.33,24.0,345.0,36.0,339.15,3.6899999999999977,50.0,60.0,3.4394374540029022,337.31,341.0,110,-10.0,0.0,-0.09
07:44:21,339.52,21.0,342.44,25.0,337.1,21.0,346.09,33.0,340.98,2.920000000000016,42.0,58.0,3.766585987336395,339.52,342.44,100,-16.0,-10.0,-0.16
07:44:26,338.67,6.0,350.35,26.0,337.09,11.0,351.96,25.0,344.51,11.680000000000007,17.0,51.0,0.7028726769492181,338.67,350.35,68,-34.0,-43.0,-0.5
07:44:27,338.87,52.0,351.95,74.0,337.26,19.0,352.68,44.0,345.41,13.079999999999984,71.0,118.0,1.1523758067583747,338.87,351.95,189,-47.0,121.0,-0.25
07:44:28,339.0,81.0,350.0,18.0,338.0,9.0,351.62,37.0,344.5,11.0,90.0,55.0,1.093402944939398,339.0,350.0,145,35.0,-44.0,0.24
07:44:29,339.0,99.0,350.0,22.0,338.0,11.0,351.0,55.0,344.5,11.0,110.0,77.0,0.9238668735279387,339.0,350.0,187,33.0,42.0,0.18
07:44:30,339.0,117.0,350.0,26.0,338.0,13.0,351.0,65.0,344.5,11.0,130.0,91.0,0.40586943713766166,339.0,350.0,221,39.0,34.0,0.18
07:44:31,339.04,109.0,348.71,51.0,338.35,23.0,350.41,68.0,343.87,9.669999999999959,132.0,119.0,0.5498454328285363,339.04,348.71,251,13.0,30.0,0.05
07:44:33,337.21,95.0,340.16,43.0,335.95,73.0,342.22,49.0,338.69,2.9500000000000455,168.0,92.0,2.450846792437629,337.21,340.16,260,76.0,124.0,0.29
07:44:34,337.0,28.0,338.29,70.0,336.0,154.0,340.0,28.0,337.64,1.2900000000000205,182.0,98.0,3.2052410205788306,337.0,338.29,280,84.0,20.0,0.3
07:44:35,336.23,56.0,342.41,37.0,334.98,44.0,351.54,39.0,339.32,6.180000000000007,100.0,76.0,2.8638383334260893,336.23,342.41,176,24.0,-104.0,0.14
07:44:36,338.0,63.0,350.29,51.0,336.0,54.0,351.43,49.0,344.15,12.29000000000002,117.0,100.0,2.9455339074607023,338.0,350.29,217,17.0,41.0,0.08
07:44:37,338.0,91.0,350.0,91.0,336.0,78.0,351.0,65.0,344.0,12.0,169.0,156.0,3.085555055415597,338.0,350.0,325,13.0,108.0,0.04
07:44:38,338.38,56.0,350.0,56.0,336.0,48.0,351.0,22.0,344.19,11.620000000000005,104.0,78.0,3.1429524336205263,338.38,350.0,182,26.0,-143.0,0.14
07:44:39,340.53,119.0,349.91,115.0,336.08,72.0,350.81,72.0,345.22,9.380000000000052,191.0,187.0,2.318540489187494,340.53,349.91,378,4.0,184.0,0.01
07:44:44,339.4,25.0,351.67,75.0,336.12,48.0,353.61,36.0,345.53,12.270000000000039,73.0,111.0,1.0873499896547254,339.4,351.67,184,-38.0,-2.0,-0.21
07:44:45,339.0,13.0,353.0,65.0,337.0,13.0,354.0,26.0,346.0,14.0,26.0,91.0,1.2599007897458407,339.0,353.0,117,-65.0,-67.0,-0.56
07:44:46,336.53,17.0,352.14,70.0,330.75,73.0,353.14,58.0,344.34,15.610000000000014,90.0,128.0,1.2663609280146733,336.53,352.14,218,-38.0,101.0,-0.17
07:44:47,333.0,12.0,351.91,110.0,330.0,102.0,353.6,50.0,342.45,18.910000000000025,114.0,160.0,1.6008903772594967,333.0,351.91,274,-46.0,56.0,-0.17
07:44:48,334.23,13.0,349.5,34.0,330.86,7.0,351.57,35.0,341.87,15.269999999999982,20.0,69.0,1.829527261344303,334.22999999999996,349.5,89,-49.0,-184.0,-0.55
07:44:49,336.85,73.0,347.0,48.0,334.37,27.0,349.0,60.0,341.92,10.149999999999977,100.0,108.0,1.8056937724879352,336.85,347.0,208,-8.0,119.0,-0.04
07:44:50,338.85,104.0,345.96,54.0,334.27,37.0,347.15,66.0,342.4,7.109999999999957,141.0,120.0,1.010608727451653,338.85,345.96,261,21.0,53.0,0.08
07:44:51,340.0,90.0,344.11,27.0,336.0,27.0,346.0,45.0,342.06,4.110000000000014,117.0,72.0,0.2699073915276986,340.0,344.11000000000007,189,45.0,-72.0,0.24
07:44:52,340.33,39.0,344.0,36.0,339.64,99.0,346.0,60.0,342.17,3.670000000000016,138.0,96.0,0.21243822631829487,340.33,344.0,234,42.0,45.0,0.18
07:44:53,340.27,81.0,343.45,65.0,339.36,131.0,345.97,64.0,341.86,3.180000000000007,212.0,129.0,0.2149883717815092,340.27,343.45,341,83.0,107.0,0.24
07:44:54,340.0,128.0,342.12,52.0,336.0,48.0,344.63,38.0,341.06,2.1200000000000045,176.0,90.0,0.5136146415370216,340.0,342.12,266,86.0,-75.0,0.32
07:44:55,340.0,63.0,341.68,22.0,336.0,36.0,344.57,23.0,340.84,1.6800000000000068,99.0,45.0,0.6068937304018692,340.0,341.68,144,54.0,-122.0,0.38
07:44:56,339.71,42.0,341.0,14.0,335.91,43.0,351.43,28.0,340.36,1.2900000000000205,85.0,42.0,0.7440564494720421,339.71,341.0,127,43.0,-17.0,0.34
07:44:57,336.42,33.0,340.15,13.0,335.39,46.0,350.62,26.0,338.29,3.7299999999999613,79.0,39.0,1.3398582014528702,336.42,340.15,118,40.0,-9.0,0.34
07:44:58,336.19,97.0,339.1,21.0,335.39,72.0,348.26,39.0,337.64,2.910000000000025,169.0,60.0,1.5650303511434265,336.19,339.1,229,109.0,111.0,0.48
07:44:59,336.0,78.0,341.52,21.0,335.0,52.0,346.69,59.0,338.76,5.519999999999982,130.0,80.0,1.3682178189162288,336.0,341.52,210,50.0,-19.0,0.24
07:45:00,335.64,33.0,346.0,50.0,334.42,31.0,350.0,20.0,340.82,10.360000000000014,64.0,70.0,1.3621600493333765,335.64,346.0,134,-6.0,-76.0,-0.04
07:45:01,335.0,32.0,346.0,40.0,329.0,8.0,350.0,16.0,340.5,11.0,40.0,56.0,1.3937072863409685,335.0,346.0,96,-16.0,-38.0,-0.17
07:45:02,335.02,41.0,346.0,55.0,330.29,14.0,350.0,22.0,340.51,10.980000000000018,55.0,77.0,1.3841170470737503,335.02,346.0,132,-22.0,36.0,-0.17
07:45:03,337.64,11.0,346.0,55.0,335.11,38.0,350.0,22.0,341.82,8.360000000000014,49.0,77.0,1.1035035115488132,337.64,346.0,126,-28.0,-6.0,-0.22
07:45:11,338.07,41.0,349.95,43.0,336.24,34.0,353.36,47.0,344.01,11.879999999999995,75.0,90.0,0.8725995645207071,338.07,349.95,165,-15.0,77.0,-0.09
07:45:12,337.56,36.0,353.0,22.0,335.57,37.0,355.0,100.0,345.28,15.439999999999998,73.0,122.0,1.3953601685593109,337.56,353.0,195,-49.0,30.0,-0.25
07:45:13,336.0,8.0,354.88,32.0,335.0,16.0,355.95,19.0,345.44,18.879999999999995,24.0,51.0,1.6707094301529748,336.0,354.88,75,-27.0,-120.0,-0.36
07:45:14,336.0,18.0,354.93,83.0,335.0,36.0,356.41,34.0,345.46,18.930000000000007,54.0,117.0,1.6015086637300189,336.0,354.93,171,-63.0,96.0,-0.37
07:45:15,336.0,22.0,352.38,37.0,335.0,44.0,353.65,54.0,344.19,16.379999999999995,66.0,91.0,0.7146537623230789,336.0,352.38,157,-25.0,-14.0,-0.16
07:45:16,336.69,26.0,349.98,49.0,335.0,47.0,351.82,79.0,343.34,13.29000000000002,73.0,128.0,0.9437266553417223,336.69,349.98,201,-55.0,44.0,-0.27
07:45:20,338.11,27.0,344.74,38.0,335.5,72.0,346.0,38.0,341.42,6.6299999999999955,99.0,76.0,1.4550876262280166,338.11000000000007,344.74,175,23.0,22.0,0.13
07:45:21,337.0,48.0,342.0,32.0,328.0,48.0,343.38,32.0,339.5,5.0,96.0,64.0,2.2653211692829855,337.0,342.0,160,32.0,-15.0,0.2
07:45:22,337.05,44.0,339.69,32.0,333.82,56.0,344.11,38.0,338.37,2.6399999999999864,100.0,70.0,2.3242095430492387,337.05,339.69,170,30.0,10.0,0.18
07:45:23,336.75,36.0,338.6,20.0,334.75,48.0,348.07,58.0,337.68,1.8500000000000227,84.0,78.0,2.1026697315557534,336.75,338.6,162,6.0,-8.0,0.04
07:45:24,336.0,42.0,338.43,23.0,329.33,60.0,347.15,47.0,337.22,2.430000000000007,102.0,70.0,1.6794999255731784,336.0,338.43,172,32.0,10.0,0.19
07:45:25,336.0,26.0,337.0,20.0,328.0,40.0,348.11,38.0,336.5,1.0,66.0,58.0,1.1446746262584588,336.0,337.0,124,8.0,-48.0,0.06
07:45:26,337.05,19.0,348.74,62.0,327.42,26.0,351.19,59.0,342.9,11.689999999999998,45.0,121.0,2.5338666105381527,337.05,348.74,166,-76.0,42.0,-0.46
07:45:27,337.67,24.0,345.8,90.0,327.12,59.0,350.37,60.0,341.73,8.129999999999995,83.0,150.0,2.898772153861076,337.67,345.8,233,-67.0,67.0,-0.29
07:45:28,328.0,12.0,329.0,36.0,327.0,84.0,350.62,56.0,328.5,1.0,96.0,92.0,5.679938379947414,328.0,329.0,188,4.0,-45.0,0.02
07:45:29,328.0,31.0,329.0,28.0,327.0,59.0,348.0,12.0,328.5,1.0,90.0,40.0,6.937101700277934,328.0,329.0,130,50.0,-58.0,0.38
07:45:30,328.0,27.0,329.0,18.0,327.0,25.0,350.8,45.0,328.5,1.0,52.0,63.0,7.57808551020628,328.0,329.0,115,-11.0,-15.0,-0.1
07:45:31,328.0,21.0,329.0,14.0,327.0,7.0,351.0,49.0,328.5,1.0,28.0,63.0,5.916635868464213,328.0,329.0,91,-35.0,-24.0,-0.38
07:45:32,328.0,42.0,329.0,18.0,327.0,9.0,350.25,51.0,328.5,1.0,51.0,69.0,0.0,328.0,329.0,120,-18.0,29.0,-0.15
07:45:33,328.0,40.0,329.0,10.0,327.0,5.0,330.0,5.0,328.5,1.0,45.0,15.0,0.0,328.0,329.0,60,30.0,-60.0,0.5
07:45:34,328.0,55.0,329.14,21.0,326.45,85.0,336.0,14.0,328.57,1.1399999999999864,140.0,35.0,0.03130495162199041,328.0,329.14,175,105.0,115.0,0.6
07:45:35,329.15,34.0,332.0,10.0,327.62,64.0,346.8,40.0,330.57,2.8500000000000227,98.0,50.0,0.9184062281998178,329.15,332.0,148,48.0,-27.0,0.32
07:45:36,329.69,39.0,343.74,23.0,327.53,76.0,347.65,46.0,336.72,14.050000000000011,115.0,69.0,3.549376001496177,329.69,343.74,184,46.0,36.0,0.25
07:45:37,328.7,43.0,350.0,70.0,327.43,105.0,351.0,56.0,339.35,21.30000000000001,148.0,126.0,4.990187371231457,328.7,350.0,274,22.0,90.0,0.08
07:45:38,336.32,19.0,350.0,35.0,330.4,20.0,351.0,28.0,343.16,13.680000000000007,39.0,63.0,6.0655774663258,336.32,350.0,102,-24.0,-172.0,-0.24
07:45:39,338.27,33.0,350.0,55.0,337.36,25.0,351.0,44.0,344.14,11.730000000000018,58.0,99.0,5.474629667840627,338.27,350.0,157,-41.0,55.0,-0.26
07:45:40,338.0,18.0,350.0,30.0,337.0,12.0,351.0,24.0,344.0,12.0,30.0,54.0,3.295554581554087,338.0,350.0,84,-24.0,-73.0,-0.29
07:45:41,338.0,30.0,350.0,50.0,337.0,20.0,351.0,40.0,344.0,12.0,50.0,90.0,2.0385779357196103,338.0,350.0,140,-40.0,56.0,-0.29
07:45:42,338.37,38.0,349.93,75.0,337.57,37.0,350.92,61.0,344.15,11.560000000000002,75.0,136.0,0.41448763552516144,338.37,349.93,211,-61.0,71.0,-0.29
07:45:43,339.59,29.0,347.84,95.0,338.5,44.0,350.0,95.0,343.71,8.25,73.0,190.0,0.17762319669256604,339.59,347.84,263,-117.0,52.0,-0.44
07:45:44,338.43,28.0,346.43,70.0,337.23,26.0,350.0,70.0,342.43,8.0,54.0,140.0,0.7047481819793142,338.43,346.43,194,-86.0,-69.0,-0.44
07:45:45,338.0,30.0,345.11,88.0,337.0,32.0,353.23,65.0,341.56,7.110000000000014,62.0,153.0,1.1270093167329915,338.0,345.11,215,-91.0,21.0,-0.42
07:45:46,335.8,20.0,344.0,50.0,336.79,19.0,345.0,20.0,339.9,8.199999999999989,39.0,70.0,1.7119141333614498,335.8,344.0,109,-31.0,-106.0,-0.28
07:45:47,334.0,107.0,344.0,73.0,333.0,13.0,348.23,26.0,339.0,10.0,120.0,99.0,1.8974061241606384,334.0,344.0,219,21.0,110.0,0.1
07:45:48,335.0,75.0,344.0,75.0,334.0,108.0,351.0,95.0,339.5,9.0,183.0,170.0,1.453966987246262,335.0,344.0,353,13.0,134.0,0.04
07:45:49,335.94,80.0,343.88,80.0,334.0,128.0,351.0,121.0,339.91,7.939999999999998,208.0,201.0,0.9615508306905832,335.94,343.88,409,7.0,56.0,0.02
07:45:50,338.9,132.0,343.0,85.0,335.07,112.0,351.0,95.0,340.95,4.100000000000023,244.0,180.0,0.7178230979856314,338.9,343.0,424,64.0,15.0,0.15
07:45:51,340.0,165.0,343.0,75.0,337.0,87.0,351.0,75.0,341.5,3.0,252.0,150.0,1.0323129370505106,340.0,343.0,402,102.0,-22.0,0.25
07:45:52,340.0,159.0,343.0,70.0,337.0,79.0,351.23,52.0,341.5,3.0,238.0,122.0,0.9223177326724799,340.0,343.0,360,116.0,-42.0,0.32
07:45:53,340.0,144.0,342.18,39.0,337.0,9.0,344.5,36.0,341.09,2.180000000000007,153.0,75.0,0.651575014869557,340.0,342.18,228,78.0,-132.0,0.34
07:45:54,340.0,119.0,342.34,41.0,337.0,10.0,348.11,54.0,341.17,2.339999999999975,129.0,95.0,0.24833445190392114,340.0,342.34,224,34.0,-4.0,0.15
07:45:55,340.0,40.0,351.9,39.0,337.0,8.0,354.0,40.0,345.95,11.899999999999977,48.0,79.0,2.081266441377207,340.0,351.9,127,-31.0,-97.0,-0.24
07:45:56,340.0,65.0,350.04,100.0,337.0,18.0,353.26,62.0,345.02,10.04000000000002,83.0,162.0,2.346024296550079,340.0,350.04,245,-79.0,118.0,-0.32
07:45:57,340.0,70.0,348.57,14.0,337.0,84.0,350.0,122.0,344.29,8.569999999999993,154.0,136.0,2.2457693559231666,340.0,348.57,290,18.0,45.0,0.06
07:45:58,340.1,20.0,346.65,20.0,337.03,100.0,349.89,84.0,343.38,6.5499999999999545,120.0,104.0,1.8243546804291333,340.1,346.65,224,16.0,-66.0,0.07
07:46:00,339.14,14.0,341.5,34.0,335.91,22.0,353.21,66.0,340.32,2.3600000000000136,36.0,100.0,1.7900335192402532,339.14,341.5,136,-64.0,-8.0,-0.47
07:46:01,337.0,42.0,340.21,70.0,335.0,42.0,354.0,82.0,338.61,3.2099999999999795,84.0,152.0,2.403045983747153,337.0,340.21,236,-68.0,100.0,-0.29
07:46:02,337.0,21.0,339.11,45.0,335.0,39.0,341.86,63.0,338.06,2.1100000000000136,60.0,108.0,2.515770259781875,337.0,339.11,168,-48.0,-68.0,-0.29
07:46:03,336.57,14.0,338.05,58.0,334.92,36.0,340.0,36.0,337.31,1.4800000000000182,50.0,94.0,2.3780937744341957,336.57,338.05,144,-44.0,-24.0,-0.31
07:46:04,335.0,46.0,338.24,51.0,334.0,48.0,346.88,48.0,336.62,3.240000000000009,94.0,99.0,1.4114992029761877,335.0,338.24,193,-5.0,49.0,-0.03
07:46:05,334.14,42.0,336.4,45.0,330.57,21.0,345.93,45.0,335.27,2.259999999999991,63.0,90.0,1.3036218776938977,334.14,336.4,153,-27.0,-40.0,-0.18
07:46:06,334.0,35.0,335.27,33.0,328.0,11.0,348.0,33.0,334.64,1.2699999999999818,46.0,66.0,1.4146200903429527,334.0,335.27,112,-20.0,-41.0,-0.18
07:46:07,334.0,10.0,349.27,22.0,328.0,10.0,350.67,21.0,341.64,15.269999999999982,20.0,43.0,2.751659499284397,334.0,349.27,63,-23.0,-49.0,-0.37
07:46:08,325.6,65.0,343.35,65.0,325.1,20.0,345.71,49.0,334.48,17.75,85.0,114.0,2.9783552508056945,325.6,343.35,199,-29.0,136.0,-0.15
07:46:09,325.0,54.0,328.0,9.0,324.0,9.0,344.78,41.0,326.5,3.0,63.0,50.0,5.375693443640656,325.0,328.0,113,13.0,-86.0,0.12
07:46:10,325.55,44.0,328.0,11.0,324.94,53.0,330.0,33.0,326.77,2.4499999999999886,97.0,44.0,6.332541353990563,325.55,328.0,141,53.0,28.0,0.38
07:46:11,326.0,27.0,328.0,9.0,324.78,9.0,331.0,36.0,327.0,2.0,36.0,45.0,6.69097302340999,326.0,328.0,81,-9.0,-60.0,-0.11
07:46:12,325.5,32.0,328.0,12.0,322.25,57.0,331.0,48.0,326.75,2.5,89.0,60.0,3.4592557002915547,325.5,328.0,149,29.0,68.0,0.19
07:46:13,324.0,36.0,326.44,18.0,322.0,270.0,328.0,18.0,325.22,2.4399999999999977,306.0,36.0,0.7089217164109773,324.0,326.44,342,270.0,184.0,0.79
07:46:14,325.8,25.0,330.25,32.0,322.06,141.0,344.8,60.0,328.02,4.449999999999989,166.0,92.0,1.0020828309072793,325.8,330.25,258,74.0,-84.0,0.29
07:46:15,329.0,42.0,331.0,56.0,322.0,103.0,345.91,97.0,330.0,2.0,145.0,153.0,1.7663012200639197,329.0,331.0,298,-8.0,40.0,-0.03
07:46:16,329.91,131.0,331.0,32.0,326.97,29.0,345.0,33.0,330.45,1.089999999999975,160.0,65.0,2.1940305376177953,329.91,331.0,225,95.0,-73.0,0.42
07:46:17,329.9,125.0,337.46,13.0,327.04,25.0,345.32,31.0,333.68,7.560000000000002,150.0,44.0,3.127711623535602,329.9,337.46,194,106.0,-31.0,0.55
07:46:18,328.56,34.0,345.0,30.0,323.64,22.0,346.0,86.0,336.78,16.439999999999998,56.0,116.0,3.452706185009099,328.56,345.0,172,-60.0,-22.0,-0.35
07:46:19,330.12,199.0,345.95,132.0,327.46,41.0,349.78,74.0,338.04,15.829999999999984,240.0,206.0,3.6240309049455255,330.12,345.95,446,34.0,184.0,0.08
07:46:20,331.09,181.0,345.07,45.0,330.5,104.0,346.12,166.0,338.08,13.980000000000018,285.0,211.0,3.298375357657224,331.09,345.07,496,74.0,50.0,0.15
07:46:21,335.29,112.0,340.53,73.0,331.22,194.0,342.59,130.0,337.91,5.239999999999952,306.0,203.0,1.8771574254709174,335.29,340.53,509,103.0,13.0,0.2
07:46:22,337.52,29.0,341.0,90.0,336.2,95.0,345.0,72.0,339.26,3.480000000000018,124.0,162.0,0.879079063566328,337.52,341.0,286,-38.0,-184.0,-0.13
07:46:23,339.77,13.0,341.0,65.0,338.0,13.0,345.0,52.0,340.38,1.2300000000000182,26.0,117.0,1.0693829996781516,339.77000000000004,341.0,143,-91.0,-143.0,-0.64
07:46:24,340.0,28.0,341.55,58.0,338.0,12.0,345.67,48.0,340.78,1.5500000000000114,40.0,106.0,1.301660478005173,340.0,341.55,146,-66.0,3.0,-0.45
07:46:25,339.56,36.0,345.0,40.0,329.32,38.0,349.0,40.0,342.28,5.439999999999998,74.0,80.0,1.642595507116911,339.56,345.0,154,-6.0,8.0,-0.04
07:46:26,336.0,24.0,344.17,23.0,327.0,180.0,345.6,40.0,340.09,8.170000000000016,204.0,63.0,1.112438762359861,336.0,344.17,267,141.0,113.0,0.53
07:46:27,336.0,30.0,341.67,27.0,326.98,141.0,343.85,41.0,338.83,5.670000000000016,171.0,68.0,1.2464228816901304,336.0,341.67,239,103.0,-28.0,0.43
07:46:28,336.0,40.0,341.61,28.0,328.23,104.0,344.88,68.0,338.8,5.610000000000014,144.0,96.0,1.457919750878162,336.0,341.61,240,48.0,1.0,0.2
07:46:29,336.91,86.0,341.53,17.0,334.1,42.0,345.0,68.0,339.22,4.619999999999948,128.0,85.0,1.4579197508781385,336.91,341.53,213,43.0,-27.0,0.2
07:46:30,337.94,96.0,341.0,16.0,336.6,40.0,345.0,64.0,339.47,3.0600000000000023,136.0,80.0,0.5311967620388078,337.94,341.0,216,56.0,3.0,0.26
07:46:31,338.93,84.0,347.55,44.0,336.82,44.0,348.33,84.0,343.24,8.620000000000005,128.0,128.0,1.881294766909389,338.93,347.55,256,0.0,40.0,0.0
07:46:35,339.22,54.0,342.21,34.0,336.53,34.0,343.88,41.0,340.71,2.9899999999999523,88.0,75.0,2.0072194698142565,339.22,342.21,163,13.0,-43.0,0.08
07:46:36,337.0,36.0,341.42,12.0,336.0,24.0,344.0,48.0,339.21,4.420000000000016,60.0,60.0,2.8267330967039093,337.0,341.42,120,0.0,-43.0,0.0
07:46:37,337.0,51.0,339.34,53.0,336.0,34.0,342.88,32.0,338.17,2.339999999999975,85.0,85.0,2.7267783188225576,337.0,339.34000000000003,170,0.0,50.0,0.0
07:46:38,336.61,41.0,339.0,64.0,335.67,27.0,341.0,16.0,337.8,2.3899999999999864,68.0,80.0,2.205629161940063,336.61,339.0,148,-12.0,-22.0,-0.08
07:46:39,334.0,56.0,339.0,34.0,331.0,14.0,341.0,14.0,336.5,5.0,70.0,48.0,1.579927213513356,334.0,339.0,118,22.0,-30.0,0.19
07:46:40,336.36,75.0,338.0,34.0,333.79,56.0,344.86,29.0,337.18,1.6399999999999864,131.0,63.0,1.024143544626385,336.36,338.0,194,68.0,76.0,0.35
07:46:41,335.33,18.0,344.0,20.0,333.0,19.0,348.48,31.0,339.67,8.670000000000016,37.0,51.0,1.19244706381456,335.33,344.0,88,-14.0,-106.0,-0.16
07:46:42,334.0,14.0,348.48,31.0,327.0,7.0,352.32,38.0,341.24,14.480000000000018,21.0,69.0,1.94335277291598,334.0,348.48,90,-48.0,2.0,-0.53
07:46:43,333.8,15.0,349.0,40.0,326.62,8.0,356.0,48.0,341.4,15.199999999999989,23.0,88.0,2.268968928830994,333.8,349.0,111,-65.0,21.0,-0.59
07:46:44,338.27,22.0,348.26,39.0,333.1,21.0,350.25,67.0,343.26,9.990000000000009,43.0,106.0,2.273433526629035,338.27,348.26,149,-63.0,38.0,-0.42
07:46:45,336.8,20.0,346.85,26.0,332.05,19.0,348.0,13.0,341.82,10.050000000000011,39.0,39.0,1.2868644062220775,336.8,346.85,78,0.0,-71.0,0.0
07:46:46,332.33,18.0,346.0,34.0,326.5,12.0,347.08,12.0,339.17,13.670000000000016,30.0,46.0,1.4690200815513852,332.33,346.0,76,-16.0,-2.0,-0.21
07:46:47,327.52,23.0,339.48,42.0,325.58,33.0,339.34,41.0,333.5,11.960000000000036,56.0,83.0,3.8306135278830418,327.52,339.48,139,-27.0,63.0,-0.19
07:46:48,327.0,19.0,332.76,42.0,325.0,90.0,333.55,66.0,329.88,5.759999999999991,109.0,108.0,5.672078983935221,327.0,332.76,217,1.0,78.0,0.0
07:46:49,325.06,68.0,332.0,26.0,323.06,34.0,333.0,91.0,328.53,6.939999999999998,102.0,117.0,5.773746617232048,325.06,332.0,219,-15.0,2.0,-0.07
07:46:50,325.59,131.0,328.75,32.0,324.0,54.0,331.85,52.0,327.17,3.160000000000025,185.0,84.0,4.81950723622209,325.59,328.75,269,101.0,50.0,0.38
07:46:51,325.45,80.0,332.4,20.0,322.83,24.0,342.67,12.0,328.92,6.949999999999989,104.0,32.0,2.3874986910982816,325.45,332.4,136,72.0,-133.0,0.53
07:46:52,328.06,106.0,333.0,13.0,326.94,128.0,343.16,43.0,330.53,4.939999999999998,234.0,56.0,1.293379294714313,328.06,333.0,290,178.0,154.0,0.61
07:46:53,329.73,132.0,335.7,20.0,326.85,142.0,342.19,52.0,332.71,5.96999999999997,274.0,72.0,2.123986817283943,329.73,335.7,346,202.0,56.0,0.58
07:46:54,327.75,120.0,342.0,36.0,320.62,52.0,343.0,60.0,334.88,14.25,172.0,96.0,3.044251960662351,327.75,342.0,268,76.0,-78.0,0.28
07:46:55,337.0,30.0,342.0,30.0,328.0,100.0,343.1,42.0,339.5,5.0,130.0,72.0,4.127392639427189,337.0,342.0,202,58.0,-66.0,0.29
07:46:56,337.0,36.0,341.6,20.0,328.0,120.0,342.43,28.0,339.3,4.600000000000023,156.0,48.0,3.9762457167532843,337.0,341.6,204,108.0,2.0,0.53
07:46:57,337.71,70.0,341.0,12.0,329.12,80.0,342.55,33.0,339.36,3.2900000000000205,150.0,45.0,3.1581481915831144,337.71,341.0,195,105.0,-9.0,0.54
07:46:58,338.63,82.0,341.0,11.0,337.0,22.0,345.0,22.0,339.82,2.3700000000000045,104.0,33.0,2.0736730697003103,338.63,341.0,137,71.0,-58.0,0.52
07:46:59,340.0,51.0,341.0,10.0,337.3,20.0,345.0,20.0,340.5,1.0,71.0,30.0,0.4924225827485922,340.0,341.0,101,41.0,-36.0,0.41
07:47:00,340.0,55.0,341.0,11.0,338.09,22.0,345.0,19.0,340.5,1.0,77.0,30.0,0.5869241859055395,340.0,341.0,107,47.0,6.0,0.44
07:47:01,340.0,35.0,341.0,7.0,339.0,14.0,345.0,7.0,340.5,1.0,49.0,14.0,0.5242899960908853,340.0,341.0,63,35.0,-44.0,0.56
07:47:02,340.0,50.0,341.0,10.0,339.0,20.0,345.0,27.0,340.5,1.0,70.0,37.0,0.30410524494173125,340.0,341.0,107,33.0,44.0,0.31
07:47:03,339.32,19.0,341.0,9.0,335.27,44.0,344.0,60.0,340.16,1.6800000000000068,63.0,69.0,0.15205262247355797,339.32,341.0,132,-6.0,25.0,-0.05
07:47:04,337.55,11.0,341.55,31.0,334.05,128.0,343.77,43.0,339.55,4.0,139.0,74.0,0.41390820238430465,337.55,341.55,213,65.0,81.0,0.31
07:47:05,337.0,6.0,343.96,49.0,334.0,108.0,345.3,20.0,340.48,6.9599999999999795,114.0,69.0,0.41087711058296833,337.0,343.9599999999999,183,45.0,-30.0,0.25
07:47:06,337.0,11.0,343.0,22.0,334.0,198.0,344.0,56.0,340.0,6.0,209.0,78.0,0.39156097864951384,337.0,343.0,287,131.0,104.0,0.46
07:47:07,337.0,7.0,343.0,14.0,334.0,126.0,344.0,28.0,340.0,6.0,133.0,42.0,0.33588688572333375,337.0,343.0,175,91.0,-112.0,0.52
07:47:08,337.0,12.0,340.63,27.0,334.0,216.0,342.09,35.0,338.81,3.6299999999999955,228.0,62.0,0.6284663873277716,337.0,340.63,290,166.0,115.0,0.57
07:47:09,334.03,107.0,337.31,26.0,326.0,54.0,339.0,26.0,335.67,3.2800000000000296,161.0,52.0,1.95672430352375,334.03,337.31,213,109.0,-77.0,0.51
07:47:10,327.83,70.0,332.76,34.0,321.56,27.0,334.88,34.0,330.3,4.930000000000007,97.0,68.0,4.120840933595909,327.83,332.76,165,29.0,-48.0,0.18
07:47:11,323.08,13.0,333.0,22.0,321.09,33.0,337.0,22.0,328.04,9.920000000000016,46.0,44.0,5.233214117537964,323.08,333.0,90,2.0,-75.0,0.02
07:47:12,332.93,56.0,335.75,32.0,322.03,29.0,339.79,19.0,334.34,2.819999999999993,85.0,51.0,4.290660788270056,332.93,335.75,136,34.0,46.0,0.25
07:47:13,335.79,82.0,337.88,16.0,333.88,41.0,341.45,53.0,336.83,2.089999999999975,123.0,69.0,3.724195215076412,335.79,337.88,192,54.0,56.0,0.28
07:47:14,336.0,112.0,339.0,8.0,335.0,8.0,341.0,40.0,337.5,3.0,120.0,48.0,4.116979475294746,336.0,339.0,168,72.0,-24.0,0.43
07:47:15,336.0,28.0,339.0,2.0,335.0,2.0,341.0,10.0,337.5,3.0,30.0,12.0,4.018746073092808,336.0,339.0,42,18.0,-126.0,0.43
07:47:16,336.62,42.0,339.0,9.0,335.98,100.0,341.0,45.0,337.81,2.3799999999999955,142.0,54.0,1.4188481243599724,336.62,339.0,196,88.0,154.0,0.45
07:47:17,336.06,130.0,340.91,47.0,335.76,37.0,348.04,46.0,338.49,4.850000000000023,167.0,93.0,0.6011904856200935,336.06,340.91,260,74.0,64.0,0.28
07:47:18,336.07,45.0,341.0,30.0,335.93,45.0,350.0,24.0,338.53,4.930000000000007,90.0,54.0,0.5126694841710716,336.07,341.0,144,36.0,-116.0,0.25
07:47:19,339.83,18.0,341.0,55.0,336.03,115.0,350.0,44.0,340.42,1.170000000000016,133.0,99.0,1.1347907296063342,339.83,341.0,232,34.0,88.0,0.15
07:47:20,340.0,14.0,341.0,35.0,336.25,80.0,351.0,28.0,340.5,1.0,94.0,63.0,1.2299390228790803,340.0,341.0,157,31.0,-75.0,0.2
07:47:21,338.37,43.0,341.0,75.0,336.34,118.0,351.0,44.0,339.69,2.6299999999999955,161.0,119.0,0.9798112063050297,338.37,341.0,280,42.0,123.0,0.15
07:47:22,338.0,78.0,340.94,82.0,336.0,224.0,347.03,73.0,339.47,2.9399999999999977,302.0,155.0,0.8027888888126192,338.0,340.94,457,147.0,177.0,0.32
07:47:23,338.0,52.0,340.0,13.0,336.0,182.0,341.0,65.0,339.0,2.0,234.0,78.0,0.6391635158557024,338.0,340.0,312,156.0,-145.0,0.5
07:47:24,338.0,48.0,339.08,12.0,336.0,168.0,342.58,33.0,338.54,1.079999999999984,216.0,45.0,0.7400337830132755,338.0,339.08,261,171.0,-51.0,0.66
07:47:25,336.2,164.0,338.79,14.0,335.68,94.0,343.0,28.0,337.49,2.590000000000032,258.0,42.0,0.8742825630200292,336.2,338.79,300,216.0,39.0,0.72
07:47:26,336.0,168.0,337.75,12.0,335.0,36.0,343.0,24.0,336.88,1.75,204.0,36.0,1.070761411333456,336.0,337.75,240,168.0,-60.0,0.7
07:47:27,336.0,98.0,337.0,9.0,335.0,27.0,343.0,18.0,336.5,1.0,125.0,27.0,1.0665927057695184,336.0,337.0,152,98.0,-88.0,0.64
07:47:28,336.0,99.0,343.0,22.0,335.0,33.0,352.0,55.0,339.5,7.0,132.0,77.0,1.2317142525767653,336.0,343.0,209,55.0,57.0,0.26
07:47:29,336.08,88.0,343.0,20.0,335.25,36.0,352.4,50.0,339.54,6.920000000000016,124.0,70.0,1.4477983284977103,336.08,343.0,194,54.0,-15.0,0.28
07:47:30,337.88,56.0,349.18,22.0,336.0,72.0,353.24,34.0,343.53,11.300000000000011,128.0,56.0,2.8118677067032922,337.88,349.18,184,72.0,-10.0,0.39
07:47:31,338.95,140.0,345.38,53.0,336.0,180.0,352.71,77.0,342.16,6.430000000000007,320.0,130.0,2.717329571472886,338.95,345.38,450,190.0,184.0,0.42
07:47:32,339.0,56.0,343.0,24.0,336.0,72.0,353.12,34.0,341.0,4.0,128.0,58.0,1.7336031841229413,339.0,343.0,186,70.0,-184.0,0.38
07:47:33,339.0,63.0,343.0,45.0,336.0,81.0,354.0,18.0,341.0,4.0,144.0,63.0,1.490261721980831,339.0,343.0,207,81.0,21.0,0.39
07:47:34,340.15,91.0,343.0,78.0,336.04,103.0,354.0,26.0,341.58,2.8500000000000227,194.0,104.0,1.0531286721010793,340.15,343.0,298,90.0,91.0,0.3
07:47:42,339.89,19.0,342.56,32.0,339.7,40.0,347.0,33.0,341.23,2.670000000000016,59.0,65.0,0.33904277016529444,339.89,342.56,124,-6.0,-38.0,-0.05
07:47:43,338.26,38.0,342.0,18.0,337.69,51.0,343.67,27.0,340.13,3.740000000000009,89.0,45.0,0.7801474219667541,338.26,342.0,134,44.0,10.0,0.33
07:47:44,338.25,95.0,345.6,63.0,337.59,107.0,350.63,49.0,341.93,7.350000000000023,202.0,112.0,0.7673460757711456,338.25,345.6,314,90.0,180.0,0.29
07:47:45,338.0,84.0,353.67,27.0,337.0,48.0,355.6,30.0,345.83,15.670000000000016,132.0,57.0,2.1649295600553193,338.0,353.67,189,75.0,-125.0,0.4
07:47:46,338.0,84.0,352.17,12.0,337.0,48.0,354.61,31.0,345.08,14.170000000000016,132.0,43.0,2.486061141645808,338.0,352.17,175,89.0,-14.0,0.51
07:47:47,339.93,57.0,350.69,16.0,337.79,97.0,354.37,35.0,345.31,10.759999999999991,154.0,51.0,2.49507114127056,339.93000000000006,350.69,205,103.0,30.0,0.5
07:47:48,337.74,77.0,349.6,20.0,336.29,56.0,352.77,26.0,343.67,11.860000000000014,133.0,46.0,1.5781888353429239,337.74,349.6,179,87.0,-26.0,0.49
07:47:49,337.02,57.0,348.63,54.0,335.14,59.0,349.03,33.0,342.82,11.610000000000014,116.0,87.0,1.2513872302373212,337.02,348.63,203,29.0,24.0,0.14
07:47:50,337.0,62.0,343.13,61.0,335.0,93.0,344.69,58.0,340.07,6.1299999999999955,155.0,119.0,2.119445682248394,337.0,343.13,274,36.0,71.0,0.13
07:47:51,337.0,29.0,339.36,56.0,335.0,84.0,341.14,56.0,338.18,2.3600000000000136,113.0,112.0,2.8606904760916962,337.0,339.36,225,1.0,-49.0,0.0
07:47:52,336.57,35.0,338.87,60.0,335.03,87.0,341.44,45.0,337.72,2.3000000000000114,122.0,105.0,2.6798638025097543,336.57,338.87,227,17.0,2.0,0.07
07:47:53,335.45,55.0,337.79,24.0,333.53,85.0,348.24,41.0,336.62,2.340000000000032,140.0,65.0,2.433047471793822,335.45,337.79,205,75.0,-22.0,0.37
07:47:54,335.14,49.0,347.24,21.0,334.0,49.0,352.67,54.0,341.19,12.100000000000023,98.0,75.0,1.8451639493558254,335.14,347.24,173,23.0,-32.0,0.13
07:47:55,335.0,30.0,354.45,22.0,328.0,5.0,355.8,25.0,344.73,19.44999999999999,35.0,47.0,3.287760636056415,335.0,354.45,82,-12.0,-91.0,-0.15
07:47:56,335.74,70.0,355.0,35.0,334.22,27.0,357.0,35.0,345.37,19.25999999999999,97.0,70.0,3.9657697865611903,335.74,355.0,167,27.0,85.0,0.16
07:47:57,336.0,169.0,353.93,43.0,335.0,78.0,356.82,76.0,344.97,17.930000000000007,247.0,119.0,3.7273422166472914,336.0,353.93,366,128.0,184.0,0.35
07:47:58,336.88,208.0,353.0,48.0,335.0,96.0,355.54,82.0,344.94,16.120000000000005,304.0,130.0,1.720639416031319,336.88,353.0,434,174.0,68.0,0.4
07:47:59,337.0,145.0,353.0,33.0,335.0,66.0,354.0,44.0,345.0,16.0,211.0,77.0,0.23145193885631932,337.0,353.0,288,134.0,-146.0,0.47
07:48:00,337.86,106.0,353.0,32.0,336.4,20.0,354.0,32.0,345.43,15.139999999999986,126.0,64.0,0.2374236719459751,337.86,353.0,190,62.0,-98.0,0.33
07:48:01,338.0,117.0,353.0,36.0,337.0,18.0,354.0,36.0,345.5,15.0,135.0,72.0,0.27307508125111096,338.0,353.0,207,63.0,17.0,0.3
07:48:02,338.16,148.0,352.9,49.0,337.0,24.0,353.92,48.0,345.53,14.739999999999952,172.0,97.0,0.28609439001887094,338.16,352.9,269,75.0,62.0,0.28
07:48:03,339.0,216.0,350.4,43.0,337.0,36.0,351.61,62.0,344.7,11.399999999999977,252.0,105.0,0.36629223306027603,339.0,350.4,357,147.0,88.0,0.41
07:48:04,339.0,204.0,344.53,45.0,337.0,34.0,344.59,56.0,341.77,5.529999999999973,238.0,101.0,1.611033829564239,339.0,344.53,339,137.0,-18.0,0.4
07:48:05,339.0,192.0,342.35,48.0,337.0,32.0,351.62,64.0,340.68,3.3500000000000227,224.0,112.0,2.259077245248733,339.0,342.3500000000001,336,112.0,-3.0,0.33
07:48:06,340.0,156.0,351.74,19.0,337.0,26.0,353.01,85.0,345.87,11.740000000000009,182.0,104.0,2.3400106837364283,340.0,351.74,286,78.0,-50.0,0.27
07:48:13,338.52,58.0,341.68,22.0,337.49,41.0,345.41,41.0,340.1,3.160000000000025,99.0,63.0,1.5814771575969901,338.52,341.68,162,36.0,-84.0,0.22
07:48:14,339.0,72.0,340.22,27.0,338.0,52.0,344.4,43.0,339.61,1.2200000000000273,124.0,70.0,1.7423633375393646,339.0,340.22,194,54.0,32.0,0.28
07:48:15,338.2,35.0,348.23,35.0,337.28,29.0,352.75,44.0,343.21,10.03000000000003,64.0,79.0,1.6702155549513102,338.2,348.23,143,-15.0,-51.0,-0.1
07:48:16,339.11,37.0,349.0,36.0,337.71,17.0,354.0,45.0,344.05,9.889999999999986,54.0,81.0,1.929917096665355,339.11,349.0,135,-27.0,-8.0,-0.2
07:48:20,340.0,22.0,343.73,55.0,338.0,44.0,350.55,55.0,341.86,3.730000000000018,66.0,110.0,1.040081727558198,340.0,343.73,176,-44.0,16.0,-0.25
07:48:21,340.0,14.0,343.0,35.0,338.0,28.0,344.0,35.0,341.5,3.0,42.0,70.0,1.3343425347341327,340.0,343.0,112,-28.0,-64.0,-0.25
07:48:22,340.0,28.0,341.21,70.0,338.0,56.0,342.21,70.0,340.61,1.2099999999999795,84.0,140.0,1.4591607176733743,340.0,341.21,224,-56.0,112.0,-0.25
07:48:23,338.53,15.0,340.8,44.0,337.5,16.0,346.7,50.0,339.66,2.2700000000000387,31.0,94.0,1.385254489255108,338.53,340.8,125,-63.0,-99.0,-0.5
07:48:24,336.82,17.0,339.16,55.0,335.56,25.0,342.65,81.0,337.99,2.340000000000032,42.0,136.0,1.558245808594367,336.82,339.16,178,-94.0,53.0,-0.53
07:48:25,337.95,37.0,347.49,55.0,335.8,15.0,349.19,57.0,342.72,9.54000000000002,52.0,112.0,1.7990358528950554,337.95,347.49,164,-60.0,-14.0,-0.37
07:48:26,338.0,54.0,343.31,48.0,336.0,18.0,345.44,27.0,340.66,5.310000000000002,72.0,75.0,1.7192934595356102,338.0,343.31,147,-3.0,-17.0,-0.02
07:48:27,338.0,35.0,340.9,40.0,336.0,16.0,341.53,38.0,339.45,2.8999999999999773,51.0,78.0,1.7497228351947798,338.0,340.9,129,-27.0,-18.0,-0.21
07:48:28,337.11,18.0,339.03,29.0,335.24,21.0,342.3,27.0,338.07,1.919999999999959,39.0,56.0,1.9783250491267168,337.11,339.03,95,-17.0,-34.0,-0.18
07:48:29,333.67,27.0,336.67,18.0,331.58,19.0,343.12,32.0,335.17,3.0,46.0,50.0,2.8329013396167753,333.67,336.67,96,-4.0,1.0,-0.04
07:48:30,331.55,29.0,335.69,13.0,281.54,52.0,342.2,40.0,333.62,4.139999999999986,81.0,53.0,2.9385421555600413,331.55,335.69,134,28.0,38.0,0.21
07:48:31,326.0,48.0,329.79,24.0,325.0,12.0,341.0,30.0,327.9,3.7900000000000205,60.0,54.0,4.512368557642969,326.0,329.79,114,6.0,-20.0,0.05
07:48:32,328.83,161.0,334.53,19.0,288.37,30.0,341.02,54.0,331.68,5.699999999999989,191.0,73.0,3.812344423055946,328.83,334.53,264,118.0,150.0,0.45
07:48:33,325.67,30.0,338.52,42.0,324.7,120.0,342.87,46.0,332.1,12.849999999999966,150.0,88.0,2.7180654885426363,325.67,338.52,238,62.0,-26.0,0.26
07:48:34,327.0,11.0,331.0,14.0,320.0,11.0,337.0,45.0,329.0,4.0,22.0,59.0,2.347807487850592,327.0,331.0,81,-37.0,-157.0,-0.46
07:48:35,335.0,50.0,336.0,37.0,324.9,10.0,345.0,50.0,335.5,1.0,60.0,87.0,2.9687505789485087,335.0,336.0,147,-27.0,66.0,-0.18
07:48:36,335.0,40.0,336.0,24.0,317.43,28.0,345.0,40.0,335.5,1.0,68.0,64.0,2.7728469124721338,335.0,336.0,132,4.0,-15.0,0.03
07:48:37,335.0,30.0,336.0,10.0,317.0,36.0,345.0,30.0,335.5,1.0,66.0,40.0,2.924380276230479,335.0,336.0,106,26.0,-26.0,0.25
07:48:38,335.0,30.0,336.0,6.0,318.0,30.0,345.0,30.0,335.5,1.0,60.0,36.0,2.906888370750683,335.0,336.0,96,24.0,-10.0,0.25
07:48:39,335.0,5.0,336.0,1.0,322.0,3.0,345.0,5.0,335.5,1.0,8.0,6.0,0.0,335.0,336.0,14,2.0,-82.0,0.14
07:48:40,335.0,45.0,336.0,9.0,322.0,27.0,345.0,45.0,335.5,1.0,72.0,54.0,0.0,335.0,336.0,126,18.0,112.0,0.14
07:48:41,333.3,23.0,336.0,5.0,320.33,18.0,345.0,25.0,334.65,2.6999999999999886,41.0,30.0,0.380131556181654,333.3,336.0,71,11.0,-55.0,0.15
07:48:42,322.13,45.0,333.8,30.0,319.45,175.0,336.0,15.0,327.97,11.670000000000016,220.0,45.0,3.2931185827427516,322.13,333.8,265,175.0,184.0,0.66
07:48:43,326.43,132.0,331.6,40.0,324.75,60.0,337.47,51.0,329.02,5.170000000000016,192.0,91.0,3.7165131507915006,326.43,331.6,283,101.0,18.0,0.36
07:48:44,328.05,106.0,331.33,21.0,319.35,102.0,335.33,43.0,329.69,3.2799999999999727,208.0,64.0,3.453987550644414,328.05,331.33,272,144.0,-11.0,0.53
07:48:45,329.0,55.0,340.37,92.0,317.94,107.0,340.96,69.0,334.68,11.370000000000005,162.0,161.0,3.220181671894719,329.0,340.37,323,1.0,51.0,0.0
07:48:46,334.76,74.0,341.0,196.0,336.07,115.0,342.0,81.0,337.88,6.240000000000009,189.0,277.0,4.245547079000114,334.76,341.0,466,-88.0,143.0,-0.19
07:48:47,340.0,55.0,341.0,154.0,338.0,134.0,342.0,44.0,340.5,1.0,189.0,198.0,5.012901355503156,340.0,341.0,387,-9.0,-79.0,-0.02
07:48:48,338.16,61.0,341.0,86.0,323.16,55.0,342.0,36.0,339.58,2.839999999999975,116.0,122.0,4.389576289347799,338.16,341.0,238,-6.0,-149.0,-0.03
07:48:49,338.73,208.0,340.75,120.0,331.33,111.0,341.43,94.0,339.74,2.019999999999982,319.0,214.0,2.3279776631238427,338.72999999999996,340.75,533,105.0,184.0,0.2
07:48:50,338.0,36.0,340.03,36.0,336.0,104.0,342.14,42.0,339.01,2.0299999999999727,140.0,78.0,0.975151270318211,338.0,340.03,218,62.0,-184.0,0.28
07:48:51,337.72,25.0,341.0,56.0,334.49,119.0,344.0,56.0,339.36,3.2799999999999727,144.0,112.0,0.5541840849420839,337.72,341.0,256,32.0,38.0,0.12
07:48:52,335.0,99.0,340.33,36.0,322.0,153.0,341.82,44.0,337.67,5.329999999999984,252.0,80.0,0.8301626346706422,335.0,340.33,332,172.0,76.0,0.52
07:48:53,336.0,90.0,339.5,28.0,335.0,81.0,341.56,36.0,337.75,3.5,171.0,64.0,0.9455844753397081,336.0,339.5,235,107.0,-97.0,0.46
07:48:54,336.73,110.0,341.0,44.0,335.0,99.0,347.27,44.0,338.86,4.269999999999982,209.0,88.0,0.7707463914956377,336.73,341.0,297,121.0,62.0,0.41
07:48:55,337.74,65.0,344.65,92.0,336.79,168.0,349.22,74.0,341.2,6.909999999999968,233.0,166.0,1.4418286999513235,337.74,344.65,399,67.0,102.0,0.17
07:48:56,339.87,45.0,348.0,120.0,338.32,59.0,351.0,75.0,343.93,8.129999999999995,104.0,195.0,2.674241948665626,339.87,348.0,299,-91.0,-100.0,-0.3
07:49:04,340.0,52.0,342.42,38.0,337.0,180.0,348.84,62.0,341.21,2.420000000000016,232.0,100.0,1.2588605959365193,340.0,342.42,332,132.0,166.0,0.4
07:49:05,340.0,11.0,350.0,44.0,337.0,110.0,354.0,44.0,345.0,10.0,121.0,88.0,1.5338611410429404,340.0,350.0,209,33.0,-123.0,0.16
07:49:06,340.0,12.0,348.75,24.0,337.0,120.0,350.58,48.0,344.38,8.75,132.0,72.0,1.6246630419879384,340.0,348.75,204,60.0,-5.0,0.29
07:49:07,339.5,16.0,346.47,30.0,336.71,77.0,352.33,60.0,342.98,6.970000000000027,93.0,90.0,1.6159981435637705,339.5,346.47,183,3.0,-21.0,0.02
07:49:08,336.95,44.0,345.85,33.0,335.76,37.0,354.69,58.0,341.4,8.900000000000034,81.0,91.0,1.707975409659519,336.95,345.85,172,-10.0,-11.0,-0.06
07:49:09,337.0,45.0,344.08,51.0,336.0,30.0,344.52,54.0,340.54,7.079999999999984,75.0,105.0,1.8985784155524512,337.0,344.08,180,-30.0,8.0,-0.17
07:49:10,337.0,36.0,339.45,40.0,336.0,28.0,343.7,61.0,338.23,2.4499999999999886,64.0,101.0,2.351016801301589,337.0,339.45,165,-37.0,-15.0,-0.22
07:49:11,336.83,12.0,338.0,44.0,335.74,27.0,344.07,54.0,337.42,1.170000000000016,39.0,98.0,2.283436007424565,336.83,338.0,137,-59.0,-28.0,-0.43
07:49:12,336.0,20.0,344.6,40.0,335.0,70.0,348.86,28.0,340.3,8.600000000000023,90.0,68.0,1.6763412540420557,336.0,344.6,158,22.0,21.0,0.14
07:49:13,337.16,38.0,343.35,86.0,335.52,58.0,344.37,87.0,340.25,6.189999999999998,96.0,173.0,1.423716966255382,337.16,343.35,269,-77.0,111.0,-0.29
07:49:14,335.24,54.0,341.46,52.0,333.14,29.0,344.0,49.0,338.35,6.21999999999997,83.0,101.0,1.296514558346211,335.24,341.46,184,-18.0,-85.0,-0.1
07:49:15,337.11,18.0,341.0,52.0,335.17,29.0,343.0,52.0,339.06,3.8899999999999864,47.0,104.0,1.2395684733017258,337.11,341.0,151,-57.0,-33.0,-0.38
07:49:16,335.63,19.0,340.56,36.0,329.88,16.0,343.16,38.0,338.09,4.930000000000007,35.0,74.0,1.0351569929259552,335.63,340.56,109,-39.0,-42.0,-0.36
07:49:17,336.72,114.0,340.11,38.0,334.33,18.0,344.31,52.0,338.41,3.3899999999999864,132.0,90.0,0.8694365991857436,336.72,340.11,222,42.0,113.0,0.19
07:49:18,337.0,140.0,346.26,27.0,335.0,20.0,348.21,43.0,341.63,9.259999999999991,160.0,70.0,1.4543795928173453,337.0,346.26,230,90.0,8.0,0.39
07:49:19,337.0,154.0,344.31,39.0,335.0,22.0,346.06,49.0,340.65,7.310000000000002,176.0,88.0,1.5170761352032796,337.0,344.31,264,88.0,34.0,0.33
07:49:20,337.03,130.0,343.0,33.0,336.22,46.0,348.33,60.0,340.02,5.970000000000027,176.0,93.0,1.4973309587406562,337.03,343.0,269,83.0,5.0,0.31
07:49:21,337.0,126.0,342.78,27.0,335.0,18.0,351.0,90.0,339.89,5.779999999999973,144.0,117.0,1.1777096416362516,337.0,342.78,261,27.0,-8.0,0.1
07:49:22,337.0,126.0,342.0,27.0,335.0,18.0,350.67,60.0,339.5,5.0,144.0,87.0,0.832267985689038,337.0,342.0,231,57.0,-30.0,0.25
07:49:23,337.0,97.0,341.79,33.0,335.0,30.0,348.33,55.0,339.39,4.7900000000000205,127.0,88.0,0.4991492762723248,337.0,341.79,215,39.0,-16.0,0.18
07:49:24,337.0,71.0,339.26,23.0,326.0,76.0,344.89,19.0,338.13,2.259999999999991,147.0,42.0,0.7494197755620863,337.0,339.26,189,105.0,-26.0,0.56
07:49:25,337.0,114.0,339.0,36.0,326.0,60.0,340.0,12.0,338.0,2.0,174.0,48.0,0.8587025096060833,337.0,339.0,222,126.0,33.0,0.57
07:49:26,337.0,105.0,338.95,19.0,326.0,35.0,347.26,23.0,337.97,1.9499999999999886,140.0,42.0,0.7765114294097948,337.0,338.95,182,98.0,-40.0,0.54
07:49:27,337.0,150.0,346.05,65.0,326.0,60.0,350.21,66.0,341.52,9.050000000000011,210.0,131.0,1.5264566813387495,337.0,346.05,341,79.0,159.0,0.23
07:49:28,337.0,108.0,348.74,57.0,328.0,36.0,349.83,36.0,342.87,11.740000000000009,144.0,93.0,2.3296501883336864,337.0,348.74,237,51.0,-104.0,0.22
07:49:29,337.64,50.0,348.0,40.0,336.1,80.0,349.0,16.0,342.82,10.360000000000014,130.0,56.0,2.4798245905713676,337.64,348.0,186,74.0,-51.0,0.4
07:49:33,338.67,36.0,343.74,66.0,336.3,160.0,353.4,75.0,341.2,5.069999999999993,196.0,141.0,1.2231843687688733,338.67,343.74,337,55.0,95.0,0.16
07:49:34,337.0,182.0,340.23,53.0,330.0,136.0,342.63,49.0,338.61,3.230000000000018,318.0,102.0,2.4106907723723254,337.0,340.23,420,216.0,83.0,0.51
07:49:35,337.0,80.0,343.7,54.0,330.0,96.0,350.1,30.0,340.35,6.699999999999989,176.0,84.0,2.3007759560638723,337.0,343.7,260,92.0,-160.0,0.35
07:49:36,334.7,87.0,351.17,42.0,328.85,106.0,352.75,20.0,342.93,16.470000000000027,193.0,62.0,2.0572141356703217,334.7,351.17,255,131.0,-5.0,0.51
07:49:37,331.04,164.0,345.0,10.0,328.87,38.0,350.0,12.0,338.02,13.95999999999998,202.0,22.0,1.9845326905855534,331.04,345.0,224,180.0,-31.0,0.8
07:49:38,331.0,133.0,338.0,21.0,329.0,14.0,345.0,7.0,334.5,7.0,147.0,28.0,3.104846211973127,331.0,338.0,175,119.0,-49.0,0.68
07:49:39,334.3,90.0,342.38,8.0,330.81,63.0,348.64,11.0,338.34,8.079999999999984,153.0,19.0,3.1130965291818264,334.3,342.38,172,134.0,-3.0,0.78
07:49:40,340.0,66.0,345.0,6.0,331.0,114.0,349.0,12.0,342.5,5.0,180.0,18.0,3.500288559533845,340.0,345.0,198,162.0,26.0,0.82
07:49:41,340.0,44.0,345.0,4.0,331.0,76.0,349.14,7.0,342.5,5.0,120.0,11.0,3.3910942186857036,340.0,345.0,131,109.0,-67.0,0.83
07:49:42,340.02,108.0,348.64,11.0,331.49,201.0,350.93,43.0,344.33,8.620000000000005,309.0,54.0,3.978464527930638,340.02,348.64,363,255.0,184.0,0.7
07:49:43,340.0,135.0,350.0,15.0,335.91,183.0,351.0,63.0,345.0,10.0,318.0,78.0,2.593198796853103,340.0,350.0,396,240.0,33.0,0.61
07:49:45,340.06,51.0,350.0,9.0,339.24,74.0,351.0,36.0,345.03,9.939999999999998,125.0,45.0,1.1785457140045101,340.06,350.0,170,80.0,50.0,0.47
07:49:52,340.56,25.0,344.15,39.0,339.51,97.0,349.0,28.0,342.36,3.589999999999975,122.0,67.0,1.8639554715705124,340.56,344.15,189,55.0,-69.0,0.29
07:49:53,340.29,34.0,343.0,39.0,339.19,79.0,353.92,13.0,341.65,2.7099999999999795,113.0,52.0,2.468831707508259,340.29,343.0,165,61.0,-24.0,0.37
07:49:55,340.57,21.0,342.0,21.0,339.43,42.0,356.0,37.0,341.29,1.4300000000000068,63.0,58.0,1.6214438010612002,340.57,342.0,121,5.0,27.0,0.04
07:49:56,339.46,39.0,355.18,51.0,338.8,60.0,356.86,42.0,347.32,15.720000000000027,99.0,93.0,2.494199270306897,339.46,355.18,192,6.0,71.0,0.03
07:49:57,339.13,61.0,354.6,45.0,338.27,44.0,355.05,44.0,346.87,15.470000000000027,105.0,89.0,3.006622689995994,339.13,354.6,194,16.0,2.0,0.08
07:49:58,340.0,32.0,353.0,24.0,339.0,48.0,354.0,40.0,346.5,13.0,80.0,64.0,2.9140573089762527,340.0,353.0,144,16.0,-50.0,0.11
07:49:59,340.0,32.0,353.0,24.0,339.0,48.0,354.0,40.0,346.5,13.0,80.0,64.0,2.486026950778508,340.0,353.0,144,16.0,0.0,0.11
07:50:00,340.0,36.0,353.0,27.0,339.0,54.0,354.0,45.0,346.5,13.0,90.0,72.0,0.36265686260730595,340.0,353.0,162,18.0,18.0,0.11
07:50:01,339.2,60.0,353.0,33.0,338.36,50.0,354.0,55.0,346.1,13.800000000000011,110.0,88.0,0.27236005580188793,339.2,353.0,198,22.0,36.0,0.11
07:50:02,338.92,51.0,352.31,39.0,337.74,65.0,353.43,47.0,345.61,13.389999999999986,116.0,86.0,0.393471727061329,338.92,352.31,202,30.0,4.0,0.15
07:50:03,339.0,48.0,350.31,48.0,338.0,64.0,353.83,72.0,344.66,11.310000000000002,112.0,120.0,0.7710901374009046,339.0,350.31,232,-8.0,30.0,-0.03
07:50:04,339.37,46.0,349.88,48.0,337.56,78.0,354.0,80.0,344.62,10.509999999999991,124.0,128.0,0.8444051160416229,339.37,349.87999999999994,252,-4.0,20.0,-0.02
07:50:05,339.0,57.0,348.16,57.0,338.0,38.0,353.74,81.0,343.58,9.160000000000025,95.0,138.0,0.9774354198604391,339.0,348.16,233,-43.0,-19.0,-0.18
07:50:06,338.33,24.0,346.07,42.0,337.12,192.0,354.81,97.0,342.2,7.740000000000009,216.0,139.0,1.297952233326931,338.33,346.07,355,77.0,122.0,0.22
07:50:07,338.0,20.0,345.0,30.0,337.0,180.0,355.0,55.0,341.5,7.0,200.0,85.0,1.4247526101042867,338.0,345.0,285,115.0,-70.0,0.4
07:50:08,339.44,34.0,344.0,54.0,337.15,160.0,355.0,69.0,341.72,4.560000000000002,194.0,123.0,1.3330716409853476,339.44,344.0,317,71.0,32.0,0.22
07:50:10,340.0,11.0,354.36,50.0,338.0,22.0,355.84,57.0,347.18,14.360000000000014,33.0,107.0,2.480890968986502,340.0,354.36,140,-74.0,2.0,-0.53
07:50:11,340.0,9.0,354.0,36.0,338.0,18.0,355.0,27.0,347.0,14.0,27.0,63.0,2.7567408293123905,340.0,354.0,90,-36.0,-50.0,-0.4
07:50:12,340.0,8.0,353.88,32.0,338.0,16.0,355.0,24.0,346.94,13.879999999999995,24.0,56.0,2.327698434075395,340.0,353.88,80,-32.0,-10.0,-0.4
07:50:13,340.0,13.0,353.0,52.0,338.0,26.0,355.0,39.0,346.5,13.0,39.0,91.0,0.8921434862152898,340.0,353.0,130,-52.0,50.0,-0.4
07:50:14,340.0,12.0,353.0,48.0,338.0,24.0,355.83,36.0,346.5,13.0,36.0,84.0,0.308674585925334,340.0,353.0,120,-48.0,-10.0,-0.4
07:50:15,340.0,11.0,353.0,44.0,338.0,22.0,356.0,47.0,346.5,13.0,33.0,91.0,0.25830214864815754,340.0,353.0,124,-58.0,4.0,-0.47
07:50:16,340.0,12.0,352.23,53.0,338.0,24.0,354.18,55.0,346.11,12.230000000000018,36.0,108.0,0.29376861642514335,340.0,352.23,144,-72.0,20.0,-0.5
07:50:17,337.45,53.0,348.9,97.0,329.85,85.0,350.83,103.0,343.17,11.449999999999989,138.0,200.0,1.4554483845182233,337.45,348.9,338,-62.0,184.0,-0.18
07:50:18,337.2,30.0,346.29,42.0,328.68,74.0,350.0,56.0,341.74,9.090000000000032,104.0,98.0,2.2088752794119437,337.2,346.29,202,6.0,-136.0,0.03
07:50:19,338.0,13.0,344.11,45.0,337.0,39.0,346.18,44.0,341.06,6.110000000000014,52.0,89.0,2.4869117394868856,338.0,344.11,141,-37.0,-61.0,-0.26
07:50:20,338.05,20.0,341.46,35.0,336.45,44.0,343.14,57.0,339.75,3.409999999999968,64.0,92.0,2.429244738596392,338.05,341.46,156,-28.0,15.0,-0.18
07:50:21,337.0,39.0,339.46,13.0,325.0,13.0,341.0,39.0,338.23,2.4599999999999795,52.0,52.0,1.8891135487309294,337.0,339.46,104,0.0,-52.0,0.0
07:50:22,330.14,21.0,346.06,36.0,322.89,111.0,345.24,25.0,338.1,15.920000000000016,132.0,61.0,1.6359798287262144,330.14,346.06,193,71.0,89.0,0.37
07:50:23,325.0,12.0,340.2,45.0,323.0,108.0,354.12,72.0,332.6,15.199999999999989,120.0,117.0,3.226278041334854,325.0,340.2,237,3.0,44.0,0.01
07:50:24,323.1,89.0,349.71,65.0,322.18,99.0,357.88,72.0,336.4,26.609999999999957,188.0,137.0,2.7388008324811954,323.1,349.71,325,51.0,88.0,0.16
07:50:25,324.63,76.0,347.0,27.0,323.09,79.0,353.0,18.0,335.82,22.370000000000005,155.0,45.0,2.284228534976271,324.63,347.0,200,110.0,-125.0,0.55
07:50:26,328.7,81.0,341.8,45.0,325.66,173.0,349.27,45.0,335.25,13.100000000000023,254.0,90.0,2.003442038093421,328.7,341.8,344,164.0,144.0,0.48
07:50:27,329.77,65.0,340.91,43.0,328.44,54.0,346.06,51.0,335.34,11.140000000000043,119.0,94.0,1.460896984732322,329.77,340.91,213,25.0,-131.0,0.12
07:50:28,333.81,58.0,343.75,60.0,330.75,124.0,345.74,57.0,338.78,9.939999999999998,182.0,117.0,1.4502827310562107,333.81,343.75,299,65.0,86.0,0.22
07:50:29,336.53,51.0,343.0,44.0,333.46,79.0,348.5,42.0,339.76,6.470000000000027,130.0,86.0,2.1210846282031617,336.53,343.0,216,44.0,-83.0,0.2
07:50:36,339.03,301.0,344.84,43.0,338.31,75.0,346.89,38.0,341.93,5.810000000000002,376.0,81.0,1.2839898753487289,339.03,344.84,457,295.0,88.0,0.65
07:50:37,339.74,178.0,343.29,17.0,338.95,302.0,345.12,66.0,341.52,3.5500000000000114,480.0,83.0,1.6066331255137702,339.74,343.29,563,397.0,106.0,0.71
07:50:38,339.07,251.0,353.23,40.0,338.6,110.0,356.39,36.0,346.15,14.160000000000025,361.0,76.0,1.9334347674535277,339.07,353.23,437,285.0,-126.0,0.65
07:50:39,339.45,40.0,353.0,65.0,338.99,268.0,355.94,34.0,346.23,13.550000000000011,308.0,99.0,2.2393972403300975,339.45,353.0,407,209.0,-30.0,0.51
07:50:40,340.0,11.0,353.0,40.0,339.0,176.0,355.0,16.0,346.5,13.0,187.0,56.0,2.509727076794999,340.0,353.0,243,131.0,-164.0,0.54
07:50:59,340.57,14.0,353.0,36.0,339.01,222.0,354.0,36.0,346.79,12.430000000000007,236.0,72.0,1.8918456596661597,340.57,353.0,308,164.0,184.0,0.53
07:51:00,339.06,17.0,353.0,39.0,337.41,166.0,354.0,39.0,346.03,13.939999999999998,183.0,78.0,1.9243908126982798,339.06,353.0,261,105.0,-47.0,0.4
07:51:01,338.58,24.0,352.03,94.0,337.07,151.0,354.63,38.0,345.31,13.449999999999989,175.0,132.0,1.7143161902045307,338.58,352.03,307,43.0,46.0,0.14
