Time,Bid1_Price,Bid1_Volume,Ask1_Price,Ask1_Volume,Bid2_Price,Bid2_Volume,Ask2_Price,Ask2_Volume,Mid-Price,Bid_Ask_Spread,Market_Depth_Bid,Market_Depth_Ask,Historical_Volatility,Weighted_Avg_Bid_Price,Weighted_Avg_Ask_Price,Total_volume,Cumulative_Volume_Difference,Total_Volume_Change_Corrected,Order_imbalance
07:30:02,146.0,10.0,148.56,9.0,0.0,0.0,149.0,5.0,147.28,2.5600000000000023,10.0,14.0,,146.0,148.56,24,-4.0,19.0,-0.17
07:30:03,146.0,11.0,147.77,13.0,107.0,12.0,149.0,10.0,146.88,1.7700000000000102,23.0,23.0,,146.0,147.77,46,0.0,22.0,0.0
07:30:04,147.0,6.0,149.0,10.0,146.0,2.0,0.0,0.0,148.0,2.0,8.0,10.0,65.82528328841433,147.0,149.0,18,-2.0,-28.0,-0.11
07:30:05,147.0,12.0,149.0,18.0,145.0,4.0,480.14,7.0,148.0,2.0,16.0,25.0,32.66802595811382,147.0,149.0,41,-9.0,23.0,-0.22
07:30:06,146.29,7.0,159.86,7.0,116.92,25.0,616.1,21.0,153.07,13.570000000000022,32.0,28.0,2.5194801051006013,146.29,159.85999999999999,60,4.0,19.0,0.07
07:30:07,145.0,3.0,168.0,3.0,120.71,14.0,344.33,15.0,156.5,23.0,17.0,18.0,4.1294309535331495,145.0,168.0,35,-1.0,-25.0,-0.03
07:30:08,145.0,5.0,168.0,5.0,143.0,10.0,190.0,20.0,156.5,23.0,15.0,25.0,4.265791837396385,145.0,168.0,40,-10.0,5.0,-0.25
07:30:09,145.0,1.0,168.0,1.0,143.0,2.0,190.0,4.0,156.5,23.0,3.0,5.0,3.7265909354257793,145.0,168.0,8,-2.0,-32.0,-0.25
07:30:10,152.27,11.0,167.0,25.0,143.62,8.0,168.0,5.0,159.64,14.72999999999999,19.0,30.0,2.3242030892324177,152.27,167.0,49,-11.0,41.0,-0.22
07:30:11,155.0,24.0,166.67,18.0,146.0,6.0,167.17,18.0,160.83,11.669999999999987,30.0,36.0,2.088559312061175,155.0,166.67,66,-6.0,17.0,-0.09
07:30:12,155.0,28.0,162.82,17.0,146.0,9.0,166.86,37.0,158.91,7.819999999999993,37.0,54.0,1.92961913340364,155.0,162.82,91,-17.0,25.0,-0.19
07:30:13,155.62,26.0,161.15,20.0,150.15,13.0,162.68,22.0,158.38,5.530000000000001,39.0,42.0,1.604016832828569,155.62,161.15,81,-3.0,-10.0,-0.04
07:30:14,158.0,48.0,160.75,24.0,155.0,24.0,162.0,12.0,159.38,2.75,72.0,36.0,0.9191681021430954,158.0,160.75,108,36.0,27.0,0.33
07:30:15,158.9,41.0,160.0,22.0,154.62,21.0,162.0,18.0,159.45,1.0999999999999943,62.0,40.0,0.91211293160296,158.9,160.0,102,22.0,-6.0,0.22
07:30:16,155.0,9.0,159.11,18.0,147.0,9.0,161.24,17.0,157.06,4.110000000000014,18.0,35.0,0.9798622352134115,155.0,159.11,53,-17.0,-49.0,-0.32
07:30:17,156.18,17.0,158.0,20.0,152.6,10.0,159.4,20.0,157.09,1.8199999999999932,27.0,40.0,1.1718660332979458,156.18,158.0,67,-13.0,14.0,-0.19
07:30:18,156.09,22.0,158.54,26.0,148.2,20.0,159.59,22.0,157.31,2.4499999999999886,42.0,48.0,1.242767073911072,156.09,158.54,90,-6.0,23.0,-0.07
07:30:19,158.0,48.0,159.92,24.0,155.0,13.0,161.23,13.0,158.96,1.9199999999999875,61.0,37.0,1.1411091095936006,158.0,159.92,98,24.0,8.0,0.24
07:30:20,158.0,32.0,161.0,16.0,155.0,16.0,162.0,16.0,159.5,3.0,48.0,32.0,1.1573806633936383,158.0,161.0,80,16.0,-18.0,0.2
07:30:21,148.0,42.0,160.12,57.0,145.88,42.0,161.41,17.0,154.06,12.120000000000005,84.0,74.0,2.1273293116012018,148.0,160.12,158,10.0,78.0,0.06
07:30:22,149.02,93.0,160.0,87.0,148.14,50.0,163.24,25.0,154.51,10.97999999999999,143.0,112.0,2.4972124459079947,149.02,160.0,255,31.0,97.0,0.12
07:30:23,152.06,100.0,160.0,91.0,150.59,44.0,164.72,50.0,156.03,7.939999999999998,144.0,141.0,2.5061663951138318,152.06,160.0,285,3.0,30.0,0.01
07:30:24,158.0,34.0,159.15,94.0,156.0,85.0,160.55,29.0,158.57,1.1500000000000057,119.0,123.0,2.419386285816687,158.0,159.15,242,-4.0,-43.0,-0.02
07:30:25,157.39,96.0,159.07,29.0,155.9,93.0,161.28,25.0,158.23,1.6800000000000068,189.0,54.0,2.0718590685656957,157.39,159.07,243,135.0,1.0,0.56
07:30:26,158.64,11.0,160.0,9.0,157.17,24.0,164.0,45.0,159.32,1.3600000000000136,35.0,54.0,1.9968775625955648,158.64,160.0,89,-19.0,-154.0,-0.21
07:30:27,158.6,50.0,164.0,75.0,156.33,60.0,225.85,27.0,161.3,5.400000000000006,110.0,102.0,1.9046390734197478,158.6,164.0,212,8.0,123.0,0.04
07:30:28,159.0,66.0,164.0,55.0,158.0,22.0,353.21,47.0,161.5,5.0,88.0,102.0,1.5286366474728204,159.0,164.0,190,-14.0,-22.0,-0.07
07:30:29,159.14,63.0,164.0,60.0,158.5,36.0,357.0,60.0,161.57,4.860000000000014,99.0,120.0,1.5217522794452316,159.14,164.0,219,-21.0,29.0,-0.1
07:30:30,159.0,89.0,163.1,21.0,158.0,34.0,175.35,85.0,161.05,4.099999999999994,123.0,106.0,0.9322392396786185,159.0,163.1,229,17.0,10.0,0.07
07:30:31,157.52,29.0,160.25,12.0,155.89,45.0,164.0,60.0,158.88,2.7299999999999898,74.0,72.0,1.1251444351711468,157.52,160.25,146,2.0,-83.0,0.01
07:30:32,156.0,39.0,158.41,17.0,153.0,13.0,159.23,13.0,157.21,2.4099999999999966,52.0,30.0,1.926595442742681,156.0,158.41,82,22.0,-64.0,0.27
07:30:33,156.0,14.0,158.0,7.0,153.0,7.0,159.57,7.0,157.0,2.0,21.0,14.0,2.1169010368926524,156.0,158.0,35,7.0,-47.0,0.2
07:30:34,154.71,7.0,158.0,5.0,151.24,17.0,161.0,5.0,156.36,3.289999999999992,24.0,10.0,1.8934492335411415,154.71,158.0,34,14.0,-1.0,0.41
07:30:35,151.95,19.0,164.4,35.0,150.66,35.0,279.75,12.0,158.17,12.450000000000017,54.0,47.0,0.998013025965951,151.95,164.4,101,7.0,67.0,0.07
07:30:36,155.0,7.0,165.0,28.0,151.0,21.0,606.08,13.0,160.0,10.0,28.0,41.0,1.4164286074481998,155.0,165.0,69,-13.0,-32.0,-0.19
07:30:37,155.0,7.0,165.0,28.0,151.0,21.0,227.09,11.0,160.0,10.0,28.0,39.0,1.67707483434624,155.0,165.0,67,-11.0,-2.0,-0.16
07:30:38,161.32,19.0,167.29,34.0,152.18,17.0,222.7,23.0,164.3,5.969999999999999,36.0,57.0,2.950199993220293,161.32,167.29,93,-21.0,26.0,-0.23
07:30:40,160.59,22.0,165.2,40.0,152.39,23.0,339.75,24.0,162.9,4.609999999999985,45.0,64.0,2.4768770659837087,160.59,165.2,109,-19.0,25.0,-0.17
07:30:41,156.0,9.0,166.0,27.0,155.0,9.0,322.43,21.0,161.0,10.0,18.0,48.0,2.2518703337439288,156.0,166.0,66,-30.0,-43.0,-0.45
07:30:42,157.87,47.0,165.0,43.0,155.36,11.0,192.09,33.0,161.44,7.1299999999999955,58.0,76.0,1.8765606838031916,157.87,165.0,134,-18.0,68.0,-0.13
07:30:43,158.0,90.0,163.43,42.0,152.68,31.0,243.95,43.0,160.71,5.430000000000007,121.0,85.0,1.9479014348770534,158.0,163.43,206,36.0,72.0,0.17
07:30:44,158.0,48.0,161.75,24.0,154.76,76.0,163.09,33.0,159.88,3.75,124.0,57.0,1.1145761526232432,158.0,161.75,181,67.0,-25.0,0.37
07:30:45,158.0,33.0,160.45,22.0,155.0,81.0,197.22,23.0,159.23,2.4499999999999886,114.0,45.0,0.8893087202972154,158.0,160.45,159,69.0,-22.0,0.43
07:30:46,158.0,26.0,159.8,20.0,155.57,49.0,162.26,31.0,158.9,1.8000000000000114,75.0,51.0,1.0476020236696788,158.0,159.8,126,24.0,-33.0,0.19
07:30:47,158.0,94.0,163.33,36.0,156.0,40.0,371.63,38.0,160.67,5.3300000000000125,134.0,74.0,0.8209567589080732,158.0,163.33,208,60.0,82.0,0.29
07:30:48,158.0,80.0,162.0,32.0,156.0,32.0,164.0,32.0,160.0,4.0,112.0,64.0,0.692408838762829,158.0,162.0,176,48.0,-32.0,0.27
07:30:49,158.0,90.0,160.89,36.0,156.0,36.0,164.0,36.0,159.44,2.8899999999999864,126.0,72.0,0.6974740138506372,158.0,160.89,198,54.0,22.0,0.27
07:30:50,158.0,120.0,159.92,48.0,156.0,48.0,164.0,48.0,158.96,1.9199999999999875,168.0,96.0,0.7466458330406268,158.0,159.92,264,72.0,66.0,0.27
07:30:51,160.25,40.0,163.05,21.0,157.5,48.0,210.65,31.0,161.65,2.8000000000000114,88.0,52.0,1.0562812125550507,160.25,163.05,140,36.0,-124.0,0.26
07:30:56,160.0,8.0,165.26,19.0,158.0,48.0,166.07,41.0,162.63,5.259999999999991,56.0,60.0,0.5644732057376709,160.0,165.26,116,-4.0,9.0,-0.03
07:30:57,160.0,13.0,163.77,26.0,158.0,78.0,165.85,79.0,161.88,3.7700000000000102,91.0,105.0,0.8642164080806957,160.0,163.77,196,-14.0,80.0,-0.07
07:30:58,160.0,7.0,163.89,18.0,158.0,42.0,165.57,28.0,161.94,3.8899999999999864,49.0,46.0,0.8375858164964444,160.0,163.89,95,3.0,-101.0,0.03
07:30:59,160.0,13.0,164.38,52.0,158.0,78.0,165.53,49.0,162.19,4.3799999999999955,91.0,101.0,0.6560259141193228,160.0,164.38,192,-10.0,97.0,-0.05
07:31:00,160.5,18.0,163.41,34.0,158.14,58.0,165.2,40.0,161.96,2.9099999999999966,76.0,74.0,0.30846393629754687,160.5,163.41,150,2.0,-42.0,0.01
07:31:01,157.55,31.0,164.35,46.0,156.01,77.0,166.88,42.0,160.95,6.799999999999983,108.0,88.0,0.48086380607847795,157.55,164.35,196,20.0,46.0,0.1
07:31:02,156.0,28.0,160.76,55.0,155.0,98.0,163.57,47.0,158.38,4.759999999999991,126.0,102.0,1.5853170029986061,156.0,160.76,228,24.0,32.0,0.11
07:31:03,157.6,50.0,159.0,36.0,155.19,43.0,163.33,27.0,158.3,1.4000000000000057,93.0,63.0,1.8987443219129525,157.6,159.0,156,30.0,-72.0,0.19
07:31:04,158.0,120.0,159.0,48.0,155.09,69.0,164.0,36.0,158.5,1.0,189.0,84.0,1.716018647916418,158.0,159.0,273,105.0,117.0,0.38
07:31:05,158.0,88.0,160.92,39.0,155.9,140.0,164.53,38.0,159.46,2.9199999999999875,228.0,77.0,1.1257086656844304,158.0,160.92,305,151.0,32.0,0.5
07:31:06,158.0,15.0,164.0,15.0,156.0,82.0,165.0,20.0,161.0,6.0,97.0,35.0,1.1460890017782366,158.0,164.0,132,62.0,-170.5,0.47
07:31:07,158.0,12.0,164.0,12.0,156.0,8.0,165.0,16.0,161.0,6.0,20.0,28.0,1.3063383941371811,158.0,164.0,48,-8.0,-84.0,-0.17
07:31:08,158.0,21.0,164.0,21.0,156.0,14.0,165.0,28.0,161.0,6.0,35.0,49.0,1.1572899377410941,158.0,164.0,84,-14.0,36.0,-0.17
07:31:09,158.0,42.0,165.0,56.0,156.0,28.0,166.0,70.0,161.5,7.0,70.0,126.0,0.7754482574592865,158.0,165.0,196,-56.0,112.0,-0.29
07:31:10,158.0,24.0,165.0,32.0,156.0,16.0,166.0,40.0,161.5,7.0,40.0,72.0,0.2738612787462982,158.0,165.0,112,-32.0,-84.0,-0.29
07:31:11,158.22,27.0,161.98,43.0,156.72,25.0,163.04,48.0,160.1,3.759999999999991,52.0,91.0,0.5718391382168608,158.22,161.98,143,-39.0,31.0,-0.27
07:31:12,157.18,40.0,158.69,80.0,155.27,67.0,163.75,96.0,157.93,1.509999999999991,107.0,176.0,1.4975580122308236,157.18,158.69,283,-69.0,140.0,-0.24
07:31:13,155.52,108.0,157.7,46.0,154.91,110.0,161.14,51.0,156.61,2.1799999999999784,218.0,97.0,2.18935378593705,155.52,157.7,315,121.0,32.0,0.38
07:31:14,155.0,41.0,159.89,9.0,152.0,9.0,163.93,54.0,157.44,4.889999999999986,50.0,63.0,2.0215909576363456,155.0,159.89,113,-13.0,-170.5,-0.12
07:31:15,155.0,15.0,163.0,5.0,152.0,5.0,164.0,25.0,159.0,8.0,20.0,30.0,1.3626554957131038,155.0,163.0,50,-10.0,-63.0,-0.2
07:31:16,155.38,32.0,163.0,12.0,153.8,20.0,164.0,64.0,159.19,7.6200000000000045,52.0,76.0,1.079458197429227,155.38,163.0,128,-24.0,78.0,-0.19
07:31:17,158.73,22.0,163.0,11.0,155.0,33.0,164.0,55.0,160.86,4.27000000000001,55.0,66.0,1.6522257714964614,158.73,163.0,121,-11.0,-7.0,-0.09
07:31:18,159.0,19.0,163.0,13.0,154.96,47.0,164.0,65.0,161.0,4.0,66.0,78.0,1.4738792352146697,159.0,163.0,144,-12.0,23.0,-0.08
07:31:19,160.33,9.0,163.0,9.0,155.4,45.0,164.0,45.0,161.67,2.6699999999999875,54.0,54.0,1.1824677585443457,160.33,163.0,108,0.0,-36.0,0.0
07:31:20,155.43,97.0,164.0,55.0,153.57,40.0,165.0,66.0,159.72,8.569999999999993,137.0,121.0,1.0089945490422045,155.43,164.0,258,16.0,150.0,0.06
07:31:21,156.88,194.0,163.12,80.0,154.86,168.0,164.2,71.0,160.0,6.240000000000009,362.0,151.0,0.7896834808940042,156.88,163.12,513,211.0,169.5,0.41
07:31:22,158.79,197.0,161.19,97.0,155.0,240.0,161.99,82.0,159.99,2.4000000000000057,437.0,179.0,0.8268192063546165,158.79,161.19,616,258.0,103.0,0.42
07:31:23,159.0,45.0,160.71,34.0,155.0,126.0,162.11,45.0,159.85,1.710000000000008,171.0,79.0,0.8042574214745494,159.0,160.71,250,92.0,-170.5,0.37
07:31:24,159.0,11.0,160.36,44.0,155.0,154.0,162.67,60.0,159.68,1.3600000000000136,165.0,104.0,0.1482228052524679,159.0,160.36,269,61.0,19.0,0.23
07:31:25,155.0,140.0,158.6,30.0,153.0,60.0,163.67,75.0,156.8,3.5999999999999943,200.0,105.0,1.383520870820862,155.0,158.6,305,95.0,36.0,0.31
07:31:26,155.0,112.0,156.0,32.0,153.0,48.0,158.0,24.0,155.5,1.0,160.0,56.0,2.0756035266873423,155.0,156.0,216,104.0,-89.0,0.48
07:31:27,155.0,112.0,156.0,32.0,153.0,48.0,158.0,24.0,155.5,1.0,160.0,56.0,2.1655899888937755,155.0,156.0,216,104.0,0.0,0.48
07:31:28,155.0,95.0,161.94,66.0,153.0,66.0,163.52,67.0,158.47,6.939999999999998,161.0,133.0,1.850864662798703,155.0,161.94,294,28.0,78.0,0.1
07:31:29,155.1,62.0,163.0,88.0,153.61,69.0,164.0,55.0,159.05,7.900000000000006,131.0,143.0,1.6494635491568046,155.1,163.0,274,-12.0,-20.0,-0.04
07:31:30,156.0,24.0,163.0,80.0,155.0,64.0,164.0,50.0,159.5,7.0,88.0,130.0,1.9550780035581639,156.0,163.0,218,-42.0,-56.0,-0.19
07:31:31,156.75,20.0,163.0,80.0,154.98,50.0,164.0,50.0,159.88,6.25,70.0,130.0,1.746840004120867,156.75,163.0,200,-60.0,-18.0,-0.3
07:31:32,157.24,59.0,163.0,80.0,154.59,44.0,164.0,50.0,160.12,5.759999999999991,103.0,130.0,0.6607041698044653,157.24,163.0,233,-27.0,33.0,-0.12
07:31:33,158.0,32.0,163.0,56.0,155.0,35.0,164.0,35.0,160.5,5.0,67.0,91.0,0.5591958511979612,158.0,163.0,158,-24.0,-75.0,-0.15
07:31:34,158.1,31.0,162.73,55.0,155.77,47.0,163.38,65.0,160.41,4.6299999999999955,78.0,120.0,0.4072100195194326,158.1,162.73,198,-42.0,40.0,-0.21
07:31:35,159.0,11.0,161.18,33.0,158.0,44.0,163.0,70.0,160.09,2.180000000000007,55.0,103.0,0.25248762345314707,159.0,161.18,158,-48.0,-40.0,-0.3
07:31:36,159.0,10.0,160.0,30.0,158.0,40.0,163.62,58.0,159.5,1.0,50.0,88.0,0.3917014168943099,159.0,160.0,138,-38.0,-20.0,-0.28
07:31:37,158.67,12.0,165.0,81.0,157.59,37.0,168.0,45.0,161.83,6.3300000000000125,49.0,126.0,0.8572222582254032,158.67,165.0,175,-77.0,37.0,-0.44
07:31:38,158.0,24.0,165.0,54.0,155.0,30.0,202.33,12.0,161.5,7.0,54.0,66.0,0.9756177530145143,158.0,165.0,120,-12.0,-55.0,-0.1
07:31:39,159.85,26.0,165.0,117.0,158.0,52.0,168.0,13.0,162.42,5.150000000000006,78.0,130.0,1.2257936204749682,159.84999999999997,165.0,208,-52.0,88.0,-0.25
07:31:40,160.0,18.0,165.0,81.0,158.0,36.0,168.0,9.0,162.5,5.0,54.0,90.0,1.2188929403344606,160.0,165.0,144,-36.0,-64.0,-0.25
07:31:43,160.45,22.0,165.0,50.0,157.7,40.0,168.0,10.0,162.73,4.550000000000011,62.0,60.0,0.8767553820749391,160.45,165.0,122,2.0,-55.0,0.02
07:31:44,156.66,62.0,165.0,55.0,153.39,54.0,168.0,11.0,160.83,8.340000000000003,116.0,66.0,1.3560125368142126,156.66,165.0,182,50.0,60.0,0.27
07:31:45,158.0,99.0,164.85,53.0,155.0,31.0,166.42,19.0,161.42,6.849999999999994,130.0,72.0,1.4968400048092296,158.0,164.85,202,58.0,20.0,0.29
07:31:46,158.0,72.0,164.0,40.0,155.0,24.0,165.0,32.0,161.0,6.0,96.0,72.0,1.165559951266864,158.0,164.0,168,24.0,-34.0,0.14
07:31:47,158.0,135.0,164.0,75.0,155.0,38.0,165.0,21.0,161.0,6.0,173.0,96.0,0.776871932815932,158.0,164.0,269,77.0,101.0,0.29
07:31:48,159.86,21.0,163.16,81.0,158.02,138.0,163.38,34.0,161.51,3.299999999999983,159.0,115.0,0.2957532755476111,159.86,163.16,274,44.0,5.0,0.16
07:31:49,158.1,88.0,161.0,32.0,157.33,81.0,162.41,44.0,159.55,2.9000000000000057,169.0,76.0,0.7881814511881835,158.1,161.0,245,93.0,-29.0,0.38
07:31:50,158.0,63.0,161.0,14.0,155.0,14.0,165.0,21.0,159.5,3.0,77.0,35.0,0.9249162124198509,158.0,161.0,112,42.0,-133.0,0.38
07:31:51,158.0,63.0,159.8,30.0,155.0,18.0,163.18,22.0,158.9,1.8000000000000114,81.0,52.0,1.1068288033824565,158.0,159.8,133,29.0,21.0,0.22
07:31:52,158.0,45.0,159.0,30.0,155.89,18.0,165.0,31.0,158.5,1.0,63.0,61.0,1.1576139252777626,158.0,159.0,124,2.0,-9.0,0.02
07:31:53,158.0,50.0,163.26,43.0,156.0,20.0,164.33,27.0,160.63,5.259999999999991,70.0,70.0,0.8068643008567016,158.0,163.26,140,0.0,16.0,0.0
07:31:54,158.0,38.0,163.0,40.0,156.0,16.0,164.0,32.0,160.5,5.0,54.0,72.0,0.9461395245929576,158.0,163.0,126,-18.0,-14.0,-0.14
07:31:55,158.0,60.0,161.56,80.0,156.0,30.0,163.07,41.0,159.78,3.5600000000000023,90.0,121.0,0.946583329663581,158.0,161.56,211,-31.0,85.0,-0.15
07:31:56,158.0,32.0,161.0,40.0,156.0,16.0,162.0,27.0,159.5,3.0,48.0,67.0,0.8598953424673274,158.0,161.0,115,-19.0,-96.0,-0.17
07:31:57,156.53,17.0,160.5,50.0,156.38,26.0,162.0,30.0,158.51,3.969999999999999,43.0,80.0,0.8561717117477086,156.53,160.5,123,-37.0,8.0,-0.3
07:31:58,156.0,20.0,160.0,50.0,155.0,20.0,162.33,18.0,158.0,4.0,40.0,68.0,1.001958082954056,156.0,160.0,108,-28.0,-15.0,-0.26
07:31:59,156.0,28.0,159.28,18.0,155.0,28.0,160.05,66.0,157.64,3.280000000000001,56.0,84.0,0.9293976543960908,156.0,159.28,140,-28.0,32.0,-0.2
07:32:00,156.04,23.0,158.0,60.0,154.92,24.0,159.0,12.0,157.02,1.960000000000008,47.0,72.0,0.936792399625935,156.04,158.0,119,-25.0,-21.0,-0.21
07:32:01,156.05,44.0,158.22,41.0,154.65,34.0,160.11,35.0,157.13,2.1699999999999875,78.0,76.0,0.6182636977834841,156.05,158.22,154,2.0,35.0,0.01
07:32:02,156.0,22.0,157.25,32.0,155.0,16.0,161.59,17.0,156.62,1.25,38.0,49.0,0.5416825638664235,156.0,157.25,87,-11.0,-67.0,-0.13
07:32:03,156.0,24.0,157.0,48.0,155.0,24.0,161.0,48.0,156.5,1.0,48.0,96.0,0.4526809030618398,156.0,157.0,144,-48.0,57.0,-0.33
07:32:04,155.16,64.0,159.0,48.0,153.94,34.0,161.73,49.0,157.08,3.8400000000000034,98.0,97.0,0.2887905815584732,155.16,159.0,195,1.0,51.0,0.01
07:32:05,155.0,28.0,157.64,28.0,153.0,28.0,160.0,56.0,156.32,2.6399999999999864,56.0,84.0,0.35902646141597544,155.0,157.64000000000001,140,-28.0,-55.0,-0.2
07:32:06,155.0,12.0,159.0,9.0,153.0,12.0,161.33,18.0,157.0,4.0,24.0,27.0,0.32600613490680785,155.0,159.0,51,-3.0,-89.0,-0.06
07:32:07,155.93,30.0,163.0,9.0,154.78,18.0,164.0,18.0,159.47,7.069999999999993,48.0,27.0,1.2692832623165096,155.93,163.0,75,21.0,24.0,0.28
07:32:08,156.0,18.0,163.0,6.0,155.0,12.0,164.0,12.0,159.5,7.0,30.0,18.0,1.5000266664285686,156.0,163.0,48,12.0,-27.0,0.25
07:32:09,156.0,30.0,163.0,10.0,155.0,20.0,164.0,20.0,159.5,7.0,50.0,30.0,1.5686363504639287,156.0,163.0,80,20.0,32.0,0.25
07:32:10,156.0,15.0,163.0,9.0,155.0,18.0,164.0,18.0,159.5,7.0,33.0,27.0,1.114755578589665,156.0,163.0,60,6.0,-20.0,0.1
07:32:11,156.67,15.0,162.11,18.0,155.33,15.0,163.27,15.0,159.39,5.440000000000026,30.0,33.0,0.04764451696445544,156.67,162.11,63,-3.0,3.0,-0.05
07:32:12,157.0,26.0,160.6,15.0,156.0,13.0,162.11,35.0,158.8,3.5999999999999943,39.0,50.0,0.3044995894854046,157.0,160.6,89,-11.0,26.0,-0.12
07:32:13,155.26,46.0,158.33,21.0,151.2,75.0,161.08,13.0,156.8,3.0700000000000216,121.0,34.0,1.154131708253775,155.26,158.33,155,87.0,66.0,0.56
07:32:14,155.0,41.0,157.7,40.0,151.0,90.0,159.0,10.0,156.35,2.6999999999999886,131.0,50.0,1.486899458603973,155.0,157.7,181,81.0,26.0,0.45
07:32:15,155.0,43.0,156.09,44.0,151.0,99.0,159.18,11.0,155.55,1.0900000000000034,142.0,55.0,1.6433715343758373,155.0,156.09,197,87.0,16.0,0.44
07:32:16,151.67,54.0,158.69,26.0,149.92,52.0,189.77,13.0,155.18,7.02000000000001,106.0,39.0,1.4178258003001811,151.67,158.69,145,67.0,-52.0,0.46
07:32:17,151.0,126.0,159.31,16.0,149.0,56.0,177.6,20.0,155.16,8.310000000000002,182.0,36.0,0.734622351958393,151.0,159.31,218,146.0,73.0,0.67
07:32:18,151.0,63.0,156.71,7.0,149.0,28.0,158.14,7.0,153.86,5.710000000000008,91.0,14.0,0.900083329473944,151.0,156.71,105,77.0,-113.0,0.73
07:32:19,151.0,90.0,154.9,10.0,149.0,40.0,156.1,10.0,152.95,3.9000000000000057,130.0,20.0,1.0959698900959611,151.0,154.9,150,110.0,45.0,0.73
07:32:20,151.15,59.0,154.73,11.0,150.3,69.0,158.37,19.0,152.94,3.579999999999984,128.0,30.0,1.1160286734654161,151.15,154.73,158,98.0,8.0,0.62
07:32:21,153.44,18.0,159.83,93.0,150.37,166.0,217.71,21.0,156.64,6.390000000000015,184.0,114.0,1.5874822833647488,153.44,159.83,298,70.0,140.0,0.23
07:32:22,154.45,11.0,159.53,32.0,149.0,137.0,192.42,26.0,156.99,5.0800000000000125,148.0,58.0,1.9918910612774436,154.45,159.53,206,90.0,-92.0,0.44
07:32:23,155.14,14.0,157.83,29.0,151.0,56.0,159.37,49.0,156.49,2.690000000000026,70.0,78.0,2.068325409599998,155.14000000000001,157.83,148,-8.0,-58.0,-0.05
07:32:24,152.47,32.0,159.2,35.0,150.86,36.0,183.09,23.0,155.83,6.72999999999999,68.0,58.0,1.6413317763319502,152.47,159.2,126,10.0,-22.0,0.08
07:32:25,154.75,72.0,157.86,22.0,153.83,24.0,159.03,58.0,156.31,3.1100000000000136,96.0,80.0,0.4281588490233621,154.75,157.86,176,16.0,50.0,0.09
07:32:26,156.67,27.0,158.92,53.0,153.72,85.0,160.1,21.0,157.8,2.25,112.0,74.0,0.7493196914515321,156.66999999999996,158.92000000000002,186,38.0,10.0,0.2
07:32:27,158.0,19.0,159.62,13.0,155.0,84.0,215.29,7.0,158.81,1.6200000000000045,103.0,20.0,1.225732434096864,158.0,159.62,123,83.0,-63.0,0.67
07:32:28,155.52,29.0,161.0,7.0,154.41,68.0,290.62,13.0,158.26,5.47999999999999,97.0,20.0,1.278737658785814,155.52,161.0,117,77.0,-6.0,0.66
07:32:29,155.12,68.0,161.0,9.0,153.53,68.0,250.89,37.0,158.06,5.8799999999999955,136.0,46.0,0.9364667639575092,155.12,161.0,182,90.0,65.0,0.49
07:32:30,156.0,16.0,159.09,22.0,155.0,96.0,161.36,11.0,157.55,3.0900000000000034,112.0,33.0,0.4805517661990837,156.0,159.09,145,79.0,-37.0,0.54
07:32:31,156.0,13.0,159.0,24.0,155.0,96.0,161.0,8.0,157.5,3.0,109.0,32.0,0.5415994830103344,156.0,159.0,141,77.0,-4.0,0.55
07:32:32,156.0,8.0,159.0,24.0,155.0,96.0,161.0,8.0,157.5,3.0,104.0,32.0,0.35997222114638405,156.0,159.0,136,72.0,-5.0,0.53
07:32:33,156.0,11.0,158.26,34.0,155.0,132.0,159.22,27.0,157.13,2.259999999999991,143.0,61.0,0.33221980675008816,156.0,158.26,204,82.0,68.0,0.4
07:32:34,156.0,11.0,157.81,43.0,155.0,132.0,158.64,33.0,156.91,1.8100000000000023,143.0,76.0,0.28367234619728365,156.0,157.81,219,67.0,15.0,0.31
07:32:35,155.01,151.0,157.32,19.0,152.92,25.0,159.0,42.0,156.16,2.3100000000000023,176.0,61.0,0.552856220003975,155.01,157.32,237,115.0,18.0,0.49
07:32:36,155.0,126.0,156.93,14.0,153.19,32.0,160.0,42.0,155.96,1.9300000000000068,158.0,56.0,0.6525105363111667,155.0,156.93,214,102.0,-23.0,0.48
07:32:37,155.26,70.0,159.0,20.0,153.92,52.0,160.7,50.0,157.13,3.740000000000009,122.0,70.0,0.5577364969204421,155.26,159.0,192,52.0,-22.0,0.27
07:32:38,155.29,84.0,160.62,39.0,153.94,68.0,161.7,57.0,157.95,5.3300000000000125,152.0,96.0,0.799418538687388,155.29,160.62,248,56.0,56.0,0.23
07:32:39,155.0,50.0,161.33,18.0,153.0,40.0,199.74,42.0,158.17,6.3300000000000125,90.0,60.0,1.005997017886765,155.0,161.33,150,30.0,-98.0,0.2
07:32:40,155.0,33.0,162.0,9.0,153.0,36.0,432.41,37.0,158.5,7.0,69.0,46.0,1.0187099685371959,155.0,162.0,115,23.0,-35.0,0.2
07:32:41,155.0,36.0,162.0,12.0,153.0,48.0,351.88,24.0,158.5,7.0,84.0,36.0,0.5647565847310317,155.0,162.0,120,48.0,5.0,0.4
07:32:42,157.44,16.0,160.79,28.0,154.9,39.0,161.65,17.0,159.11,3.3499999999999943,55.0,45.0,0.43844041784151394,157.44,160.79,100,10.0,-20.0,0.1
07:32:43,158.0,7.0,159.15,13.0,155.0,21.0,160.14,14.0,158.58,1.1500000000000057,28.0,27.0,0.3396615962940582,158.0,159.15000000000003,55,1.0,-45.0,0.02
07:32:44,155.0,18.0,159.33,12.0,153.83,24.0,165.0,6.0,157.17,4.3300000000000125,42.0,18.0,0.718588894985898,155.0,159.33,60,24.0,5.0,0.4
07:32:45,155.14,42.0,162.5,16.0,153.74,57.0,393.67,15.0,158.82,7.360000000000014,99.0,31.0,0.7465453770515534,155.14,162.5,130,68.0,70.0,0.52
07:32:46,156.93,28.0,162.55,22.0,155.0,62.0,374.71,14.0,159.74,5.6200000000000045,90.0,36.0,0.951067820923951,156.93,162.55,126,54.0,-4.0,0.43
07:32:47,157.0,26.0,160.69,65.0,155.0,39.0,163.54,13.0,158.85,3.6899999999999977,65.0,78.0,0.9288003014626083,157.0,160.69,143,-13.0,17.0,-0.09
07:32:48,154.66,29.0,159.0,43.0,152.38,53.0,164.0,13.0,156.83,4.340000000000003,82.0,56.0,1.233154491536666,154.66000000000003,159.0,138,26.0,-5.0,0.19
07:32:49,153.0,6.0,159.0,4.0,150.0,10.0,164.0,2.0,156.0,6.0,16.0,6.0,1.5636399841386388,153.0,159.0,22,10.0,-116.0,0.45
07:32:50,152.77,35.0,158.17,24.0,150.06,47.0,164.0,12.0,155.47,5.399999999999977,82.0,36.0,1.842924306638011,152.77,158.17,118,46.0,96.0,0.39
07:32:51,151.0,42.0,158.0,50.0,149.0,84.0,164.0,14.0,154.5,7.0,126.0,64.0,1.643000304320531,151.0,158.0,190,62.0,72.0,0.33
07:32:52,151.0,27.0,158.0,36.0,149.02,58.0,164.0,9.0,154.5,7.0,85.0,45.0,1.0014739137878415,151.0,158.0,130,40.0,-60.0,0.31
07:32:53,151.0,24.0,157.67,24.0,150.0,8.0,160.0,12.0,154.33,6.6699999999999875,32.0,36.0,0.7351530452889665,151.0,157.67,68,-4.0,-62.0,-0.06
07:32:54,151.0,39.0,155.89,35.0,149.01,134.0,156.5,44.0,153.44,4.889999999999986,173.0,79.0,0.7210894535338556,151.0,155.89,252,94.0,169.5,0.37
07:32:55,151.0,24.0,153.29,28.0,149.37,90.0,155.43,28.0,152.14,2.289999999999992,114.0,56.0,1.017899798603929,151.0,153.29,170,58.0,-82.0,0.34
07:32:56,151.37,38.0,153.29,70.0,150.03,136.0,156.41,41.0,152.33,1.9199999999999875,174.0,111.0,1.0949292214558999,151.37,153.29,285,63.0,115.0,0.22
07:32:57,157.3,91.0,208.0,31.0,150.66,35.0,375.63,41.0,182.65,50.69999999999999,126.0,72.0,13.26264566366744,157.3,208.0,198,54.0,-87.0,0.27
07:32:58,158.05,173.0,399.91,76.0,156.79,236.0,478.49,68.0,278.98,241.86,409.0,144.0,54.71504061955902,158.05,399.91,553,265.0,169.5,0.48
07:32:59,158.0,120.0,346.0,30.0,156.0,36.0,348.0,18.0,252.0,188.0,156.0,48.0,58.609618237964916,158.0,346.0,204,108.0,-170.5,0.53
07:33:00,158.0,226.0,344.64,55.0,156.0,66.0,388.73,33.0,251.32,186.64,292.0,88.0,53.380976293057685,158.0,344.64,380,204.0,169.5,0.54
07:33:01,158.0,330.0,337.22,63.0,156.0,78.0,394.34,29.0,247.61,179.22000000000003,408.0,92.0,35.73152207785144,158.0,337.22,500,316.0,120.0,0.63
07:33:02,158.05,250.0,183.05,61.0,157.21,134.0,361.24,55.0,170.55,25.0,384.0,116.0,40.84346667461009,158.05,183.05,500,268.0,0.0,0.54
07:33:03,160.0,75.0,168.0,70.0,158.01,300.0,364.26,38.0,164.0,8.0,375.0,108.0,45.56970188623126,160.0,168.0,483,267.0,-17.0,0.55
07:33:04,160.0,80.0,168.0,40.0,158.0,144.0,382.5,40.0,164.0,8.0,224.0,80.0,45.71238048931592,160.0,168.0,304,144.0,-170.5,0.47
07:33:05,160.0,108.0,167.2,75.0,157.72,130.0,334.6,53.0,163.6,7.199999999999989,238.0,128.0,36.818212476979284,160.0,167.2,366,110.0,62.0,0.3
07:33:06,160.0,30.0,165.1,50.0,158.0,50.0,210.0,30.0,162.55,5.099999999999994,80.0,80.0,3.1916688424699227,160.0,165.1,160,0.0,-170.5,0.0
07:33:07,158.75,48.0,165.0,60.0,156.91,66.0,313.58,36.0,161.88,6.25,114.0,96.0,0.9493050089372522,158.75,165.0,210,18.0,50.0,0.09
07:33:08,158.0,30.0,165.0,30.0,156.0,36.0,422.45,22.0,161.5,7.0,66.0,52.0,1.0764199923790798,158.0,165.0,118,14.0,-92.0,0.12
07:33:09,158.0,60.0,164.08,60.0,156.0,72.0,229.98,48.0,161.04,6.0800000000000125,132.0,108.0,0.9979378738144996,158.0,164.08,240,24.0,122.0,0.1
07:33:10,156.91,33.0,162.17,30.0,153.9,60.0,164.0,30.0,159.54,5.259999999999991,93.0,60.0,1.1296105523557314,156.91,162.17,153,33.0,-87.0,0.22
07:33:11,156.0,72.0,159.17,60.0,153.23,62.0,161.92,60.0,157.58,3.1699999999999875,134.0,120.0,1.7649135956168973,156.0,159.17,254,14.0,101.0,0.06
07:33:12,156.0,48.0,331.11,36.0,155.0,8.0,467.38,34.0,243.56,175.11,56.0,70.0,37.43848127261566,156.0,331.11,126,-14.0,-128.0,-0.11
07:33:13,156.0,72.0,369.75,32.0,155.0,12.0,432.91,46.0,262.88,213.75,84.0,78.0,51.86107789084211,156.0,369.75,162,6.0,36.0,0.04
07:33:14,156.0,54.0,173.47,17.0,155.0,9.0,174.05,37.0,164.74,17.47,63.0,54.0,51.24384255693548,156.0,173.47,117,9.0,-45.0,0.08
07:33:15,157.24,126.0,169.93,42.0,155.99,72.0,171.62,42.0,163.58,12.689999999999998,198.0,84.0,50.51923712804847,157.24,169.93,282,114.0,165.0,0.4
07:33:16,158.0,117.0,167.49,61.0,157.0,65.0,168.35,17.0,162.75,9.490000000000009,182.0,78.0,49.516094555204894,158.0,167.49,260,104.0,-22.0,0.4
07:33:17,159.67,66.0,165.12,40.0,157.69,81.0,258.71,24.0,162.4,5.450000000000017,147.0,64.0,44.51246005333778,159.67,165.12,211,83.0,-49.0,0.39
07:33:18,159.36,33.0,268.0,18.0,157.83,87.0,385.17,36.0,213.68,108.63999999999999,120.0,54.0,22.518461315107498,159.36,268.0,174,66.0,-37.0,0.38
07:33:19,158.0,53.0,349.33,27.0,156.17,87.0,431.76,17.0,253.67,191.32999999999998,140.0,44.0,41.26001975278238,158.0,349.33,184,96.0,10.0,0.52
07:33:20,158.0,36.0,397.84,25.0,156.15,106.0,467.08,24.0,277.92,239.83999999999997,142.0,49.0,52.31793411441236,158.0,397.84,191,93.0,7.0,0.49
07:33:21,158.81,81.0,169.49,51.0,157.43,70.0,257.79,24.0,164.15,10.680000000000007,151.0,75.0,51.97715296166184,158.81,169.49,226,76.0,35.0,0.34
07:33:22,158.67,73.0,163.67,51.0,157.25,85.0,187.65,31.0,161.17,5.0,158.0,82.0,52.286564909161825,158.67,163.67,240,76.0,14.0,0.32
07:33:23,160.84,19.0,199.55,20.0,158.3,66.0,304.14,14.0,180.2,38.71000000000001,85.0,34.0,54.4554778695403,160.84,199.55,119,51.0,-121.0,0.43
07:33:24,160.36,33.0,303.68,19.0,157.88,51.0,337.45,22.0,232.02,143.32,84.0,41.0,50.58170588266072,160.36,303.68,125,43.0,6.0,0.34
07:33:25,160.0,71.0,260.0,24.0,157.44,96.0,255.0,30.0,210.0,100.0,167.0,54.0,30.659017759869528,160.0,260.0,221,113.0,96.0,0.51
07:33:26,157.0,25.0,160.1,10.0,156.0,40.0,162.0,20.0,158.55,3.0999999999999943,65.0,30.0,31.894353261980324,157.0,160.1,95,35.0,-126.0,0.37
07:33:27,157.95,22.0,160.0,8.0,156.64,11.0,162.0,16.0,158.98,2.0500000000000114,33.0,24.0,32.37302426403803,157.95,160.0,57,9.0,-38.0,0.16
07:33:28,157.93,29.0,159.82,11.0,156.56,18.0,164.63,19.0,158.87,1.8899999999999864,47.0,30.0,34.95225643645908,157.93,159.82,77,17.0,20.0,0.22
07:33:29,155.87,15.0,218.43,28.0,152.75,24.0,398.97,30.0,187.15,62.56,39.0,58.0,23.235865596099398,155.87,218.43,97,-19.0,20.0,-0.2
07:33:30,157.0,12.0,264.0,18.0,155.0,6.0,503.57,14.0,210.5,107.0,18.0,32.0,23.42601011696178,157.0,264.0,50,-14.0,-47.0,-0.28
07:33:31,157.67,6.0,264.0,9.0,156.56,9.0,570.0,3.0,210.83,106.33000000000001,15.0,12.0,25.891721263755258,157.67,264.0,27,3.0,-23.0,0.11
07:33:32,159.44,18.0,264.0,27.0,157.58,69.0,623.0,45.0,211.72,104.56,87.0,72.0,23.098071997463258,159.44,264.0,159,15.0,132.0,0.09
07:33:33,160.0,24.0,340.6,40.0,159.0,120.0,561.66,56.0,250.3,180.60000000000002,144.0,96.0,22.726965261556526,160.0,340.6,240,48.0,81.0,0.2
07:33:35,159.12,138.0,206.57,69.0,158.02,61.0,420.57,63.0,182.84,47.44999999999999,199.0,132.0,62.42448061457938,159.12,206.57,331,67.0,151.0,0.2
07:33:37,159.0,90.0,204.78,36.0,155.0,9.0,256.45,31.0,181.89,45.78,99.0,67.0,70.15111702603171,159.0,204.78,166,32.0,82.0,0.19
07:33:38,159.0,40.0,204.0,16.0,155.0,4.0,404.4,10.0,181.5,45.0,44.0,26.0,71.55473443455712,159.0,204.0,70,18.0,-96.0,0.26
07:33:39,159.0,80.0,204.0,32.0,155.0,8.0,464.82,22.0,181.5,45.0,88.0,54.0,1.4770849670868247,159.0,204.0,142,34.0,72.0,0.24
07:33:40,158.94,83.0,203.09,44.0,155.46,13.0,245.0,22.0,181.02,44.150000000000006,96.0,66.0,1.605216496300066,158.94,203.09000000000003,162,30.0,20.0,0.19
07:33:41,157.93,73.0,202.86,56.0,154.81,31.0,231.42,67.0,180.39,44.93000000000001,104.0,123.0,0.5758906146082308,157.93,202.85999999999999,227,-19.0,65.0,-0.08
07:33:45,158.28,106.0,178.25,61.0,157.46,104.0,184.41,51.0,168.26,19.97,210.0,112.0,5.914207470151343,158.28,178.25,322,98.0,169.5,0.3
07:33:46,158.0,80.0,177.15,27.0,156.67,36.0,178.1,29.0,167.57,19.150000000000006,116.0,56.0,7.221068480494692,158.0,177.15,172,60.0,-150.0,0.35
07:33:47,158.0,120.0,173.98,45.0,156.0,72.0,175.46,39.0,165.99,15.97999999999999,192.0,84.0,6.9174583482659076,158.0,173.98,276,108.0,104.0,0.39
07:33:48,158.0,55.0,171.17,23.0,156.0,36.0,172.16,19.0,164.59,13.169999999999987,91.0,42.0,4.632626684721485,158.0,171.17,133,49.0,-143.0,0.37
07:33:49,158.0,30.0,168.17,18.0,156.0,36.0,170.0,24.0,163.08,10.169999999999987,66.0,42.0,2.1233864462206014,158.0,168.17,108,24.0,-25.0,0.22
07:33:50,156.91,44.0,164.07,29.0,155.55,44.0,165.63,27.0,160.49,7.159999999999997,88.0,56.0,2.721576748870625,156.91,164.07,144,32.0,36.0,0.22
07:33:51,156.0,52.0,163.0,36.0,155.0,45.0,164.0,27.0,159.5,7.0,97.0,63.0,2.723058941703812,156.0,163.0,160,34.0,16.0,0.21
07:33:52,156.4,40.0,163.0,40.0,155.28,58.0,164.0,30.0,159.7,6.599999999999994,98.0,70.0,2.2528137961209715,156.4,163.0,168,28.0,8.0,0.17
07:33:53,156.43,49.0,160.0,60.0,155.51,71.0,168.02,58.0,158.21,3.569999999999993,120.0,118.0,1.808211823872659,156.43,160.0,238,2.0,70.0,0.01
07:33:54,156.0,40.0,160.26,47.0,155.0,50.0,161.35,43.0,158.13,4.259999999999991,90.0,90.0,1.0159872046402927,156.0,160.26,180,0.0,-58.0,0.0
07:33:55,156.0,40.0,159.9,50.0,155.0,50.0,161.0,40.0,157.95,3.9000000000000057,90.0,90.0,0.8317872324054593,156.0,159.9,180,0.0,0.0,0.0
07:33:56,156.0,36.0,157.55,44.0,155.0,45.0,158.78,37.0,156.77,1.5500000000000114,81.0,81.0,1.0429381573193424,156.0,157.55,162,0.0,-18.0,0.0
07:33:57,155.31,58.0,157.46,35.0,153.74,95.0,164.96,49.0,156.38,2.1500000000000057,153.0,84.0,0.8500117646201258,155.31,157.46,237,69.0,75.0,0.29
07:33:58,155.0,50.0,158.3,37.0,152.0,60.0,253.4,10.0,156.65,3.3000000000000114,110.0,47.0,0.8037910176112854,155.0,158.3,157,63.0,-80.0,0.4
07:33:59,155.0,60.0,176.08,24.0,151.0,72.0,246.1,20.0,165.54,21.080000000000013,132.0,44.0,3.893875961043536,155.0,176.08,176,88.0,19.0,0.5
07:34:00,153.0,60.0,160.61,23.0,150.78,46.0,170.31,29.0,156.8,7.610000000000014,106.0,52.0,3.979179563678006,153.0,160.61,158,54.0,-18.0,0.34
07:34:01,151.93,252.0,161.41,41.0,150.21,140.0,178.08,49.0,156.67,9.47999999999999,392.0,90.0,3.9898333298513506,151.93,161.41,482,302.0,169.5,0.63
07:34:02,152.69,26.0,169.27,33.0,149.4,80.0,198.0,27.0,160.98,16.580000000000013,106.0,60.0,3.9352725445631735,152.69,169.27,166,46.0,-170.5,0.28
07:34:06,159.12,25.0,325.0,10.0,154.5,44.0,445.2,20.0,242.06,165.88,69.0,30.0,33.59922097311173,159.12,325.0,99,39.0,-56.0,0.39
07:34:07,159.0,54.0,438.0,24.0,153.14,74.0,568.11,36.0,298.5,279.0,128.0,60.0,58.60284063080892,159.0,438.0,188,68.0,89.0,0.36
07:34:09,159.0,30.0,375.0,20.0,153.14,28.0,420.0,20.0,267.0,216.0,58.0,40.0,75.89023599910587,159.0,375.0,98,18.0,-122.0,0.18
07:34:10,159.0,48.0,418.73,11.0,154.0,16.0,446.12,32.0,288.86,259.73,64.0,43.0,52.06787570085785,159.0,418.7300000000001,107,21.0,9.0,0.2
07:34:11,159.65,43.0,211.97,31.0,157.7,54.0,418.89,19.0,185.81,52.31999999999999,97.0,50.0,69.57182389444726,159.65,211.97,147,47.0,40.0,0.32
07:34:12,159.0,60.0,189.29,21.0,153.0,96.0,279.05,39.0,174.14,30.289999999999992,156.0,60.0,83.86048604676691,159.0,189.29,216,96.0,69.0,0.44
07:34:13,159.0,70.0,186.43,14.0,155.42,62.0,296.76,42.0,172.71,27.430000000000007,132.0,56.0,55.75119128772042,159.0,186.43,188,76.0,-28.0,0.4
07:34:15,159.98,41.0,181.16,37.0,158.38,53.0,182.33,51.0,170.57,21.180000000000007,94.0,88.0,5.965054903351572,159.98,181.16,182,6.0,110.0,0.03
07:34:16,158.0,11.0,176.91,35.0,157.0,143.0,177.8,20.0,167.46,18.909999999999997,154.0,55.0,2.8157467925932287,158.0,176.91,209,99.0,27.0,0.47
07:34:17,157.0,121.0,174.3,30.0,153.58,86.0,175.57,30.0,165.65,17.30000000000001,207.0,60.0,3.514501387110169,157.0,174.3,267,147.0,58.0,0.55
07:34:18,161.1,61.0,168.89,38.0,156.75,120.0,170.06,33.0,165.0,7.789999999999992,181.0,71.0,3.759352337836862,161.1,168.89,252,110.0,-15.0,0.44
07:34:19,157.69,109.0,161.27,22.0,154.65,153.0,164.1,39.0,159.48,3.5800000000000125,262.0,61.0,4.061166088699143,157.69,161.27,323,201.0,71.0,0.62
07:34:20,157.0,7.0,427.31,13.0,154.08,52.0,532.25,16.0,292.15,270.31,59.0,29.0,57.21025581134902,157.0,427.31,88,30.0,-170.5,0.34
07:34:21,157.38,16.0,196.09,33.0,154.53,38.0,489.59,27.0,176.73,38.71000000000001,54.0,60.0,56.444380322579455,157.38,196.09,114,-6.0,26.0,-0.05
07:34:22,156.0,5.0,160.2,15.0,152.0,80.0,293.36,11.0,158.1,4.199999999999989,85.0,26.0,57.41160483734969,156.0,160.2,111,59.0,-3.0,0.53
07:34:23,156.0,7.0,161.0,21.0,152.28,64.0,273.76,17.0,158.5,5.0,71.0,38.0,58.19571607945034,156.0,161.0,109,33.0,-2.0,0.3
07:34:24,156.0,49.0,160.42,60.0,152.0,176.0,202.65,46.0,158.21,4.4199999999999875,225.0,106.0,58.359267216098544,156.0,160.42,331,119.0,169.5,0.36
07:34:25,156.0,28.0,160.57,21.0,152.96,81.0,353.21,19.0,158.29,4.569999999999993,109.0,40.0,8.254624764336667,156.0,160.57,149,69.0,-170.5,0.46
07:34:26,156.0,23.0,160.0,24.0,152.43,90.0,418.34,29.0,158.0,4.0,113.0,53.0,0.19118054294536732,156.0,160.0,166,60.0,17.0,0.36
07:34:27,158.49,49.0,160.0,27.0,157.6,25.0,303.0,24.0,159.24,1.509999999999991,74.0,51.0,0.47756674926217074,158.49,160.0,125,23.0,-41.0,0.18
07:34:28,158.81,52.0,210.0,30.0,156.33,60.0,350.79,38.0,184.4,51.19,112.0,68.0,11.621681031589176,158.81,210.0,180,44.0,55.0,0.24
07:34:29,159.43,35.0,229.32,25.0,158.21,66.0,345.73,40.0,194.37,69.88999999999999,101.0,65.0,17.28048465755512,159.43,229.32,166,36.0,-14.0,0.22
07:34:30,161.0,21.0,224.8,20.0,159.0,60.0,350.94,33.0,192.9,63.80000000000001,81.0,53.0,17.907029904481544,161.0,224.8,134,28.0,-32.0,0.21
07:34:31,161.0,18.0,253.88,24.0,159.0,72.0,277.5,24.0,207.44,92.88,90.0,48.0,17.902888035174485,161.0,253.88,138,42.0,4.0,0.3
07:34:32,161.0,18.0,270.0,40.0,159.0,96.0,290.0,24.0,215.5,109.0,114.0,64.0,12.40221834995624,161.0,270.0,178,50.0,40.0,0.28
07:34:33,159.2,80.0,260.0,24.0,157.41,102.0,319.17,29.0,209.6,100.80000000000001,182.0,53.0,9.891704605374661,159.2,260.0,235,129.0,57.0,0.55
07:34:35,159.0,108.0,383.53,38.0,156.0,81.0,421.68,38.0,271.26,224.52999999999997,189.0,76.0,45.462667981542644,159.0,383.53,265,113.0,31.0,0.43
07:34:36,159.0,37.0,162.88,26.0,156.0,72.0,175.64,28.0,160.94,3.8799999999999955,109.0,54.0,57.576502846213096,159.0,162.88,163,55.0,-102.0,0.34
07:34:37,156.32,111.0,159.88,51.0,155.32,65.0,246.0,41.0,158.1,3.5600000000000023,176.0,92.0,66.95328132362137,156.32,159.88,268,84.0,105.0,0.31
07:34:38,156.0,81.0,220.0,33.0,152.0,9.0,244.67,36.0,188.0,64.0,90.0,69.0,68.60926089093212,156.0,220.0,159,21.0,-109.0,0.13
07:34:39,156.06,51.0,224.98,64.0,154.84,38.0,296.0,47.0,190.52,68.91999999999999,89.0,111.0,45.822246562123,156.06,224.98,200,-22.0,41.0,-0.11
07:34:46,157.64,50.0,178.8,50.0,156.95,44.0,202.2,50.0,168.22,21.160000000000025,94.0,100.0,51.51734688432603,157.64,178.8,194,-6.0,59.0,-0.03
07:34:47,157.09,44.0,177.61,41.0,156.76,42.0,178.89,45.0,167.35,20.52000000000001,86.0,86.0,56.16003872861897,157.09,177.61,172,0.0,-22.0,0.0
07:34:48,157.15,47.0,159.82,56.0,156.85,66.0,160.5,20.0,158.49,2.6699999999999875,113.0,76.0,48.35432731410899,157.15,159.82,189,37.0,17.0,0.2
07:34:49,156.82,44.0,158.21,47.0,154.93,30.0,159.04,47.0,157.52,1.3900000000000148,74.0,94.0,24.40515785648581,156.82,158.21,168,-20.0,-21.0,-0.12
07:34:50,155.17,29.0,157.04,23.0,151.17,58.0,159.11,56.0,156.11,1.8700000000000045,87.0,79.0,5.773349980729852,155.17,157.04,166,8.0,-2.0,0.05
07:34:51,154.25,20.0,158.86,14.0,152.78,27.0,162.36,11.0,156.55,4.610000000000014,47.0,25.0,4.645414943790681,154.25,158.85999999999999,72,22.0,-94.0,0.31
07:34:52,153.0,30.0,160.3,40.0,152.0,10.0,161.75,12.0,156.65,7.300000000000011,40.0,52.0,0.9469846883630862,153.0,160.3,92,-12.0,20.0,-0.13
07:34:53,154.6,15.0,159.0,16.0,152.55,11.0,161.0,12.0,156.8,4.400000000000006,26.0,28.0,0.5128645045176827,154.6,159.0,54,-2.0,-38.0,-0.04
07:34:54,152.33,36.0,158.07,30.0,78.22,36.0,159.97,29.0,155.2,5.739999999999981,72.0,59.0,0.6468925722206365,152.33,158.07,131,13.0,77.0,0.1
07:34:55,152.0,36.0,156.55,38.0,133.89,36.0,158.04,45.0,154.28,4.550000000000011,72.0,83.0,1.1078492677229494,152.0,156.55,155,-11.0,24.0,-0.07
07:34:56,152.49,55.0,155.67,63.0,145.49,43.0,156.48,83.0,154.08,3.1799999999999784,98.0,146.0,1.2805545673630276,152.49,155.67,244,-48.0,89.0,-0.2
07:34:57,148.12,33.0,155.07,27.0,134.86,59.0,156.15,55.0,151.6,6.949999999999989,92.0,82.0,1.89449729479734,148.12,155.06999999999996,174,10.0,-70.0,0.06
07:34:58,143.0,28.0,154.67,45.0,119.46,57.0,155.45,20.0,148.83,11.669999999999987,85.0,65.0,2.587937402642234,143.0,154.67,150,20.0,-24.0,0.13
07:34:59,152.96,93.0,154.5,30.0,129.96,27.0,155.8,25.0,153.73,1.539999999999992,120.0,55.0,2.3160591529567394,152.96,154.5,175,65.0,25.0,0.37
07:35:00,154.51,55.0,179.57,14.0,153.42,24.0,291.61,36.0,167.04,25.060000000000002,79.0,50.0,7.0184421348326556,154.51,179.57,129,29.0,-46.0,0.22
07:35:05,158.35,31.0,160.97,38.0,153.57,21.0,164.64,25.0,159.66,2.6200000000000045,52.0,63.0,10.566422289497662,158.35,160.97,115,-11.0,-53.0,-0.1
07:35:06,157.0,33.0,158.46,26.0,156.0,12.0,159.6,30.0,157.73,1.460000000000008,45.0,56.0,10.790852607648453,157.0,158.46,101,-11.0,-14.0,-0.11
07:35:07,154.29,17.0,184.68,25.0,151.33,33.0,293.39,23.0,169.49,30.390000000000015,50.0,48.0,8.350776610590996,154.29,184.68,98,2.0,-3.0,0.02
07:35:08,159.35,23.0,326.33,12.0,150.87,30.0,340.82,17.0,242.84,166.98,53.0,29.0,36.013404032387626,159.35,326.33,82,24.0,-16.0,0.29
07:35:09,150.17,24.0,181.0,12.0,145.67,24.0,275.33,9.0,165.58,30.830000000000013,48.0,21.0,35.96009107329949,150.17,181.0,69,27.0,-13.0,0.39
07:35:10,149.0,16.0,150.25,16.0,116.88,32.0,153.0,8.0,149.62,1.25,48.0,24.0,37.558973228777084,149.0,150.25,72,24.0,3.0,0.33
07:35:11,149.0,18.0,150.0,18.0,106.44,36.0,153.0,9.0,149.5,1.0,54.0,27.0,38.77799736964241,149.0,150.0,81,27.0,9.0,0.33
07:35:12,153.67,18.0,166.5,8.0,118.11,18.0,239.22,18.0,160.08,12.830000000000013,36.0,26.0,39.36086228730252,153.67,166.5,62,10.0,-19.0,0.16
07:35:13,156.41,44.0,183.0,10.0,153.0,24.0,240.6,25.0,169.7,26.590000000000003,68.0,35.0,9.180592573466775,156.41,183.0,103,33.0,41.0,0.32
07:35:14,161.5,72.0,295.6,15.0,156.29,42.0,398.61,18.0,228.55,134.10000000000002,114.0,33.0,32.9814068832728,161.5,295.6,147,81.0,44.0,0.55
07:35:33,161.46,39.0,169.79,28.0,159.06,101.0,170.89,37.0,165.62,8.329999999999984,140.0,65.0,1.416502735603954,161.46,169.79,205,75.0,103.0,0.37
07:35:34,159.49,74.0,167.03,32.0,158.63,86.0,168.74,38.0,163.26,7.539999999999992,160.0,70.0,2.2469267900786476,159.49,167.03,230,90.0,25.0,0.39
07:35:35,159.0,46.0,164.07,15.0,157.89,27.0,165.2,20.0,161.53,5.069999999999993,73.0,35.0,2.702706051344218,159.0,164.07,108,38.0,-122.0,0.35
07:35:36,159.0,62.0,161.66,29.0,157.0,36.0,163.19,31.0,160.33,2.6599999999999966,98.0,60.0,2.8343023832986023,159.0,161.66000000000003,158,38.0,50.0,0.24
07:35:37,159.0,41.0,270.0,15.0,157.0,30.0,389.14,7.0,214.5,111.0,71.0,22.0,23.257580914617385,159.0,270.0,93,49.0,-65.0,0.53
07:35:38,158.89,36.0,426.07,29.0,156.54,35.0,428.0,6.0,292.48,267.18,71.0,35.0,57.34499934606315,158.89,426.07000000000005,106,36.0,13.0,0.34
07:35:39,160.16,19.0,390.12,32.0,155.11,38.0,426.27,44.0,275.14,229.96,57.0,76.0,61.846789973287926,160.16,390.12,133,-19.0,27.0,-0.14
07:35:40,157.0,5.0,375.0,20.0,155.0,20.0,398.59,17.0,266.0,218.0,25.0,37.0,53.96352564464255,157.0,375.0,62,-12.0,-71.0,-0.19
07:35:41,155.16,19.0,302.0,30.0,154.47,19.0,395.0,40.0,228.58,146.84,38.0,70.0,32.66901590192149,155.16,302.0,108,-32.0,46.0,-0.3
07:35:42,154.0,7.0,377.77,22.0,153.0,7.0,549.1,10.0,265.89,223.76999999999998,14.0,32.0,23.368081222043074,154.0,377.7699999999999,46,-18.0,-62.0,-0.39
07:35:51,161.57,35.0,163.94,34.0,158.79,56.0,183.0,44.0,162.76,2.3700000000000045,91.0,78.0,1.5734897521072448,161.57,163.94,169,13.0,77.0,0.08
07:35:52,159.0,50.0,162.4,30.0,157.0,60.0,261.64,36.0,160.7,3.4000000000000057,110.0,66.0,2.0440205478385787,159.0,162.4,176,44.0,7.0,0.25
07:35:53,159.0,8.0,161.75,12.0,157.0,24.0,332.4,15.0,160.38,2.75,32.0,27.0,1.9923353131403716,159.0,161.75,59,5.0,-117.0,0.08
07:35:54,158.0,64.0,160.1,30.0,156.33,24.0,397.6,30.0,159.05,2.0999999999999943,88.0,60.0,1.819208619148982,158.0,160.1,148,28.0,89.0,0.19
07:35:55,157.0,18.0,160.0,27.0,156.0,18.0,532.0,27.0,158.5,3.0,36.0,54.0,1.6596746669108906,157.0,160.0,90,-18.0,-58.0,-0.2
07:35:56,157.0,16.0,159.5,24.0,156.0,16.0,369.0,23.0,158.25,2.5,32.0,47.0,1.107081749459195,157.0,159.5,79,-15.0,-11.0,-0.19
07:35:57,157.64,22.0,159.0,22.0,156.5,16.0,189.3,30.0,158.32,1.3600000000000136,38.0,52.0,0.8848446191199605,157.64,159.0,90,-14.0,11.0,-0.16
07:35:58,155.08,37.0,157.38,24.0,153.97,71.0,353.05,37.0,156.23,2.299999999999983,108.0,61.0,1.0753836524633518,155.08,157.38,169,47.0,79.0,0.28
07:35:59,154.0,60.0,156.0,30.0,149.2,10.0,158.0,10.0,155.0,2.0,70.0,40.0,1.5660300124791005,154.0,156.0,110,30.0,-59.0,0.27
07:36:00,154.0,61.0,220.81,37.0,124.21,14.0,337.52,29.0,187.41,66.81,75.0,66.0,13.694315243924613,154.0,220.81,141,9.0,31.0,0.06
07:36:01,153.3,23.0,159.0,19.0,151.92,38.0,241.71,35.0,156.15,5.699999999999989,61.0,54.0,13.908553842868997,153.3,159.0,115,7.0,-26.0,0.06
07:36:02,152.98,66.0,159.0,11.0,151.76,29.0,240.91,33.0,155.99,6.02000000000001,95.0,44.0,14.126056774627013,152.98,159.0,139,51.0,24.0,0.37
07:36:03,155.2,60.0,302.42,19.0,154.83,36.0,343.11,27.0,228.81,147.22000000000003,96.0,46.0,32.21897298176943,155.2,302.42,142,50.0,3.0,0.35
07:36:17,160.6,15.0,162.62,26.0,157.15,39.0,164.0,16.0,161.61,2.0200000000000102,54.0,42.0,12.377195562807545,160.6,162.62,96,12.0,-162.0,0.12
07:36:18,157.02,85.0,160.94,33.0,156.63,19.0,161.97,33.0,158.98,3.9199999999999875,104.0,66.0,13.431512573049286,157.02,160.94,170,38.0,74.0,0.22
07:36:19,157.0,76.0,158.0,35.0,156.0,7.0,159.0,14.0,157.5,1.0,83.0,49.0,11.851682159085234,157.0,158.0,132,34.0,-38.0,0.26
07:36:20,157.0,37.0,158.0,50.0,156.0,10.0,159.8,20.0,157.5,1.0,47.0,70.0,6.625838060198708,157.0,158.0,117,-23.0,-15.0,-0.2
07:36:21,157.0,36.0,158.93,30.0,156.0,12.0,162.92,24.0,157.97,1.9300000000000068,48.0,54.0,1.7290662219756208,157.0,158.93,102,-6.0,-15.0,-0.06
07:36:22,158.78,27.0,160.0,18.0,156.96,25.0,164.78,18.0,159.39,1.2199999999999989,52.0,36.0,0.8709592412833739,158.78,160.0,88,16.0,-14.0,0.18
07:36:23,157.29,21.0,159.3,33.0,156.25,12.0,162.0,20.0,158.29,2.0100000000000193,33.0,53.0,0.7798397271086381,157.29,159.3,86,-20.0,-2.0,-0.23
07:36:24,151.44,27.0,158.24,21.0,124.18,11.0,160.2,15.0,154.84,6.800000000000011,38.0,36.0,1.6914993349028262,151.44,158.24,74,2.0,-12.0,0.03
07:36:25,151.76,21.0,153.0,15.0,141.0,6.0,157.0,20.0,152.38,1.240000000000009,27.0,35.0,2.8904895779048183,151.76,153.0,62,-8.0,-12.0,-0.13
07:36:26,152.0,44.0,154.1,29.0,125.74,23.0,157.35,34.0,153.05,2.0999999999999943,67.0,63.0,3.1244279476371464,152.0,154.1,130,4.0,68.0,0.03
07:36:27,154.67,15.0,157.62,16.0,149.73,33.0,162.6,15.0,156.15,2.950000000000017,48.0,31.0,2.3886335005554806,154.67,157.62,79,17.0,-51.0,0.22
07:36:28,152.0,26.0,160.0,6.0,116.38,13.0,362.33,6.0,156.0,8.0,39.0,12.0,1.7090728480599728,152.0,160.0,51,27.0,-28.0,0.53
07:36:29,154.71,21.0,159.02,41.0,152.96,27.0,193.78,9.0,156.87,4.310000000000002,48.0,50.0,2.0264377611898015,154.71,159.02,98,-2.0,47.0,-0.02
07:36:30,157.0,18.0,159.0,30.0,156.0,20.0,160.0,6.0,158.0,2.0,38.0,36.0,1.8358186184850114,157.0,159.0,74,2.0,-24.0,0.03
07:36:31,157.17,12.0,158.92,13.0,153.29,21.0,159.8,5.0,158.04,1.75,33.0,18.0,0.9772768287319982,157.17,158.92000000000002,51,15.0,-23.0,0.29
07:36:32,150.64,28.0,157.5,4.0,146.08,13.0,159.0,4.0,154.07,6.860000000000014,41.0,8.0,1.6482809226513555,150.64000000000001,157.5,49,33.0,-2.0,0.67
07:36:33,150.0,40.0,156.08,13.0,75.75,4.0,157.5,4.0,153.04,6.0800000000000125,44.0,17.0,2.313272573644593,150.0,156.08,61,27.0,12.0,0.44
07:36:34,150.0,40.0,155.0,10.0,69.0,4.0,156.0,10.0,152.5,5.0,44.0,20.0,2.6978509966223254,150.0,155.0,64,24.0,3.0,0.38
07:36:35,150.83,36.0,152.84,49.0,149.89,95.0,153.82,17.0,151.84,2.009999999999991,131.0,66.0,2.4551822742875498,150.83,152.84,197,65.0,133.0,0.33
07:36:36,151.0,14.0,157.0,13.0,148.0,75.0,172.9,20.0,154.0,6.0,89.0,33.0,0.9619771306926316,151.0,157.0,122,56.0,-75.0,0.46
07:36:37,158.1,71.0,159.27,11.0,148.14,66.0,288.6,20.0,158.69,1.170000000000016,137.0,31.0,2.7309485531543416,158.1,159.27,168,106.0,46.0,0.63
07:36:38,159.0,111.0,160.0,4.0,148.14,22.0,554.0,4.0,159.5,1.0,133.0,8.0,3.5578617173768885,159.0,160.0,141,125.0,-27.0,0.89
07:36:39,159.0,138.0,160.0,5.0,148.73,11.0,386.5,8.0,159.5,1.0,149.0,13.0,3.554909281539583,159.0,160.0,162,136.0,21.0,0.84
07:36:40,159.0,162.0,160.0,6.0,157.53,51.0,219.0,24.0,159.5,1.0,213.0,30.0,2.3949363248271496,159.0,160.0,243,183.0,81.0,0.75
07:36:41,159.0,270.0,329.94,34.0,155.39,132.0,482.65,34.0,244.47,170.94,402.0,68.0,38.091914758908885,159.0,329.94,470,334.0,169.5,0.71
07:36:42,159.0,183.0,252.42,31.0,156.0,18.0,488.15,20.0,205.71,93.41999999999999,201.0,51.0,38.4500537060741,159.0,252.42,252,150.0,-170.5,0.6
07:36:43,159.0,68.0,160.0,16.0,156.0,8.0,676.0,12.0,159.5,1.0,76.0,28.0,38.4500537060741,159.0,160.0,104,48.0,-148.0,0.46
07:36:44,159.0,85.0,160.0,20.0,156.0,10.0,605.14,7.0,159.5,1.0,95.0,27.0,38.4500537060741,159.0,160.0,122,68.0,18.0,0.56
07:36:45,159.22,109.0,390.75,28.0,158.63,82.0,588.31,13.0,274.99,231.53,191.0,41.0,51.29324351218189,159.22,390.75,232,150.0,110.0,0.65
07:36:56,159.3,10.0,224.93,42.0,156.78,46.0,249.53,34.0,192.11,65.63,56.0,76.0,36.74228762611283,159.3,224.92999999999998,132,-20.0,-29.0,-0.15
07:36:57,156.51,41.0,212.58,36.0,155.83,72.0,225.48,29.0,184.55,56.07000000000002,113.0,65.0,44.409062476030726,156.51,212.58,178,48.0,46.0,0.27
07:36:58,156.0,87.0,157.15,26.0,150.0,9.0,176.12,17.0,156.58,1.1500000000000057,96.0,43.0,41.2778006923818,156.0,157.15,139,53.0,-39.0,0.38
07:36:59,156.41,58.0,159.0,20.0,154.94,34.0,252.0,50.0,157.71,2.5900000000000034,92.0,70.0,26.504485092149785,156.41000000000003,159.0,162,22.0,23.0,0.14
07:37:00,156.33,73.0,159.0,28.0,153.0,42.0,469.3,56.0,157.66,2.6699999999999875,115.0,84.0,17.20162986463745,156.33,159.0,199,31.0,37.0,0.16
07:37:01,156.0,80.0,157.81,47.0,150.59,22.0,368.51,51.0,156.9,1.8100000000000023,102.0,98.0,12.2353647268884,156.0,157.81,200,4.0,1.0,0.02
07:37:02,156.0,24.0,157.0,27.0,154.43,14.0,159.0,16.0,156.5,1.0,38.0,43.0,0.5812916651588832,156.0,157.0,81,-5.0,-119.0,-0.06
07:37:03,156.5,18.0,158.67,24.0,155.82,33.0,246.96,23.0,157.58,2.1699999999999875,51.0,47.0,0.5412023650939181,156.5,158.67,98,4.0,17.0,0.04
07:37:04,157.93,15.0,229.0,16.0,156.77,13.0,314.33,30.0,193.47,71.07,28.0,46.0,16.245479986752787,157.93,229.0,74,-18.0,-24.0,-0.24
07:37:05,160.0,27.0,291.19,21.0,159.0,23.0,516.52,25.0,225.6,131.19,50.0,46.0,30.941544887092974,160.0,291.19,96,4.0,22.0,0.04
07:37:06,160.0,33.0,163.0,11.0,159.0,44.0,426.92,48.0,161.5,3.0,77.0,59.0,30.216852913564477,160.0,163.0,136,18.0,40.0,0.13
07:37:07,161.22,27.0,163.0,9.0,159.0,36.0,193.0,45.0,162.11,1.7800000000000011,63.0,54.0,29.264935844795392,161.22,163.0,117,9.0,-19.0,0.08
07:37:09,160.05,43.0,162.5,12.0,157.98,41.0,290.22,32.0,161.27,2.4499999999999886,84.0,44.0,28.51626255314656,160.05,162.5,128,40.0,-15.0,0.31
07:37:10,158.62,47.0,161.92,13.0,156.77,39.0,277.85,13.0,160.27,3.299999999999983,86.0,26.0,0.8563585697505481,158.62,161.92000000000002,112,60.0,-16.0,0.54
07:37:11,156.5,12.0,159.35,17.0,153.17,24.0,295.38,8.0,157.93,2.8499999999999943,36.0,25.0,1.8264391585774187,156.5,159.35,61,11.0,-51.0,0.18
07:37:12,152.16,25.0,157.0,28.0,151.4,10.0,164.29,7.0,154.58,4.840000000000003,35.0,35.0,3.131157932775754,152.16,157.0,70,0.0,9.0,0.0
07:37:13,152.0,36.0,156.5,40.0,151.0,9.0,159.47,30.0,154.25,4.5,45.0,70.0,3.202795653797495,152.0,156.5,115,-25.0,45.0,-0.22
07:37:14,152.0,36.0,156.0,45.0,151.0,9.0,157.0,36.0,154.0,4.0,45.0,81.0,2.775991714682117,152.0,156.0,126,-36.0,11.0,-0.29
07:37:15,153.09,11.0,161.0,10.0,151.86,14.0,163.0,5.0,157.05,7.909999999999997,25.0,15.0,1.7991025540484333,153.09,161.0,40,10.0,-86.0,0.25
07:37:16,156.0,9.0,161.0,12.0,152.0,36.0,163.0,9.0,158.5,5.0,45.0,21.0,1.9941489412738556,156.0,161.0,66,24.0,26.0,0.36
07:37:17,155.43,7.0,161.0,7.0,151.96,25.0,163.0,7.0,158.21,5.569999999999993,32.0,14.0,2.1500627897770523,155.43,161.0,46,18.0,-20.0,0.39
07:37:18,152.0,8.0,161.0,8.0,151.0,8.0,163.0,8.0,156.5,9.0,16.0,16.0,1.792838531486879,152.0,161.0,32,0.0,-14.0,0.0
07:37:19,155.7,27.0,161.0,4.0,151.5,4.0,163.0,4.0,158.35,5.300000000000011,31.0,8.0,0.8920033632135739,155.7,161.0,39,23.0,7.0,0.59
07:37:20,133.75,16.0,155.02,51.0,119.18,44.0,158.2,35.0,144.38,21.27000000000001,60.0,86.0,6.095782968576178,133.75,155.02,146,-26.0,107.0,-0.18
07:37:21,114.62,42.0,151.18,44.0,104.07,30.0,153.0,55.0,132.9,36.56,72.0,99.0,11.217707876388179,114.62,151.18,171,-27.0,25.0,-0.16
07:37:22,140.33,30.0,148.93,60.0,120.29,70.0,152.29,31.0,144.63,8.599999999999994,100.0,91.0,10.365137239804415,140.33,148.93,191,9.0,20.0,0.05
07:37:23,144.0,16.0,147.07,29.0,118.56,32.0,150.0,10.0,145.53,3.069999999999993,48.0,39.0,9.018174427231898,144.0,147.07,87,9.0,-104.0,0.1
07:37:24,144.0,10.0,149.0,25.0,126.6,10.0,151.0,5.0,146.5,5.0,20.0,30.0,5.59011359455052,144.0,149.0,50,-10.0,-37.0,-0.2
07:37:28,126.47,36.0,148.64,44.0,116.46,41.0,149.29,21.0,137.55,22.169999999999987,77.0,65.0,16.823546593984634,126.47,148.64,142,12.0,39.0,0.08
07:37:29,122.5,12.0,149.0,16.0,115.0,13.0,151.0,5.0,135.75,26.5,25.0,21.0,13.65205002920702,122.5,149.0,46,4.0,-96.0,0.09
07:37:30,145.0,28.0,149.0,19.0,117.7,20.0,151.0,7.0,147.0,4.0,48.0,26.0,16.93203561300216,145.0,149.0,74,22.0,28.0,0.3
07:37:31,145.56,18.0,149.0,24.0,118.93,30.0,151.0,12.0,147.28,3.4399999999999977,48.0,36.0,14.093547104968858,145.56,149.0,84,12.0,10.0,0.14
07:37:32,146.83,6.0,150.0,8.0,135.0,24.0,152.33,6.0,148.42,3.1699999999999875,30.0,14.0,6.036551167676654,146.83,150.0,44,16.0,-40.0,0.36
07:37:33,147.0,6.0,151.0,6.0,127.89,19.0,153.0,6.0,149.0,4.0,25.0,12.0,5.505833270267012,147.0,151.0,37,13.0,-7.0,0.35
07:37:34,147.75,4.0,151.0,4.0,125.08,13.0,153.0,4.0,149.38,3.25,17.0,8.0,1.0447392018968298,147.75,151.0,25,9.0,-12.0,0.36
07:37:35,149.2,15.0,152.71,7.0,129.25,16.0,154.95,37.0,150.96,3.5100000000000193,31.0,44.0,1.3491182305418201,149.2,152.71,75,-13.0,50.0,-0.17
07:37:36,150.0,18.0,335.4,10.0,148.0,6.0,207.71,28.0,242.7,185.39999999999998,24.0,38.0,41.71777223198749,150.0,335.4,62,-14.0,-13.0,-0.23
07:37:37,154.45,20.0,393.57,28.0,153.0,32.0,461.0,28.0,274.01,239.12,52.0,56.0,60.49494937596025,154.45,393.57,108,-4.0,46.0,-0.04
07:37:38,158.07,15.0,255.92,12.0,154.45,31.0,323.86,21.0,206.99,97.85,46.0,33.0,55.22986483778498,158.07,255.92,79,13.0,-29.0,0.16
07:37:39,161.39,82.0,171.31,35.0,153.62,37.0,219.67,18.0,166.35,9.920000000000016,119.0,53.0,51.35783844750477,161.39,171.31,172,66.0,93.0,0.38
07:37:44,161.06,16.0,163.03,29.0,158.73,45.0,198.4,15.0,162.05,1.9699999999999989,61.0,44.0,0.9910196768913685,161.06,163.03,105,17.0,-32.0,0.16
07:37:45,159.52,31.0,162.0,44.0,158.38,58.0,356.89,36.0,160.76,2.4799999999999898,89.0,80.0,1.3624610086111426,159.52,162.0,169,9.0,64.0,0.05
07:37:46,159.29,28.0,161.33,24.0,158.43,28.0,230.25,32.0,160.31,2.0400000000000205,56.0,56.0,1.5933612270874156,159.29,161.33,112,0.0,-57.0,0.0
07:37:47,158.75,32.0,371.98,46.0,156.67,24.0,438.25,53.0,265.36,213.23000000000002,56.0,99.0,46.39796924435368,158.75,371.98,155,-43.0,43.0,-0.28
07:37:48,157.0,4.0,332.8,10.0,156.0,8.0,418.62,16.0,244.9,175.8,12.0,26.0,52.04433427377079,157.0,332.8,38,-14.0,-117.0,-0.37
07:37:49,157.0,6.0,184.44,18.0,156.0,12.0,285.86,22.0,170.72,27.439999999999998,18.0,40.0,50.644573253212364,157.0,184.44,58,-22.0,20.0,-0.38
07:37:50,158.91,44.0,204.53,19.0,156.6,10.0,351.62,26.0,181.72,45.620000000000005,54.0,45.0,47.299102739903994,158.91,204.53,99,9.0,41.0,0.09
07:37:51,159.0,70.0,166.73,22.0,157.0,10.0,201.0,28.0,162.86,7.72999999999999,80.0,50.0,46.71223950957601,159.0,166.73,130,30.0,31.0,0.23
07:37:52,159.0,70.0,164.36,33.0,157.0,10.0,313.98,42.0,161.68,5.360000000000014,80.0,75.0,34.766154230803124,159.0,164.36,155,5.0,25.0,0.03
07:37:53,159.42,77.0,316.89,37.0,158.81,53.0,408.25,32.0,238.15,157.47,130.0,69.0,31.835977761017322,159.42,316.89,199,61.0,44.0,0.31
07:37:54,161.0,58.0,370.76,41.0,159.0,108.0,456.74,39.0,265.88,209.76,166.0,80.0,47.3190777593984,161.0,370.76,246,86.0,47.0,0.35
07:38:01,159.71,21.0,262.0,18.0,158.78,54.0,263.0,6.0,210.86,102.28999999999999,75.0,24.0,12.011620623379338,159.71,262.0,99,51.0,-7.0,0.52
07:38:02,159.0,96.0,247.19,26.0,157.0,36.0,241.86,22.0,203.1,88.19,132.0,48.0,4.452147796287758,159.0,247.19,180,84.0,81.0,0.47
07:38:03,159.0,56.0,187.0,27.0,157.0,27.0,188.0,9.0,173.0,28.0,83.0,36.0,16.896775432016252,159.0,187.0,119,47.0,-61.0,0.39
07:38:04,159.83,48.0,186.23,13.0,158.07,45.0,187.03,31.0,173.03,26.399999999999977,93.0,44.0,19.818037743429233,159.83,186.23,137,49.0,18.0,0.36
07:38:05,161.0,44.0,183.85,27.0,157.0,33.0,186.06,17.0,172.43,22.849999999999994,77.0,44.0,18.911796054314447,161.0,183.85,121,33.0,-16.0,0.27
07:38:06,161.72,29.0,182.22,27.0,160.56,32.0,185.0,9.0,171.97,20.5,61.0,36.0,13.643721266574646,161.72,182.22,97,25.0,-24.0,0.26
07:38:09,160.45,33.0,171.69,16.0,158.47,49.0,172.28,32.0,166.07,11.240000000000009,82.0,48.0,2.582425216725393,160.45,171.69,130,34.0,7.0,0.26
07:38:10,157.4,15.0,169.27,11.0,156.43,21.0,171.31,13.0,163.34,11.870000000000005,36.0,24.0,3.5039192342259824,157.4,169.27,60,12.0,-70.0,0.2
07:38:11,157.0,14.0,166.85,20.0,156.0,24.0,167.2,20.0,161.93,9.849999999999994,38.0,40.0,3.682739469468125,157.0,166.85,78,-2.0,18.0,-0.03
07:38:12,157.0,10.0,164.04,28.0,156.0,20.0,165.5,12.0,160.52,7.039999999999992,30.0,40.0,3.3899808259012234,157.0,164.04,70,-10.0,-8.0,-0.14
07:38:13,156.23,57.0,163.36,33.0,149.61,41.0,165.0,11.0,159.8,7.130000000000024,98.0,44.0,2.4922219002282913,156.23,163.36,142,54.0,72.0,0.38
07:38:14,154.0,112.0,163.0,24.0,127.0,64.0,165.0,8.0,158.5,9.0,176.0,32.0,1.8771840612942594,154.0,163.0,208,144.0,66.0,0.69
07:38:15,154.0,112.0,161.83,18.0,99.43,56.0,163.07,14.0,157.92,7.8300000000000125,168.0,32.0,1.6013993880281785,154.0,161.83,200,136.0,-8.0,0.68
07:38:16,154.11,93.0,160.9,10.0,114.79,58.0,267.0,30.0,157.5,6.789999999999992,151.0,40.0,1.274880386537036,154.11,160.9,191,111.0,-9.0,0.58
07:38:17,154.0,88.0,157.62,32.0,138.43,84.0,217.06,18.0,155.81,3.6200000000000045,172.0,50.0,1.457593907772861,154.0,157.62,222,122.0,31.0,0.55
07:38:18,153.0,64.0,354.32,22.0,88.0,36.0,475.53,34.0,253.66,201.32,100.0,56.0,43.04590479941131,153.0,354.32,156,44.0,-66.0,0.28
07:38:19,155.58,79.0,251.16,49.0,145.1,80.0,434.27,41.0,203.37,95.57999999999998,159.0,90.0,42.985926417840346,155.58,251.16,249,69.0,93.0,0.28
07:38:20,157.23,52.0,247.82,55.0,156.19,79.0,354.94,53.0,202.52,90.59,131.0,108.0,40.33854571002762,157.23,247.82,239,23.0,-10.0,0.1
07:38:21,161.33,67.0,236.71,55.0,158.49,86.0,308.62,65.0,199.02,75.38,153.0,120.0,34.6751442679045,161.33,236.71,273,33.0,34.0,0.12
07:38:25,159.48,54.0,234.0,85.0,157.93,45.0,266.15,65.0,196.74,74.52000000000001,99.0,150.0,2.036030451635932,159.48,234.0,249,-51.0,147.0,-0.2
07:38:26,160.57,35.0,201.0,21.0,159.0,28.0,222.0,35.0,180.79,40.43000000000001,63.0,56.0,8.814957175164706,160.57,201.0,119,7.0,-130.0,0.06
07:38:27,161.0,19.0,220.2,25.0,159.0,20.0,229.65,23.0,190.6,59.19999999999999,39.0,48.0,8.759844747481951,161.0,220.2,87,-9.0,-32.0,-0.1
07:38:28,160.04,27.0,208.1,39.0,157.5,28.0,235.21,33.0,184.07,48.06,55.0,72.0,8.436951463650006,160.04,208.1,127,-17.0,40.0,-0.13
07:38:33,159.12,200.0,173.54,39.0,157.94,68.0,174.78,51.0,166.33,14.419999999999987,268.0,90.0,5.275815576759796,159.12,173.54,358,178.0,164.0,0.5
07:38:35,161.0,21.0,163.14,22.0,159.0,96.0,164.91,22.0,162.07,2.1399999999999864,117.0,44.0,5.758454653809503,161.0,163.14,161,73.0,-25.0,0.45
07:38:36,159.23,156.0,161.07,44.0,158.11,54.0,162.14,36.0,160.15,1.8400000000000034,210.0,80.0,4.677037523901186,159.23,161.07,290,130.0,129.0,0.45
07:38:37,159.0,181.0,160.0,15.0,156.8,71.0,193.71,62.0,159.5,1.0,252.0,77.0,2.9601385102692923,159.0,160.0,329,175.0,39.0,0.53
07:38:38,159.0,96.0,160.0,9.0,157.0,81.0,319.2,35.0,159.5,1.0,177.0,44.0,2.305053144719022,159.0,160.0,221,133.0,-108.0,0.6
07:38:39,159.0,22.0,220.0,14.0,157.0,112.0,311.25,32.0,189.5,61.0,134.0,46.0,13.09879498274479,159.0,220.0,180,88.0,-41.0,0.49
07:38:40,159.0,22.0,265.0,44.0,157.0,154.0,326.0,44.0,212.0,106.0,176.0,88.0,23.842650859331513,159.0,265.0,264,88.0,84.0,0.33
07:38:41,159.0,38.0,378.79,47.0,157.0,182.0,512.21,48.0,268.89,219.79000000000002,220.0,95.0,45.4369554437793,159.0,378.79,315,125.0,51.0,0.4
07:38:42,157.0,115.0,286.0,33.0,156.0,77.0,460.16,45.0,221.5,129.0,192.0,78.0,40.54132360937402,157.0,286.0,270,114.0,-45.0,0.42
07:38:43,157.0,107.0,194.44,48.0,156.0,91.0,368.35,43.0,175.72,37.44,198.0,91.0,35.83862469459435,157.0,194.43999999999997,289,107.0,19.0,0.37
07:38:44,157.0,28.0,164.0,28.0,156.0,49.0,281.0,21.0,160.5,7.0,77.0,49.0,42.437318718316625,157.0,164.0,126,28.0,-163.0,0.22
07:38:45,157.0,8.0,403.0,8.0,156.0,14.0,687.0,7.0,280.0,246.0,22.0,15.0,53.58337447380473,157.0,403.0,37,7.0,-89.0,0.19
07:38:51,158.68,44.0,209.0,48.0,158.0,12.0,405.29,28.0,183.84,50.31999999999999,56.0,76.0,82.4455687105135,158.68,209.0,132,-20.0,93.0,-0.15
07:38:52,157.65,31.0,208.29,14.0,156.26,35.0,454.18,22.0,182.97,50.639999999999986,66.0,36.0,69.23072497092605,157.65,208.29,102,30.0,-30.0,0.29
07:38:53,160.4,20.0,208.0,12.0,159.92,26.0,607.0,24.0,184.2,47.599999999999994,46.0,36.0,30.35918180715688,160.4,208.0,82,10.0,-20.0,0.12
07:38:54,161.0,22.0,207.18,22.0,160.0,66.0,567.0,44.0,184.09,46.18000000000001,88.0,66.0,1.310782209219275,161.0,207.18,154,22.0,72.0,0.14
07:38:55,161.0,16.0,207.0,16.0,160.0,48.0,407.75,32.0,184.0,46.0,64.0,48.0,0.49310242344339306,161.0,207.0,112,16.0,-42.0,0.14
07:38:56,161.47,38.0,205.85,26.0,160.09,66.0,255.27,30.0,183.66,44.379999999999995,104.0,56.0,0.4978252705575994,161.47,205.84999999999997,160,48.0,48.0,0.3
07:38:59,161.88,34.0,193.5,28.0,160.67,24.0,196.0,70.0,177.69,31.620000000000005,58.0,98.0,2.5972235175289784,161.88,193.5,156,-40.0,-37.0,-0.26
07:39:00,161.0,12.0,190.33,39.0,159.0,12.0,194.89,45.0,175.67,29.330000000000013,24.0,84.0,3.445071842502771,161.0,190.33,108,-60.0,-48.0,-0.56
07:39:01,157.0,180.0,186.58,60.0,156.0,45.0,188.27,45.0,171.79,29.580000000000013,225.0,105.0,4.438774605677244,157.0,186.58,330,120.0,169.5,0.36
07:39:05,158.53,102.0,161.61,33.0,157.0,216.0,163.25,24.0,160.07,3.0800000000000125,318.0,57.0,5.147162325010174,158.53,161.61,375,261.0,136.0,0.7
07:39:06,157.33,54.0,160.04,25.0,156.26,35.0,195.3,27.0,158.69,2.7099999999999795,89.0,52.0,5.946593983113687,157.33000000000004,160.04,141,37.0,-170.5,0.26
07:39:07,156.0,112.0,157.57,14.0,155.0,63.0,225.0,14.0,156.79,1.5699999999999932,175.0,28.0,5.405221549576265,156.0,157.57,203,147.0,62.0,0.72
07:39:08,156.0,133.0,164.44,18.0,155.0,81.0,270.33,21.0,160.22,8.439999999999998,214.0,39.0,3.208063278678189,156.0,164.44,253,175.0,50.0,0.69
07:39:09,156.29,51.0,254.95,21.0,155.48,58.0,415.93,44.0,205.62,98.66,109.0,65.0,20.920274137783288,156.29,254.95,174,44.0,-79.0,0.25
07:39:10,156.43,28.0,442.59,34.0,155.57,28.0,607.47,38.0,299.51,286.15999999999997,56.0,72.0,61.270701236398516,156.43,442.59,128,-16.0,-46.0,-0.12
07:39:12,156.0,36.0,242.78,45.0,153.0,18.0,452.37,43.0,199.39,86.78,54.0,88.0,64.70172447470011,156.0,242.78,142,-34.0,26.0,-0.24
07:39:13,156.0,40.0,182.0,50.0,153.0,10.0,263.7,50.0,169.0,26.0,50.0,100.0,62.2758029253739,156.0,182.0,150,-50.0,8.0,-0.33
07:39:14,156.0,60.0,178.35,60.0,152.6,15.0,183.83,70.0,167.18,22.349999999999994,75.0,130.0,68.92818197225289,156.0,178.35,205,-55.0,55.0,-0.27
07:39:15,157.0,54.0,174.75,51.0,155.72,39.0,176.43,63.0,165.87,17.75,93.0,114.0,59.519641715991575,157.0,174.75,207,-21.0,2.0,-0.1
07:39:16,160.67,45.0,169.42,60.0,158.43,56.0,170.77,61.0,165.04,8.75,101.0,121.0,14.663431726577596,160.67,169.42,222,-20.0,15.0,-0.09
07:39:17,159.27,45.0,164.71,49.0,155.58,38.0,165.76,55.0,161.99,5.439999999999998,83.0,104.0,2.609680057018849,159.27,164.71,187,-21.0,-35.0,-0.11
07:39:18,156.94,70.0,161.53,15.0,155.19,63.0,163.0,45.0,159.24,4.590000000000003,133.0,60.0,3.2131028617213273,156.94,161.53,193,73.0,6.0,0.38
07:39:19,154.14,87.0,160.14,21.0,153.92,65.0,162.2,15.0,157.14,6.0,152.0,36.0,3.719950268485006,154.14,160.14,188,116.0,-5.0,0.62
07:39:20,154.0,225.0,158.13,45.0,153.0,15.0,161.0,15.0,156.07,4.1299999999999955,240.0,60.0,3.6575169172543154,154.0,158.13,300,180.0,112.0,0.6
07:39:21,154.0,200.0,155.85,59.0,153.0,15.0,200.52,42.0,154.92,1.8499999999999943,215.0,101.0,2.79851210467301,154.0,155.85,316,114.0,16.0,0.36
07:39:22,155.81,52.0,359.88,25.0,154.12,32.0,602.63,38.0,257.84,204.07,84.0,63.0,45.19547897743759,155.81,359.88,147,21.0,-169.0,0.14
07:39:34,161.81,31.0,163.96,47.0,160.5,24.0,165.3,47.0,162.88,2.1500000000000057,55.0,94.0,39.511531481328426,161.81,163.96,149,-39.0,6.0,-0.26
07:39:35,155.48,46.0,161.75,48.0,154.11,74.0,162.82,44.0,158.61,6.27000000000001,120.0,92.0,26.299644864522495,155.48,161.75,212,28.0,63.0,0.13
07:39:36,154.6,50.0,158.5,24.0,153.88,40.0,415.18,39.0,156.55,3.9000000000000057,90.0,63.0,4.127683369639999,154.6,158.5,153,27.0,-59.0,0.18
07:39:37,154.43,35.0,159.81,16.0,153.2,10.0,575.57,37.0,157.12,5.3799999999999955,45.0,53.0,3.655922592178656,154.43,159.81,98,-8.0,-55.0,-0.08
07:39:38,153.4,5.0,271.71,7.0,68.13,76.0,410.91,11.0,212.56,118.30999999999997,81.0,18.0,24.174042483622884,153.4,271.71,99,63.0,1.0,0.64
07:39:40,122.2,50.0,283.2,20.0,104.59,64.0,712.0,25.0,202.7,161.0,114.0,45.0,31.303541013757645,122.2,283.2,159,69.0,-53.0,0.43
07:39:42,154.04,144.0,242.2,20.0,151.0,118.0,394.42,36.0,198.12,88.16,262.0,56.0,77.78754784668311,154.04,242.2,318,206.0,57.0,0.65
07:39:43,158.93,104.0,167.0,24.0,156.94,35.0,229.33,12.0,162.97,8.069999999999993,139.0,36.0,85.49501517632484,158.93,167.0,175,103.0,-143.0,0.59
07:39:44,158.56,9.0,167.0,18.0,157.0,27.0,235.0,10.0,162.78,8.439999999999998,36.0,28.0,91.39499833141862,158.56,167.0,64,8.0,-111.0,0.12
07:39:45,159.0,10.0,166.2,20.0,157.0,30.0,304.7,10.0,162.6,7.199999999999989,40.0,30.0,95.15437257425437,159.0,166.2,70,10.0,6.0,0.14
07:39:46,161.68,19.0,163.14,14.0,157.91,11.0,320.38,16.0,162.41,1.4599999999999795,30.0,30.0,15.846142432781791,161.68,163.14000000000001,60,0.0,-10.0,0.0
07:39:47,159.75,4.0,326.2,10.0,114.68,22.0,440.25,8.0,242.97,166.45,26.0,18.0,35.902909770657985,159.75,326.2,44,8.0,-16.0,0.18
07:39:51,127.33,18.0,151.86,14.0,54.53,38.0,165.33,36.0,139.6,24.530000000000015,56.0,50.0,63.19761648986462,127.33,151.85999999999999,106,6.0,2.0,0.06
07:39:55,159.0,10.0,318.46,26.0,153.0,60.0,376.58,24.0,238.73,159.45999999999998,70.0,50.0,65.62175416734918,159.0,318.46,120,20.0,5.0,0.17
07:39:56,159.88,48.0,280.88,32.0,155.4,30.0,331.52,23.0,220.38,121.0,78.0,55.0,62.26126420174916,159.88,280.88,133,23.0,13.0,0.17
07:39:57,160.77,62.0,280.0,18.0,159.0,9.0,360.5,16.0,220.39,119.22999999999999,71.0,34.0,47.66493910622372,160.77,280.0,105,37.0,-28.0,0.35
07:39:58,161.0,43.0,279.82,17.0,159.0,8.0,325.5,16.0,220.41,118.82,51.0,33.0,20.77700122731908,161.0,279.82,84,18.0,-21.0,0.21
07:39:59,161.46,24.0,278.18,34.0,160.83,36.0,279.11,36.0,219.82,116.72,60.0,70.0,8.268242255764907,161.46,278.18,130,-10.0,46.0,-0.08
07:40:02,161.82,17.0,182.22,45.0,160.62,13.0,184.0,18.0,172.02,20.400000000000006,30.0,63.0,21.154385597317955,161.82,182.22,93,-33.0,-26.0,-0.35
07:40:03,161.0,33.0,181.0,55.0,159.0,11.0,184.0,22.0,171.0,20.0,44.0,77.0,23.84351316396164,161.0,181.0,121,-33.0,28.0,-0.27
07:40:04,161.53,38.0,179.91,55.0,160.43,21.0,182.91,22.0,170.72,18.379999999999995,59.0,77.0,21.39149877872074,161.53,179.91,136,-18.0,15.0,-0.13
07:40:07,161.0,20.0,173.06,32.0,159.0,10.0,175.1,41.0,167.03,12.060000000000002,30.0,73.0,1.6104285144052963,161.0,173.06,103,-43.0,-77.0,-0.42
07:40:08,161.0,20.0,172.11,47.0,159.0,10.0,173.09,23.0,166.55,11.110000000000014,30.0,70.0,1.746948768570386,161.0,172.11,100,-40.0,-3.0,-0.4
07:40:09,161.0,18.0,168.83,24.0,159.0,9.0,170.79,39.0,164.92,7.8300000000000125,27.0,63.0,1.856402434821042,161.0,168.83,90,-36.0,-10.0,-0.4
07:40:10,161.0,22.0,166.03,35.0,158.07,29.0,166.54,46.0,163.51,5.030000000000001,51.0,81.0,2.0142566867232543,161.0,166.03,132,-30.0,42.0,-0.23
07:40:11,159.41,44.0,162.37,54.0,139.97,69.0,163.95,38.0,160.89,2.960000000000008,113.0,92.0,2.487971060926793,159.41,162.37,205,21.0,73.0,0.1
07:40:12,123.03,64.0,158.0,20.0,70.34,91.0,160.2,20.0,140.52,34.97,155.0,40.0,10.689774085545892,123.03,158.0,195,115.0,-10.0,0.59
07:40:13,140.46,46.0,157.0,8.0,100.8,56.0,397.25,16.0,148.73,16.539999999999992,102.0,24.0,10.629592184087224,140.46,157.0,126,78.0,-69.0,0.62
07:40:14,153.5,46.0,155.37,27.0,150.74,53.0,375.16,25.0,154.44,1.8700000000000045,99.0,52.0,9.312081936925175,153.5,155.37,151,47.0,25.0,0.31
07:40:15,151.06,31.0,154.96,48.0,112.11,120.0,156.37,19.0,153.01,3.9000000000000057,151.0,67.0,7.538691531028974,151.06,154.96,218,84.0,67.0,0.39
07:40:16,153.35,52.0,398.41,37.0,152.21,68.0,454.12,34.0,275.88,245.06000000000003,120.0,71.0,56.922886697707185,153.35,398.41,191,49.0,-27.0,0.26
07:40:17,157.21,66.0,308.9,40.0,153.88,68.0,457.98,45.0,233.06,151.68999999999997,134.0,85.0,58.1373410984714,157.21,308.9,219,49.0,28.0,0.22
07:40:18,159.5,60.0,194.8,30.0,157.93,54.0,337.08,24.0,177.15,35.30000000000001,114.0,54.0,53.963617095224556,159.5,194.8,168,60.0,-51.0,0.36
07:40:19,161.53,66.0,181.31,26.0,159.18,33.0,212.69,26.0,171.42,19.78,99.0,52.0,50.93035175609935,161.53,181.31,151,47.0,-17.0,0.31
07:40:25,161.24,17.0,164.34,32.0,159.92,176.0,307.87,23.0,162.79,3.0999999999999943,193.0,55.0,6.371140400274834,161.24,164.34,248,138.0,164.0,0.56
07:40:26,159.33,24.0,164.0,32.0,159.52,61.0,165.0,16.0,161.67,4.6699999999999875,85.0,48.0,6.582978049485994,159.33,164.0,133,37.0,-115.0,0.28
07:40:27,159.0,36.0,163.08,48.0,157.0,154.0,165.0,24.0,161.04,4.0800000000000125,190.0,72.0,5.146610535101207,159.0,163.08,262,118.0,129.0,0.45
07:40:28,159.67,9.0,162.0,24.0,157.27,22.0,165.0,12.0,160.83,2.3300000000000125,31.0,36.0,1.072893284541834,159.67,162.0,67,-5.0,-170.5,-0.07
07:40:29,159.93,15.0,161.8,30.0,158.56,9.0,224.11,18.0,160.87,1.8700000000000045,24.0,48.0,0.8264986388464276,159.93,161.8,72,-24.0,5.0,-0.33
07:40:30,158.76,17.0,161.81,32.0,156.97,31.0,316.35,46.0,160.29,3.0500000000000114,48.0,78.0,0.4955804677497218,158.76,161.81,126,-30.0,54.0,-0.24
07:40:31,157.0,16.0,159.4,10.0,156.0,8.0,188.0,18.0,158.2,2.4000000000000057,24.0,28.0,1.1778072847521008,157.0,159.4,52,-4.0,-74.0,-0.08
07:40:32,152.15,67.0,157.28,18.0,125.07,14.0,159.89,27.0,154.71,5.1299999999999955,81.0,45.0,2.6244999523747805,152.15,157.28,126,36.0,74.0,0.29
07:40:33,152.0,64.0,153.3,20.0,53.0,11.0,158.75,16.0,152.65,1.3000000000000114,75.0,36.0,3.5642642999664496,152.0,153.3,111,39.0,-15.0,0.35
07:40:34,138.2,64.0,348.12,16.0,96.58,38.0,474.38,29.0,243.16,209.92000000000002,102.0,45.0,38.88585951216733,138.2,348.12,147,57.0,36.0,0.39
07:40:35,157.4,15.0,172.0,33.0,100.37,101.0,491.19,32.0,164.7,14.599999999999994,116.0,65.0,38.551338887255454,157.4,172.0,181,51.0,34.0,0.28
07:40:36,153.0,8.0,238.07,28.0,94.88,104.0,400.2,30.0,195.54,85.07,112.0,58.0,38.17465874110748,153.0,238.07,170,54.0,-11.0,0.32
07:40:37,157.8,10.0,357.0,30.0,131.33,30.0,400.38,8.0,257.4,199.2,40.0,38.0,46.4471990544103,157.8,357.0,78,2.0,-92.0,0.03
07:40:38,160.18,34.0,242.41,39.0,157.8,25.0,322.09,47.0,201.29,82.22999999999999,59.0,86.0,37.597066640896514,160.18,242.41,145,-27.0,67.0,-0.19
07:40:41,161.53,34.0,240.24,62.0,158.54,39.0,304.81,63.0,200.89,78.71000000000001,73.0,125.0,24.983659259604327,161.53,240.24,198,-52.0,146.0,-0.26
07:40:42,159.36,85.0,236.66,56.0,155.49,51.0,239.25,56.0,198.01,77.29999999999998,136.0,112.0,1.651142029025127,159.36,236.66,248,24.0,50.0,0.1
07:40:45,158.94,16.0,228.0,40.0,156.93,28.0,229.0,24.0,193.47,69.06,44.0,64.0,2.6935886842673558,158.94,228.0,108,-20.0,-44.0,-0.19
07:40:46,157.71,28.0,226.68,47.0,155.39,49.0,227.78,41.0,192.2,68.97,77.0,88.0,2.802682643470926,157.71,226.68,165,-11.0,57.0,-0.07
07:40:47,157.0,30.0,225.4,50.0,156.0,190.0,357.3,33.0,191.2,68.4,220.0,83.0,3.10690682190715,157.0,225.4,303,137.0,138.0,0.45
07:40:48,156.07,130.0,224.74,47.0,155.19,78.0,325.75,32.0,190.41,68.67000000000002,208.0,79.0,2.5838595163075753,156.07,224.74,287,129.0,-16.0,0.45
07:40:49,156.0,128.0,206.97,33.0,153.0,24.0,210.33,33.0,181.48,50.97,152.0,66.0,4.763713887295624,156.0,206.97,218,86.0,-69.0,0.39
07:40:50,156.0,208.0,204.61,41.0,153.0,39.0,205.2,50.0,180.3,48.610000000000014,247.0,91.0,5.735827751947673,156.0,204.61,338,156.0,120.0,0.46
07:40:51,156.0,144.0,202.58,33.0,153.0,27.0,203.53,30.0,179.29,46.58000000000001,171.0,63.0,5.781784326660164,156.0,202.58,234,108.0,-104.0,0.46
07:40:52,156.0,97.0,200.18,17.0,153.0,21.0,201.06,32.0,178.09,44.18000000000001,118.0,49.0,4.911306343531545,156.0,200.18,167,69.0,-67.0,0.41
07:40:53,156.0,91.0,199.0,14.0,154.0,14.0,201.0,35.0,177.5,43.0,105.0,49.0,1.6164374407979178,156.0,199.0,154,56.0,-13.0,0.36
07:40:54,156.0,138.0,197.27,22.0,153.08,26.0,201.0,55.0,176.64,41.27000000000001,164.0,77.0,1.4490790178638913,156.0,197.27,241,87.0,87.0,0.36
07:40:55,156.0,134.0,195.67,18.0,154.0,33.0,198.52,23.0,175.83,39.66999999999999,167.0,41.0,1.3300563897870474,156.0,195.67,208,126.0,-33.0,0.61
07:40:56,156.0,101.0,193.64,33.0,154.0,40.0,194.5,18.0,174.82,37.639999999999986,141.0,51.0,1.3028929349771425,156.0,193.64,192,90.0,-16.0,0.47
07:40:57,156.0,56.0,190.5,16.0,154.0,25.0,192.88,32.0,173.25,34.5,81.0,48.0,1.6488693095613554,156.0,190.5,129,33.0,-63.0,0.26
07:40:58,158.36,61.0,188.25,53.0,156.57,42.0,189.76,25.0,173.3,29.889999999999986,103.0,78.0,1.507836198004719,158.36,188.25,181,25.0,52.0,0.14
07:41:07,159.73,22.0,188.6,20.0,157.24,34.0,255.6,20.0,174.16,28.870000000000005,56.0,40.0,26.16093786545149,159.73,188.6,96,16.0,-13.0,0.17
07:41:08,159.0,20.0,187.06,48.0,156.5,60.0,188.33,24.0,173.03,28.060000000000002,80.0,72.0,24.30537944571147,159.0,187.06000000000003,152,8.0,56.0,0.05
07:41:09,159.0,27.0,185.9,39.0,155.43,51.0,187.17,24.0,172.45,26.900000000000006,78.0,63.0,22.230525634811556,159.0,185.9,141,15.0,-11.0,0.11
07:41:10,159.0,8.0,183.33,30.0,157.0,66.0,185.0,12.0,171.17,24.330000000000013,74.0,42.0,18.39752374641797,159.0,183.33,116,32.0,-25.0,0.28
07:41:11,158.22,59.0,180.5,38.0,156.63,108.0,181.48,42.0,169.36,22.28,167.0,80.0,1.8426692595287244,158.22,180.5,247,87.0,131.0,0.35
07:41:22,160.68,38.0,250.97,33.0,158.06,81.0,273.58,33.0,205.83,90.28999999999999,119.0,66.0,18.538785558930567,160.68,250.97,185,53.0,113.0,0.29
07:41:24,158.0,51.0,331.87,38.0,157.0,165.0,374.06,33.0,244.93,173.87,216.0,71.0,60.22974655433992,158.0,331.87,287,145.0,169.5,0.51
07:41:25,158.0,16.0,187.33,12.0,157.0,88.0,201.39,18.0,172.67,29.330000000000013,104.0,30.0,58.47263915713076,158.0,187.33,134,74.0,-153.0,0.55
07:41:26,158.0,20.0,171.08,26.0,157.0,110.0,172.25,16.0,164.54,13.080000000000013,130.0,42.0,58.20523060687949,158.0,171.07999999999998,172,88.0,38.0,0.51
07:41:27,157.46,39.0,167.63,30.0,156.78,136.0,169.3,40.0,162.55,10.169999999999987,175.0,70.0,63.58952295779564,157.46,167.63,245,105.0,73.0,0.43
07:41:28,157.8,35.0,166.0,20.0,156.75,56.0,167.3,20.0,161.9,8.199999999999989,91.0,40.0,35.8192416167625,157.8,166.0,131,51.0,-114.0,0.39
07:41:29,155.22,63.0,162.59,22.0,154.07,95.0,164.57,23.0,158.91,7.3700000000000045,158.0,45.0,5.191727072950282,155.22,162.59,203,113.0,72.0,0.56
07:41:30,155.71,21.0,160.0,33.0,154.78,65.0,162.0,22.0,157.86,4.289999999999992,86.0,55.0,2.7320450215917154,155.71,160.0,141,31.0,-62.0,0.22
07:41:31,156.0,32.0,164.73,26.0,154.88,69.0,197.15,34.0,160.37,8.72999999999999,101.0,60.0,1.9692308143038548,156.0,164.73,161,41.0,20.0,0.25
07:41:32,155.0,40.0,332.0,16.0,153.0,112.0,333.07,15.0,243.5,177.0,152.0,31.0,37.480642603883,155.0,332.0,183,121.0,22.0,0.66
07:41:33,155.0,60.0,318.22,23.0,153.0,168.0,322.55,22.0,236.61,163.22000000000003,228.0,45.0,44.44584963750851,155.0,318.22,273,183.0,90.0,0.67
07:41:34,155.4,40.0,305.5,20.0,153.16,122.0,306.6,20.0,230.45,150.1,162.0,40.0,42.83774118694891,155.4,305.5,202,122.0,-71.0,0.6
07:41:35,155.5,48.0,184.18,22.0,153.06,144.0,217.0,22.0,169.84,28.680000000000007,192.0,44.0,39.70978632528788,155.5,184.18,236,148.0,34.0,0.63
07:41:36,158.0,56.0,183.5,12.0,155.0,28.0,206.0,14.0,170.75,25.5,84.0,26.0,36.74802103515265,158.0,183.5,110,58.0,-126.0,0.53
07:41:37,159.53,49.0,176.38,13.0,157.29,28.0,180.45,11.0,167.96,16.849999999999994,77.0,24.0,35.143526715456666,159.53,176.38,101,53.0,-9.0,0.52
07:41:38,161.73,71.0,164.16,32.0,160.71,63.0,171.43,28.0,162.94,2.430000000000007,134.0,60.0,28.148015382971693,161.73,164.16,194,74.0,93.0,0.38
07:41:39,160.5,28.0,256.93,28.0,158.25,64.0,331.82,17.0,208.71,96.43,92.0,45.0,18.511141239805013,160.5,256.93,137,47.0,-57.0,0.34
07:41:40,160.0,36.0,261.3,87.0,158.0,156.0,262.38,42.0,210.65,101.30000000000001,192.0,129.0,23.435924773731724,160.0,261.3,321,63.0,169.5,0.2
07:41:41,160.0,28.0,195.96,46.0,158.0,112.0,207.44,61.0,177.98,35.96000000000001,140.0,107.0,22.60681689225648,160.0,195.96,247,33.0,-74.0,0.13
07:41:42,160.0,22.0,192.92,65.0,158.0,159.0,202.23,65.0,176.46,32.91999999999999,181.0,130.0,21.221314049794685,160.0,192.92,311,51.0,64.0,0.16
07:41:43,160.0,10.0,183.6,50.0,158.0,98.0,192.7,50.0,171.8,23.599999999999994,108.0,100.0,18.918685208016278,160.0,183.6,208,8.0,-103.0,0.04
07:41:44,160.0,8.0,163.0,40.0,158.0,40.0,167.38,40.0,161.5,3.0,48.0,80.0,18.472994343094765,160.0,163.0,128,-32.0,-80.0,-0.25
07:41:45,158.88,16.0,161.59,49.0,157.76,38.0,179.6,50.0,160.23,2.710000000000008,54.0,99.0,8.299559024430648,158.88,161.59,153,-45.0,25.0,-0.29
07:41:46,158.07,28.0,161.0,73.0,155.05,41.0,162.0,62.0,159.54,2.930000000000007,69.0,135.0,7.71819149801346,158.07,161.0,204,-66.0,51.0,-0.32
07:41:47,158.05,21.0,160.56,54.0,155.12,52.0,192.71,28.0,159.3,2.509999999999991,73.0,82.0,5.2830180768199435,158.05,160.56,155,-9.0,-49.0,-0.06
07:41:48,155.53,45.0,158.67,60.0,153.91,44.0,303.77,48.0,157.1,3.1399999999999864,89.0,108.0,1.6069163014934882,155.53,158.67,197,-19.0,42.0,-0.1
07:41:49,155.0,24.0,157.94,48.0,153.0,80.0,246.71,28.0,156.47,2.9399999999999977,104.0,76.0,1.642519406279655,155.0,157.94,180,28.0,-17.0,0.16
07:41:50,153.43,65.0,156.14,42.0,145.48,67.0,165.92,26.0,154.79,2.7099999999999795,132.0,68.0,1.9967849158096715,153.43,156.14,200,64.0,20.0,0.32
07:41:51,153.0,86.0,155.32,28.0,112.13,23.0,190.5,12.0,154.16,2.319999999999993,109.0,40.0,2.031509291144108,153.0,155.32,149,69.0,-51.0,0.46
07:41:52,153.0,64.0,207.0,18.0,114.75,16.0,385.25,24.0,180.0,54.0,80.0,42.0,10.964152041996035,153.0,207.0,122,38.0,-27.0,0.31
07:41:53,153.0,48.0,265.11,9.0,142.33,12.0,279.4,25.0,209.06,112.11000000000001,60.0,34.0,23.911190476427738,153.0,265.11,94,26.0,-28.0,0.28
07:41:54,153.0,80.0,157.68,37.0,128.84,25.0,363.52,23.0,155.34,4.680000000000007,105.0,60.0,24.0863259962994,153.0,157.68,165,45.0,71.0,0.27
07:41:55,149.09,44.0,154.4,20.0,110.29,17.0,213.12,32.0,151.75,5.310000000000002,61.0,52.0,24.619850121396112,149.09,154.4,113,9.0,-52.0,0.08
07:41:56,123.31,26.0,153.05,22.0,96.1,29.0,163.0,35.0,138.18,29.74000000000001,55.0,57.0,28.004751025495782,123.31,153.05,112,-2.0,-1.0,-0.02
07:41:57,139.73,22.0,155.7,20.0,102.2,20.0,212.13,23.0,147.71,15.969999999999999,42.0,43.0,27.941840848448148,139.73,155.7,85,-1.0,-27.0,-0.01
07:41:58,135.14,14.0,152.54,13.0,87.14,14.0,161.63,19.0,143.84,17.400000000000006,28.0,32.0,6.703314851623966,135.14,152.54,60,-4.0,-25.0,-0.07
07:41:59,141.56,18.0,263.63,19.0,113.0,18.0,561.92,38.0,202.59,122.07,36.0,57.0,26.0745072820179,141.56,263.63,93,-21.0,33.0,-0.23
07:42:00,147.8,30.0,237.22,36.0,144.06,47.0,716.0,45.0,192.51,89.41999999999999,77.0,81.0,30.14881639467803,147.8,237.22,158,-4.0,65.0,-0.03
07:42:09,161.5,12.0,162.83,30.0,159.44,27.0,164.25,12.0,162.17,1.3300000000000125,39.0,42.0,1.1559108962238018,161.5,162.83,81,-3.0,7.0,-0.04
07:42:10,147.62,89.0,158.79,66.0,80.62,26.0,161.11,18.0,153.2,11.169999999999987,115.0,84.0,4.686419742192175,147.62,158.79,199,31.0,118.0,0.16
07:42:11,154.0,122.0,155.17,6.0,114.67,12.0,157.0,30.0,154.58,1.1699999999999875,134.0,36.0,5.13294944452098,154.0,155.17,170,98.0,-29.0,0.58
07:42:12,154.0,80.0,405.11,9.0,98.67,12.0,568.67,12.0,279.56,251.11,92.0,21.0,54.432157590894846,154.0,405.11,113,71.0,-57.0,0.63
07:42:13,154.0,60.0,424.57,14.0,87.8,10.0,624.0,14.0,289.29,270.57,70.0,28.0,70.15293115757898,154.0,424.57,98,42.0,-15.0,0.43
07:42:14,154.0,84.0,229.71,28.0,49.73,11.0,291.37,19.0,191.86,75.71000000000001,95.0,47.0,66.49022048391791,154.0,229.71,142,48.0,44.0,0.34
07:42:15,154.56,81.0,156.0,40.0,152.62,111.0,157.0,48.0,155.28,1.4399999999999977,192.0,88.0,66.02194165578604,154.56,156.0,280,104.0,138.0,0.37
07:42:16,153.42,74.0,173.52,50.0,151.04,82.0,235.2,45.0,163.47,20.100000000000023,156.0,95.0,64.10986328171366,153.42,173.52,251,61.0,-29.0,0.24
07:42:17,159.0,28.0,264.0,7.0,158.0,7.0,346.29,28.0,211.5,105.0,35.0,35.0,53.571309952249784,159.0,264.0,70,0.0,-170.5,0.0
07:42:18,156.77,35.0,352.57,42.0,146.35,81.0,472.33,48.0,254.67,195.79999999999998,116.0,90.0,40.04311463909888,156.77,352.57,206,26.0,136.0,0.13
07:42:19,160.0,14.0,285.76,25.0,153.0,56.0,455.2,10.0,222.88,125.75999999999999,70.0,35.0,41.7333937033644,160.0,285.76,105,35.0,-101.0,0.33
07:42:20,160.0,12.0,255.14,14.0,153.0,60.0,468.44,18.0,207.57,95.13999999999999,72.0,32.0,32.841047029594165,160.0,255.14000000000001,104,40.0,-1.0,0.38
07:42:21,160.0,18.0,355.19,21.0,153.0,76.0,724.38,21.0,257.6,195.19,94.0,42.0,23.78474574175675,160.0,355.19,136,52.0,32.0,0.38
07:42:25,152.8,50.0,357.73,44.0,151.0,10.0,368.49,41.0,255.26,204.93,60.0,85.0,38.11083743503964,152.8,357.73,145,-25.0,-161.0,-0.17
07:42:26,153.69,65.0,278.82,34.0,151.0,13.0,279.54,52.0,216.26,125.13,78.0,86.0,50.67784397544965,153.69,278.82,164,-8.0,19.0,-0.05
07:42:27,156.05,56.0,275.2,40.0,156.16,64.0,277.07,60.0,215.63,119.14999999999998,120.0,100.0,46.86794586921867,156.05,275.2,220,20.0,56.0,0.09
07:42:28,159.09,55.0,271.53,68.0,158.49,39.0,274.0,85.0,215.31,112.43999999999997,94.0,153.0,42.89842922532252,159.09,271.53,247,-59.0,27.0,-0.24
07:42:29,161.43,53.0,268.16,43.0,159.76,17.0,271.65,57.0,214.8,106.73000000000002,70.0,100.0,17.789088509533016,161.43,268.16,170,-30.0,-77.0,-0.18
07:42:33,161.14,7.0,164.15,26.0,158.1,31.0,165.25,32.0,162.65,3.0100000000000193,38.0,58.0,25.4664950474145,161.14000000000001,164.15000000000003,96,-20.0,-40.0,-0.21
07:42:34,159.15,13.0,162.1,39.0,153.64,55.0,163.3,33.0,160.63,2.9499999999999886,68.0,72.0,22.275913673741485,159.15000000000003,162.1,140,-4.0,44.0,-0.03
07:42:35,158.0,8.0,161.29,17.0,150.0,40.0,162.21,19.0,159.65,3.289999999999992,48.0,36.0,9.57878802354341,158.0,161.29,84,12.0,-56.0,0.14
07:42:36,158.0,18.0,159.68,38.0,150.0,90.0,160.65,43.0,158.84,1.6800000000000068,108.0,81.0,2.1581983226702266,158.0,159.68,189,27.0,105.0,0.14
07:42:37,158.0,17.0,159.5,40.0,150.0,90.0,189.84,37.0,158.75,1.5,107.0,77.0,1.6121352300523955,158.0,159.5,184,30.0,-5.0,0.16
07:42:38,158.0,9.0,202.55,33.0,150.0,90.0,303.64,28.0,180.27,44.55000000000001,99.0,61.0,9.333923076604917,158.0,202.55,160,38.0,-24.0,0.24
07:42:44,160.57,21.0,184.0,50.0,156.27,26.0,188.47,38.0,172.29,23.430000000000007,47.0,88.0,23.355030079192677,160.57,184.0,135,-41.0,-11.0,-0.3
07:42:45,156.57,28.0,183.3,50.0,155.04,47.0,212.11,27.0,169.94,26.730000000000018,75.0,77.0,26.551731958574617,156.57,183.3,152,-2.0,17.0,-0.01
07:42:50,161.43,7.0,178.36,39.0,158.38,71.0,210.89,18.0,169.89,16.930000000000007,78.0,57.0,1.3192308365049619,161.43,178.36,135,21.0,-11.0,0.16
07:42:51,158.04,110.0,177.09,55.0,156.74,86.0,239.32,44.0,167.56,19.05000000000001,196.0,99.0,2.272912228834473,158.04,177.09,295,97.0,160.0,0.33
07:42:52,158.08,78.0,174.44,45.0,157.0,72.0,175.44,45.0,166.26,16.359999999999985,150.0,90.0,2.7431970399490035,158.08,174.44,240,60.0,-55.0,0.25
07:42:53,158.23,35.0,172.0,35.0,157.45,66.0,174.0,35.0,165.11,13.77000000000001,101.0,70.0,2.7500781807040613,158.23,172.0,171,31.0,-69.0,0.18
07:42:54,158.0,90.0,172.0,50.0,156.0,60.0,174.0,50.0,165.0,14.0,150.0,100.0,2.0314354530686383,158.0,172.0,250,50.0,79.0,0.2
07:42:55,158.0,90.0,170.7,50.0,156.0,60.0,171.8,50.0,164.35,12.699999999999989,150.0,100.0,1.267292389302456,158.0,170.7,250,50.0,0.0,0.2
07:42:56,158.0,99.0,167.45,55.0,156.0,66.0,169.18,55.0,162.73,9.449999999999989,165.0,110.0,1.293696254915995,158.0,167.45,275,55.0,25.0,0.2
07:42:57,158.0,63.0,166.57,35.0,156.0,42.0,168.14,35.0,162.29,8.569999999999993,105.0,70.0,1.3074325986388136,158.0,166.57,175,35.0,-100.0,0.2
07:42:58,158.0,49.0,164.83,30.0,156.0,36.0,165.83,30.0,161.42,6.8300000000000125,85.0,60.0,1.480800459205494,158.0,164.83,145,25.0,-30.0,0.17
07:42:59,158.0,80.0,161.0,50.0,156.0,60.0,162.0,50.0,159.5,3.0,140.0,100.0,1.7824898316632458,158.0,161.0,240,40.0,95.0,0.17
07:43:00,156.65,62.0,158.8,50.0,155.56,32.0,160.0,50.0,157.72,2.1500000000000057,94.0,100.0,2.0906147421231087,156.65,158.8,194,-6.0,-46.0,-0.03
07:43:01,156.0,28.0,158.0,50.0,155.0,20.0,160.0,50.0,157.0,2.0,48.0,100.0,2.283195129633499,156.0,158.0,148,-52.0,-46.0,-0.35
07:43:02,155.5,20.0,157.0,50.0,154.33,15.0,159.1,50.0,156.25,1.5,35.0,100.0,2.0840393470330096,155.5,157.0,135,-65.0,-13.0,-0.48
07:43:03,153.0,9.0,155.35,17.0,152.0,18.0,178.24,37.0,154.18,2.3499999999999943,27.0,54.0,1.9531256999950897,153.0,155.35,81,-27.0,-54.0,-0.33
07:43:04,152.0,14.0,154.0,21.0,139.71,21.0,157.0,35.0,153.0,2.0,35.0,56.0,1.9779282090057897,152.0,154.0,91,-21.0,10.0,-0.23
07:43:05,152.0,11.0,154.0,6.0,138.0,18.0,157.0,30.0,153.0,2.0,29.0,36.0,1.8535047882270261,152.0,154.0,65,-7.0,-26.0,-0.11
07:43:06,121.29,34.0,152.57,40.0,74.04,56.0,290.32,34.0,136.93,31.279999999999987,90.0,74.0,7.795862364099256,121.29000000000002,152.57,164,16.0,99.0,0.1
07:43:07,132.83,30.0,151.42,31.0,128.72,32.0,152.11,27.0,142.13,18.589999999999975,62.0,58.0,7.827494490574777,132.83,151.42,120,4.0,-44.0,0.03
07:43:08,138.08,50.0,149.83,24.0,135.6,40.0,150.86,28.0,143.96,11.75,90.0,52.0,7.0571120155470055,138.08,149.83,142,38.0,22.0,0.27
07:43:09,139.0,49.0,148.71,14.0,137.0,14.0,150.0,21.0,143.86,9.710000000000008,63.0,35.0,5.798709339152757,139.0,148.71,98,28.0,-44.0,0.29
07:43:10,139.05,81.0,151.46,24.0,137.78,36.0,152.16,32.0,145.25,12.409999999999997,117.0,56.0,3.2664246508953743,139.05,151.46,173,61.0,75.0,0.35
07:43:11,140.88,16.0,149.5,8.0,139.0,56.0,152.0,24.0,145.19,8.620000000000005,72.0,32.0,1.2714440608919906,140.88,149.5,104,40.0,-69.0,0.38
07:43:12,144.03,66.0,147.31,13.0,140.32,53.0,152.0,40.0,145.67,3.280000000000001,119.0,53.0,0.8215412344963278,144.03,147.31,172,66.0,68.0,0.38
07:43:13,145.0,49.0,151.21,19.0,135.86,21.0,153.0,24.0,148.11,6.210000000000008,70.0,43.0,1.5509609924102041,145.0,151.21,113,27.0,-59.0,0.24
07:43:14,145.22,36.0,151.91,22.0,141.77,26.0,153.58,19.0,148.57,6.689999999999998,62.0,41.0,1.6452720139777348,145.22,151.91,103,21.0,-10.0,0.2
07:43:15,147.6,40.0,150.6,20.0,145.0,70.0,152.0,40.0,149.1,3.0,110.0,60.0,1.7758153057056842,147.6,150.6,170,50.0,67.0,0.29
07:43:16,147.48,94.0,151.42,52.0,138.81,84.0,154.11,54.0,149.45,3.9399999999999977,178.0,106.0,1.4930170796004947,147.48,151.42,284,72.0,114.0,0.25
07:43:17,149.78,36.0,152.0,52.0,148.71,83.0,156.0,39.0,150.89,2.219999999999999,119.0,91.0,1.0619227843770238,149.78,152.0,210,28.0,-74.0,0.13
07:43:18,149.25,48.0,152.0,24.0,145.31,39.0,156.0,27.0,150.62,2.75,87.0,51.0,0.9948014877246777,149.25,152.0,138,36.0,-72.0,0.26
07:43:19,148.35,37.0,152.0,21.0,139.77,35.0,156.0,39.0,150.18,3.6500000000000057,72.0,60.0,0.7599144688577424,148.35,152.0,132,12.0,-6.0,0.09
07:43:20,144.0,15.0,152.0,5.0,98.6,5.0,156.0,15.0,148.0,8.0,20.0,20.0,1.1579594120603993,144.0,152.0,40,0.0,-92.0,0.0
07:43:21,146.0,42.0,151.25,16.0,128.0,14.0,156.34,41.0,148.62,5.25,56.0,57.0,1.278874505172109,146.0,151.25,113,-1.0,73.0,-0.01
07:43:22,146.77,26.0,154.6,20.0,138.36,22.0,301.5,30.0,150.68,7.829999999999984,48.0,50.0,1.2310158406694844,146.77,154.6,98,-2.0,-15.0,-0.02
07:43:23,138.72,54.0,247.29,28.0,118.49,51.0,472.6,35.0,193.0,108.57,105.0,63.0,19.542729594403685,138.72,247.29,168,42.0,70.0,0.25
07:43:27,160.0,20.0,393.28,43.0,156.0,40.0,460.8,44.0,276.64,233.27999999999997,60.0,87.0,52.062676842436886,160.0,393.2799999999999,147,-27.0,23.0,-0.18
07:43:28,160.0,18.0,343.1,39.0,156.0,36.0,356.9,42.0,251.55,183.10000000000002,54.0,81.0,28.423256674772787,160.0,343.1,135,-27.0,-12.0,-0.2
07:43:29,160.0,24.0,193.54,59.0,156.0,48.0,219.64,58.0,176.77,33.53999999999999,72.0,117.0,57.90830795317722,160.0,193.54,189,-45.0,54.0,-0.24
07:43:30,158.0,16.0,161.0,24.0,154.67,24.0,163.0,30.0,159.5,3.0,40.0,54.0,66.80190663446665,158.0,161.0,94,-14.0,-95.0,-0.15
07:43:31,156.85,52.0,160.21,19.0,154.67,24.0,161.8,25.0,158.53,3.3600000000000136,76.0,44.0,55.50907106050314,156.85,160.21,120,32.0,26.0,0.27
07:43:32,157.68,68.0,161.47,34.0,156.0,32.0,250.68,38.0,159.57,3.789999999999992,100.0,72.0,40.06688757565254,157.68,161.47,172,28.0,52.0,0.16
07:43:33,159.14,28.0,227.57,35.0,157.3,23.0,572.0,28.0,193.36,68.43,51.0,63.0,15.338576531085767,159.14000000000001,227.57,114,-12.0,-58.0,-0.11
07:43:34,160.21,28.0,238.0,45.0,158.55,29.0,350.33,36.0,199.11,77.78999999999999,57.0,81.0,20.39066281414062,160.21,238.0,138,-24.0,24.0,-0.17
07:43:35,159.06,34.0,242.31,39.0,156.75,32.0,486.67,42.0,200.68,83.25,66.0,81.0,21.356365561583274,159.06,242.31,147,-15.0,9.0,-0.1
07:43:36,158.27,30.0,245.0,24.0,156.4,25.0,603.0,30.0,201.63,86.72999999999999,55.0,54.0,17.789051408098832,158.27,245.0,109,1.0,-38.0,0.01
07:43:37,158.0,50.0,366.22,23.0,156.0,28.0,517.12,34.0,262.11,208.22000000000003,78.0,57.0,28.54101732594671,158.0,366.2200000000001,135,21.0,26.0,0.16
07:43:38,157.6,60.0,222.41,41.0,155.78,41.0,437.19,52.0,190.01,64.81,101.0,93.0,29.10351044118201,157.6,222.41,194,8.0,59.0,0.04
07:43:39,155.57,7.0,402.22,9.0,153.29,7.0,492.0,5.0,278.9,246.65000000000003,14.0,14.0,40.71364550123209,155.57,402.22,28,0.0,-166.0,0.0
07:43:40,155.25,8.0,261.75,20.0,153.29,14.0,0.0,0.0,208.5,106.5,22.0,20.0,39.600835218464724,155.25,261.75,42,2.0,14.0,0.05
07:43:41,155.0,19.0,161.0,29.0,152.2,30.0,185.0,40.0,158.0,6.0,49.0,69.0,50.29135641439782,155.0,161.0,118,-20.0,76.0,-0.17
07:43:42,155.0,8.0,156.0,24.0,153.0,16.0,185.0,10.0,155.5,1.0,24.0,34.0,50.311490933980316,155.0,156.0,58,-10.0,-60.0,-0.17
07:43:43,152.1,29.0,155.75,24.0,102.44,9.0,188.0,7.0,153.93,3.6500000000000057,38.0,31.0,54.212750160824534,152.1,155.75,69,7.0,11.0,0.1
07:43:44,152.33,30.0,185.83,18.0,57.94,85.0,302.5,20.0,169.08,33.5,115.0,38.0,22.861601431220272,152.33,185.83,153,77.0,84.0,0.5
07:43:45,153.0,6.0,266.0,15.0,152.0,12.0,379.0,3.0,209.5,113.0,18.0,18.0,23.293815058937277,153.0,266.0,36,0.0,-117.0,0.0
07:43:47,141.51,67.0,256.22,36.0,130.91,79.0,487.1,30.0,198.86,114.71000000000004,146.0,66.0,22.52460943057568,141.51,256.22,212,80.0,132.0,0.38
07:43:52,153.96,52.0,232.35,17.0,148.7,46.0,400.58,38.0,193.16,78.38999999999999,98.0,55.0,90.86814496841026,153.96,232.35,153,43.0,58.0,0.28
07:43:53,153.88,68.0,250.77,13.0,127.92,37.0,297.32,28.0,202.33,96.89000000000001,105.0,41.0,86.50952334858876,153.88,250.77,146,64.0,-7.0,0.44
07:43:54,159.0,24.0,247.0,4.0,158.0,24.0,249.0,16.0,203.0,88.0,48.0,20.0,92.81676114797378,159.0,247.0,68,28.0,-78.0,0.41
07:43:55,158.38,24.0,234.14,7.0,155.67,45.0,245.75,16.0,196.26,75.75999999999999,69.0,23.0,53.34407249170232,158.38,234.14000000000001,92,46.0,24.0,0.5
07:43:56,158.0,55.0,223.36,11.0,153.74,65.0,225.0,11.0,190.68,65.36000000000001,120.0,22.0,5.468261149577383,158.0,223.36,142,98.0,50.0,0.69
07:43:57,158.1,31.0,223.0,7.0,156.34,29.0,242.27,22.0,190.55,64.9,60.0,29.0,6.032224299541344,158.1,223.0,89,31.0,-53.0,0.35
07:43:58,161.0,8.0,222.12,8.0,158.0,40.0,244.0,32.0,191.56,61.120000000000005,48.0,40.0,5.341947210519392,161.0,222.12,88,8.0,-1.0,0.09
07:43:59,158.12,25.0,221.14,7.0,156.34,29.0,244.0,28.0,189.63,63.01999999999998,54.0,35.0,2.6198530493091834,158.12,221.14000000000001,89,19.0,1.0,0.21
07:44:00,158.0,28.0,193.5,20.0,156.0,28.0,195.82,28.0,175.75,35.5,56.0,48.0,6.678475125354062,158.0,193.5,104,8.0,15.0,0.08
07:44:01,158.0,40.0,193.26,23.0,156.0,40.0,215.27,11.0,175.63,35.25999999999999,80.0,34.0,8.184215295309123,158.0,193.26,114,46.0,10.0,0.4
07:44:02,158.0,36.0,191.6,30.0,156.0,36.0,202.77,13.0,174.8,33.599999999999994,72.0,43.0,8.362214419636137,158.0,191.6,115,29.0,1.0,0.25
07:44:03,158.0,36.0,189.75,40.0,156.0,48.0,190.08,39.0,173.88,31.75,84.0,79.0,6.578971804162807,158.0,189.75,163,5.0,48.0,0.03
07:44:04,158.0,36.0,186.5,28.0,156.0,53.0,188.82,44.0,172.25,28.5,89.0,72.0,1.446468112323232,158.0,186.5,161,17.0,-2.0,0.11
07:44:05,158.35,60.0,182.06,36.0,156.27,67.0,183.69,29.0,170.2,23.710000000000008,127.0,65.0,2.163000231152912,158.35,182.06,192,62.0,31.0,0.32
07:44:06,159.0,49.0,178.0,7.0,158.0,21.0,179.0,35.0,168.5,19.0,70.0,42.0,2.5932373589718085,159.0,178.0,112,28.0,-80.0,0.25
07:44:07,159.0,112.0,176.93,56.0,158.0,138.0,178.75,40.0,167.96,17.930000000000007,250.0,96.0,2.5005839317980545,159.0,176.93,346,154.0,169.5,0.45
07:44:08,158.79,149.0,173.19,70.0,157.82,178.0,175.61,62.0,165.99,14.400000000000006,327.0,132.0,2.3660198646600863,158.79,173.19,459,195.0,113.0,0.42
07:44:09,158.0,112.0,172.4,50.0,156.0,56.0,172.53,34.0,165.2,14.400000000000006,168.0,84.0,2.002947827569586,158.0,172.4,252,84.0,-170.5,0.33
07:44:10,160.0,48.0,169.64,11.0,157.49,63.0,171.46,37.0,164.82,9.639999999999986,111.0,48.0,1.6510542086695486,160.0,169.64,159,63.0,-93.0,0.4
07:44:11,161.0,22.0,167.09,11.0,158.0,77.0,169.0,22.0,164.05,6.090000000000003,99.0,33.0,1.4910164318226606,161.0,167.09,132,66.0,-27.0,0.5
07:44:12,161.0,22.0,166.1,20.0,158.0,77.0,167.62,13.0,163.55,5.099999999999994,99.0,33.0,0.9580031315005896,161.0,166.1,132,66.0,0.0,0.5
07:44:13,161.0,24.0,165.57,28.0,158.0,84.0,171.0,48.0,163.29,4.569999999999993,108.0,76.0,0.8148435432429839,161.0,165.57,184,32.0,52.0,0.17
07:44:14,161.0,18.0,163.77,26.0,158.0,63.0,164.91,22.0,162.38,2.7700000000000102,81.0,48.0,0.9050248615174135,161.0,163.77,129,33.0,-55.0,0.26
07:44:15,158.34,88.0,161.57,51.0,156.93,75.0,162.59,49.0,159.95,3.2299999999999898,163.0,100.0,1.62344695015401,158.34,161.57,263,63.0,134.0,0.24
07:44:16,158.0,79.0,159.39,31.0,156.0,36.0,186.8,30.0,158.69,1.3899999999999864,115.0,61.0,2.147887334094608,158.0,159.39,176,54.0,-87.0,0.31
07:44:17,158.0,17.0,159.0,7.0,156.0,28.0,290.0,21.0,158.5,1.0,45.0,28.0,2.1724341186705214,158.0,159.0,73,17.0,-103.0,0.23
07:44:18,156.67,24.0,158.36,14.0,155.5,32.0,268.17,18.0,157.51,1.6900000000000261,56.0,32.0,1.8754279511523497,156.67,158.35999999999999,88,24.0,15.0,0.27
07:44:19,156.0,40.0,157.8,30.0,155.0,40.0,159.0,10.0,156.9,1.8000000000000114,80.0,40.0,1.1724120435935448,156.0,157.8,120,40.0,32.0,0.33
07:44:20,155.89,70.0,157.0,36.0,154.69,77.0,190.59,32.0,156.44,1.1100000000000136,147.0,68.0,0.9799846937391476,155.89,157.0,215,79.0,95.0,0.37
07:44:21,156.76,59.0,184.69,39.0,154.92,108.0,429.17,53.0,170.73,27.930000000000007,167.0,92.0,6.03873579484677,156.76,184.69,259,75.0,44.0,0.29
07:44:22,158.0,40.0,187.56,27.0,155.0,51.0,465.48,29.0,172.78,29.560000000000002,91.0,56.0,8.150200611025753,158.0,187.56,147,35.0,-112.0,0.24
07:44:23,158.0,18.0,225.68,31.0,155.2,40.0,304.32,41.0,191.84,67.68,58.0,72.0,14.49471696860504,158.0,225.68,130,-14.0,-17.0,-0.11
07:44:24,156.18,66.0,326.25,55.0,155.38,64.0,483.87,45.0,241.22,170.07,130.0,100.0,33.027552437320765,156.18,326.25,230,30.0,100.0,0.13
07:44:25,156.0,30.0,326.0,16.0,155.0,20.0,633.04,23.0,241.0,170.0,50.0,39.0,35.293747038249975,156.0,326.0,89,11.0,-141.0,0.12
07:44:27,156.0,20.0,404.22,37.0,155.0,40.0,529.59,39.0,280.11,248.22000000000003,60.0,76.0,58.47558268200498,156.0,404.22,136,-16.0,14.0,-0.12
07:44:28,156.0,16.0,213.12,16.0,155.0,32.0,215.0,32.0,184.56,57.120000000000005,48.0,48.0,60.66615011684853,156.0,213.12,96,0.0,-40.0,0.0
07:44:29,156.75,16.0,210.14,14.0,155.17,24.0,215.0,28.0,183.45,53.389999999999986,40.0,42.0,69.75958622297007,156.75,210.14000000000001,82,-2.0,-14.0,-0.02
07:44:30,158.0,15.0,210.0,10.0,156.0,10.0,215.0,20.0,184.0,52.0,25.0,30.0,75.53021163746327,158.0,210.0,55,-5.0,-27.0,-0.09
07:44:31,157.53,19.0,207.83,23.0,155.85,26.0,214.74,46.0,182.68,50.30000000000001,45.0,69.0,43.1337530247482,157.53,207.83,114,-24.0,59.0,-0.21
07:44:33,158.09,172.0,165.1,49.0,156.06,34.0,197.61,31.0,161.59,7.009999999999991,206.0,80.0,11.327242824269316,158.09,165.1,286,126.0,169.5,0.44
07:44:34,159.68,176.0,163.5,32.0,156.82,22.0,164.89,38.0,161.59,3.819999999999993,198.0,70.0,11.531889264121418,159.68,163.5,268,128.0,-18.0,0.48
07:44:35,161.0,113.0,162.1,40.0,159.0,10.0,251.69,16.0,161.55,1.0999999999999943,123.0,56.0,9.229757309916488,161.0,162.1,179,67.0,-89.0,0.37
07:44:36,161.0,125.0,203.87,47.0,159.0,13.0,453.92,49.0,182.44,42.870000000000005,138.0,96.0,9.123101446326066,161.0,203.86999999999998,234,42.0,55.0,0.18
07:44:37,161.27,37.0,238.47,43.0,160.67,49.0,334.15,13.0,199.87,77.19999999999999,86.0,56.0,17.333182627548805,161.27,238.46999999999997,142,30.0,-92.0,0.21
07:44:38,161.0,76.0,240.17,60.0,157.95,76.0,260.0,40.0,200.58,79.16999999999999,152.0,100.0,19.341440742611777,161.0,240.17,252,52.0,110.0,0.21
07:44:39,159.69,32.0,238.0,55.0,157.98,83.0,251.6,43.0,198.84,78.31,115.0,98.0,16.919096607087674,159.69,238.0,213,17.0,-39.0,0.08
07:44:40,158.0,69.0,236.09,55.0,157.0,11.0,449.55,11.0,197.05,78.09,80.0,66.0,7.561370907445834,158.0,236.09,146,14.0,-67.0,0.1
07:44:41,158.0,45.0,219.2,50.0,157.0,10.0,293.23,26.0,188.6,61.19999999999999,55.0,76.0,4.873414614002045,158.0,219.2,131,-21.0,-15.0,-0.16
07:44:42,158.0,40.0,179.5,50.0,157.0,10.0,202.19,42.0,168.75,21.5,50.0,92.0,13.137622692099447,158.0,179.5,142,-42.0,11.0,-0.3
07:44:43,158.0,43.0,177.56,64.0,157.0,13.0,183.44,48.0,167.78,19.560000000000002,56.0,112.0,15.059307088972043,158.0,177.56,168,-56.0,26.0,-0.33
07:44:44,157.97,68.0,172.79,56.0,156.2,35.0,175.0,70.0,165.38,14.819999999999993,103.0,126.0,14.347012581020511,157.97,172.79,229,-23.0,61.0,-0.1
07:44:45,158.0,73.0,171.0,44.0,155.74,35.0,175.0,55.0,164.5,13.0,108.0,99.0,9.987808568447724,158.0,171.0,207,9.0,-22.0,0.04
07:44:46,158.0,60.0,168.47,47.0,156.0,40.0,169.72,43.0,163.23,10.469999999999999,100.0,90.0,2.2919576784826154,158.0,168.47,190,10.0,-17.0,0.05
07:44:47,158.74,62.0,166.84,44.0,157.86,58.0,204.54,37.0,162.79,8.099999999999994,120.0,81.0,1.9869146936783206,158.74,166.84,201,39.0,11.0,0.19
07:44:50,158.09,171.0,164.62,42.0,157.44,100.0,167.1,42.0,161.35,6.530000000000001,271.0,84.0,1.6672492315050698,158.09,164.62,355,187.0,135.0,0.53
07:44:51,159.35,136.0,163.0,30.0,157.87,280.0,179.07,27.0,161.18,3.6500000000000057,416.0,57.0,1.9771873962662372,159.35,163.0,473,359.0,118.0,0.76
07:44:52,158.0,151.0,162.27,22.0,156.73,110.0,387.05,43.0,160.14,4.27000000000001,261.0,65.0,2.39315064297128,158.0,162.27,326,196.0,-147.0,0.6
07:44:53,158.0,55.0,270.31,49.0,157.0,176.0,334.76,41.0,214.15,112.31,231.0,90.0,23.475822243319993,158.0,270.31,321,141.0,-5.0,0.44
07:44:54,158.09,33.0,211.0,35.0,157.05,101.0,335.5,20.0,184.55,52.91,134.0,55.0,23.526283811940193,158.09,211.0,189,79.0,-132.0,0.42
07:44:55,159.85,47.0,210.82,34.0,158.04,47.0,216.4,50.0,185.34,50.97,94.0,84.0,22.126379505015294,159.85,210.82,178,10.0,-11.0,0.06
07:44:56,160.47,59.0,208.0,15.0,159.46,93.0,218.8,75.0,184.24,47.53,152.0,90.0,19.14613877521947,160.47,208.0,242,62.0,64.0,0.26
07:44:57,160.74,27.0,204.67,6.0,159.5,20.0,220.0,30.0,182.7,43.92999999999998,47.0,36.0,13.424940595770394,160.74,204.67,83,11.0,-159.0,0.13
07:44:58,160.67,18.0,202.0,6.0,158.75,24.0,251.33,30.0,181.33,41.33000000000001,42.0,36.0,1.6044843408277467,160.67,202.0,78,6.0,-5.0,0.08
07:44:59,160.0,14.0,202.0,7.0,158.0,35.0,323.31,29.0,181.0,42.0,49.0,36.0,1.8615638586847345,160.0,202.0,85,13.0,7.0,0.15
07:45:00,158.0,21.0,201.56,9.0,157.0,144.0,408.47,38.0,179.78,43.56,165.0,47.0,1.7105846953485815,158.0,201.56,212,118.0,127.0,0.56
07:45:01,158.0,16.0,200.5,8.0,157.0,128.0,286.89,37.0,179.25,42.5,144.0,45.0,1.3576707995535662,158.0,200.5,189,99.0,-23.0,0.52
07:45:02,158.0,18.0,171.38,21.0,157.0,144.0,352.78,27.0,164.69,13.379999999999995,162.0,48.0,7.050804918586176,158.0,171.38,210,114.0,21.0,0.54
07:45:03,158.0,10.0,325.0,17.0,157.0,112.0,433.76,33.0,241.5,167.0,122.0,50.0,29.96247369627488,158.0,325.0,172,72.0,-38.0,0.42
07:45:04,158.0,7.0,315.69,13.0,157.0,112.0,661.27,22.0,236.85,157.69,119.0,35.0,35.93578481124308,158.0,315.69,154,84.0,-18.0,0.55
07:45:05,157.96,47.0,356.94,36.0,156.48,117.0,484.3,43.0,257.45,198.98,164.0,79.0,41.189622722234006,157.96,356.94,243,85.0,89.0,0.35
07:45:06,157.47,59.0,173.0,9.0,155.34,107.0,296.38,39.0,165.24,15.530000000000001,166.0,48.0,44.64202649970065,157.47,173.0,214,118.0,-29.0,0.55
07:45:07,157.0,60.0,174.67,6.0,155.17,46.0,309.83,24.0,165.83,17.669999999999987,106.0,30.0,44.33452977082282,157.0,174.67,136,76.0,-78.0,0.56
07:45:08,157.0,90.0,315.68,22.0,156.0,18.0,380.0,36.0,236.34,158.68,108.0,58.0,43.56960603448204,157.0,315.68,166,50.0,30.0,0.3
07:45:09,156.75,40.0,354.0,40.0,155.06,101.0,406.0,32.0,255.38,197.25,141.0,72.0,46.840680716658845,156.75,354.0,213,69.0,47.0,0.32
07:45:10,158.28,75.0,353.09,55.0,156.25,24.0,551.25,32.0,255.69,194.80999999999997,99.0,87.0,46.45680929637738,158.28,353.09,186,12.0,-27.0,0.06
07:45:11,161.0,36.0,352.5,40.0,158.07,14.0,516.25,32.0,256.75,191.5,50.0,72.0,39.044037572976286,161.0,352.5,122,-22.0,-64.0,-0.18
07:45:12,161.0,32.0,308.0,36.0,160.0,8.0,350.03,33.0,234.5,147.0,40.0,69.0,11.269532820840025,161.0,308.0,109,-29.0,-13.0,-0.27
07:45:13,161.6,40.0,253.0,48.0,160.57,21.0,330.79,57.0,207.3,91.4,61.0,105.0,21.472739229078055,161.6,253.0,166,-44.0,57.0,-0.27
07:45:14,161.0,5.0,253.0,12.0,160.0,3.0,351.0,15.0,207.0,92.0,8.0,27.0,24.570363652172166,161.0,253.0,35,-19.0,-131.0,-0.54
07:45:15,161.0,16.0,225.93,29.0,160.0,8.0,279.46,35.0,193.47,64.93,24.0,64.0,25.469350796594274,161.0,225.93,88,-40.0,53.0,-0.45
07:45:16,161.0,12.0,196.0,4.0,160.0,4.0,207.0,16.0,178.5,35.0,16.0,20.0,20.683038461501976,161.0,196.0,36,-4.0,-52.0,-0.11
07:45:17,157.0,30.0,205.82,38.0,156.0,20.0,207.7,40.0,181.41,48.81999999999999,50.0,78.0,13.636829910208794,157.0,205.82,128,-28.0,92.0,-0.22
07:45:18,156.25,12.0,204.5,50.0,155.01,173.0,206.0,40.0,180.38,48.25,185.0,90.0,12.068014335422475,156.25,204.5,275,95.0,147.0,0.35
07:45:19,156.0,9.0,202.81,43.0,155.0,171.0,205.21,38.0,179.41,46.81,180.0,81.0,6.1538955142218255,156.0,202.81,261,99.0,-14.0,0.38
07:45:20,154.08,13.0,200.68,31.0,154.71,140.0,201.55,44.0,177.38,46.599999999999994,153.0,75.0,1.5723962604756379,154.08,200.68,228,78.0,-33.0,0.34
07:45:21,151.0,45.0,196.61,36.0,105.82,33.0,198.78,40.0,173.81,45.610000000000014,78.0,76.0,3.003276544036061,151.0,196.61,154,2.0,-74.0,0.01
