Time,Bid1_Price,Bid1_Volume,Ask1_Price,Ask1_Volume,Bid2_Price,Bid2_Volume,Ask2_Price,Ask2_Volume,Mid-Price,Bid_Ask_Spread,Market_Depth_Bid,Market_Depth_Ask,Historical_Volatility,Weighted_Avg_Bid_Price,Weighted_Avg_Ask_Price,Total_volume,Cumulative_Volume_Difference,Total_Volume_Change_Corrected,Order_imbalance
07:30:00,118.0,2.0,171.0,8.0,0.0,0.0,0.0,0.0,144.5,53.0,2.0,8.0,,118.0,171.0,10,-6.0,,-0.6
07:30:02,118.0,4.0,170.8,5.0,0.0,0.0,345.5,8.0,144.4,52.80000000000001,4.0,13.0,,118.0,170.8,17,-9.0,7.0,-0.53
07:30:03,121.0,14.0,160.93,14.0,118.0,4.0,163.23,26.0,140.96,39.93000000000001,18.0,40.0,,121.0,160.93,58,-22.0,41.0,-0.38
07:30:04,139.0,9.0,152.6,15.0,120.67,18.0,159.2,30.0,145.8,13.599999999999994,27.0,45.0,,139.0,152.6,72,-18.0,14.0,-0.25
07:30:05,139.0,4.0,147.1,10.0,124.0,8.0,148.67,12.0,143.05,8.099999999999994,12.0,22.0,1.8344808529935626,139.0,147.1,34,-10.0,-38.0,-0.29
07:30:06,139.0,5.0,145.44,9.0,124.0,10.0,146.6,10.0,142.22,6.439999999999998,15.0,19.0,1.8817226150524866,139.0,145.44,34,-4.0,0.0,-0.12
07:30:07,139.0,9.0,141.88,17.0,124.0,18.0,142.56,25.0,140.44,2.8799999999999955,27.0,42.0,2.114587430209475,139.0,141.88,69,-15.0,35.0,-0.22
07:30:08,124.0,12.0,131.44,18.0,49.0,48.0,134.16,25.0,127.72,7.439999999999998,60.0,43.0,7.048835364796072,124.0,131.44,103,17.0,34.0,0.17
07:30:10,129.62,16.0,130.86,21.0,124.71,14.0,131.68,37.0,130.24,1.240000000000009,30.0,58.0,6.869905385083489,129.62,130.86,88,-28.0,25.0,-0.32
07:30:11,129.67,15.0,131.84,25.0,124.83,12.0,132.6,25.0,130.75,2.170000000000016,27.0,50.0,5.078639581620143,129.67,131.84,77,-23.0,-11.0,-0.3
07:30:12,130.0,21.0,132.0,7.0,129.0,7.0,133.0,21.0,131.0,2.0,28.0,28.0,1.3852147847891838,130.0,132.0,56,0.0,-21.0,0.0
07:30:13,130.4,30.0,132.0,10.0,129.0,10.0,133.0,30.0,131.2,1.5999999999999943,40.0,40.0,0.929720388073025,130.4,132.0,80,0.0,24.0,0.0
07:30:14,131.0,9.0,136.67,6.0,129.0,3.0,358.2,10.0,133.83,5.6699999999999875,12.0,16.0,1.402936206674726,131.0,136.67,28,-4.0,-52.0,-0.14
07:30:15,132.2,49.0,136.23,52.0,130.96,23.0,277.36,50.0,134.22,4.030000000000001,72.0,102.0,1.679270675025043,132.2,136.23,174,-30.0,146.0,-0.17
07:30:16,131.38,24.0,134.89,37.0,127.44,16.0,137.7,40.0,133.13,3.509999999999991,40.0,77.0,1.4924242024301182,131.38,134.89,117,-37.0,-57.0,-0.32
07:30:17,127.8,10.0,247.0,14.0,126.31,13.0,202.29,28.0,187.4,119.2,23.0,42.0,24.313702515248515,127.8,247.0,65,-19.0,-52.0,-0.29
07:30:18,132.09,33.0,327.3,47.0,132.24,17.0,382.0,34.0,229.69,195.21,50.0,81.0,43.62388027216294,132.09,327.3,131,-31.0,66.0,-0.24
07:30:19,145.0,42.0,316.76,42.0,139.71,42.0,331.86,42.0,230.88,171.76,84.0,84.0,48.36914129897298,145.0,316.76,168,0.0,37.0,0.0
07:30:20,147.0,105.0,151.04,75.0,140.17,69.0,192.8,30.0,149.02,4.039999999999992,174.0,105.0,44.96594522524811,147.0,151.04,279,69.0,111.0,0.25
07:30:21,147.0,62.0,150.62,64.0,139.4,65.0,152.0,16.0,148.81,3.6200000000000045,127.0,80.0,40.699136968737,147.0,150.62,207,47.0,-72.0,0.23
07:30:22,147.0,24.0,149.69,26.0,145.0,8.0,274.5,16.0,148.35,2.6899999999999977,32.0,42.0,44.67397732461273,147.0,149.69,74,-10.0,-133.0,-0.14
07:30:23,147.0,30.0,152.0,10.0,145.0,10.0,301.77,43.0,149.5,5.0,40.0,53.0,36.6559568146844,147.0,152.0,93,-13.0,19.0,-0.14
07:30:24,147.0,30.0,151.0,50.0,145.0,10.0,152.1,10.0,149.0,4.0,40.0,60.0,0.41488552638373244,147.0,151.0,100,-20.0,7.0,-0.2
07:30:25,147.0,23.0,151.0,65.0,145.0,13.0,215.91,22.0,149.0,4.0,36.0,87.0,0.4139685978461473,147.0,151.0,123,-51.0,23.0,-0.41
07:30:26,147.0,11.0,151.0,55.0,145.0,11.0,153.0,22.0,149.0,4.0,22.0,77.0,0.40865633483737895,147.0,151.0,99,-55.0,-24.0,-0.56
07:30:27,147.0,11.0,150.64,55.0,145.0,11.0,153.0,22.0,148.82,3.6399999999999864,22.0,77.0,0.2558906016303673,147.0,150.64,99,-55.0,0.0,-0.56
07:30:28,147.0,11.0,150.0,55.0,145.0,11.0,153.0,22.0,148.5,3.0,22.0,77.0,0.21789905920558272,147.0,150.0,99,-55.0,0.0,-0.56
07:30:29,143.0,18.0,150.0,55.0,140.23,47.0,153.0,22.0,146.5,7.0,65.0,77.0,1.061828611406991,143.0,150.0,142,-12.0,43.0,-0.08
07:30:30,141.0,22.0,149.0,52.0,139.0,88.0,150.21,39.0,145.0,8.0,110.0,91.0,1.747993134998591,141.0,149.0,201,19.0,59.0,0.09
07:30:31,139.08,100.0,146.06,67.0,138.4,40.0,147.92,49.0,142.57,6.97999999999999,140.0,116.0,2.5899266398880365,139.08,146.06,256,24.0,55.0,0.09
07:30:32,139.0,56.0,140.56,18.0,138.0,18.0,143.0,18.0,139.78,1.5600000000000023,74.0,36.0,3.400323514020552,139.0,140.56,110,38.0,-146.0,0.35
07:30:33,139.0,26.0,142.2,20.0,138.0,20.0,144.1,20.0,140.6,3.1999999999999886,46.0,40.0,2.85056134822608,139.0,142.2,86,6.0,-24.0,0.07
07:30:34,139.67,12.0,144.0,20.0,138.8,20.0,145.0,20.0,141.83,4.3300000000000125,32.0,40.0,2.0144800818077426,139.67,144.0,72,-8.0,-14.0,-0.11
07:30:35,140.62,8.0,144.0,16.0,139.0,16.0,145.0,16.0,142.31,3.3799999999999955,24.0,32.0,1.187926765419454,140.62,144.0,56,-8.0,-16.0,-0.14
07:30:36,141.0,11.0,144.0,16.0,138.78,18.0,145.0,18.0,142.5,3.0,29.0,34.0,1.1712514674483572,141.0,144.0,63,-5.0,7.0,-0.08
07:30:37,139.12,34.0,144.0,15.0,136.53,36.0,145.0,30.0,141.56,4.8799999999999955,70.0,45.0,0.7484316936100828,139.12,144.0,115,25.0,52.0,0.22
07:30:38,138.64,22.0,144.0,10.0,134.1,40.0,145.0,20.0,141.32,5.360000000000014,62.0,30.0,0.49621567891401963,138.64,144.0,92,32.0,-23.0,0.35
07:30:39,135.0,8.0,142.81,26.0,134.0,48.0,143.5,12.0,138.9,7.810000000000002,56.0,38.0,1.439312335804813,135.0,142.81,94,18.0,2.0,0.19
07:30:40,135.0,61.0,139.51,35.0,131.71,70.0,140.35,37.0,137.26,4.509999999999991,131.0,72.0,2.160398111459913,135.0,139.51,203,59.0,109.0,0.29
07:30:41,136.09,33.0,140.57,14.0,133.0,74.0,142.23,43.0,138.33,4.47999999999999,107.0,57.0,1.8907088617762504,136.09,140.57,164,50.0,-39.0,0.3
07:30:42,136.65,17.0,140.8,10.0,134.4,50.0,142.24,29.0,138.72,4.150000000000006,67.0,39.0,1.491904822701177,136.65,140.8,106,28.0,-58.0,0.26
07:30:43,139.0,7.0,140.0,14.0,135.0,35.0,141.0,7.0,139.5,1.0,42.0,21.0,0.8315768154529805,139.0,140.0,63,21.0,-43.0,0.33
07:30:44,135.67,6.0,140.0,18.0,134.33,15.0,143.0,12.0,137.83,4.3300000000000125,21.0,30.0,0.8537973998548126,135.67,140.0,51,-9.0,-12.0,-0.18
07:30:45,134.36,11.0,139.0,16.0,133.12,16.0,140.0,8.0,136.68,4.639999999999986,27.0,24.0,1.051651082821101,134.36,139.0,51,3.0,0.0,0.06
07:30:46,134.0,4.0,139.0,8.0,133.0,4.0,140.0,4.0,136.5,5.0,8.0,12.0,1.2914255688961211,134.0,139.0,20,-4.0,-31.0,-0.2
07:30:47,134.0,5.0,139.0,10.0,133.0,5.0,140.0,5.0,136.5,5.0,10.0,15.0,1.2974282253745368,134.0,139.0,25,-5.0,5.0,-0.2
07:30:48,132.0,20.0,138.29,14.0,131.0,35.0,140.0,7.0,135.14,6.289999999999992,55.0,21.0,0.954777460981477,132.0,138.29,76,34.0,51.0,0.45
07:30:49,132.0,20.0,136.73,22.0,131.0,50.0,139.0,12.0,134.36,4.72999999999999,70.0,34.0,1.0316394719076796,132.0,136.73,104,36.0,28.0,0.35
07:30:50,132.0,22.0,138.0,15.0,131.0,55.0,141.18,22.0,135.0,6.0,77.0,37.0,0.959062041787609,132.0,138.0,114,40.0,10.0,0.35
07:30:51,132.3,23.0,139.56,9.0,131.05,42.0,141.0,18.0,135.93,7.259999999999991,65.0,27.0,0.8365285410539022,132.3,139.56,92,38.0,-22.0,0.41
07:30:52,133.0,91.0,139.0,13.0,131.61,36.0,255.29,17.0,136.0,6.0,127.0,30.0,0.686498361249119,133.0,139.0,157,97.0,65.0,0.62
07:30:53,135.48,97.0,185.15,39.0,132.6,80.0,192.0,42.0,160.32,49.670000000000016,177.0,81.0,11.199983035701427,135.48,185.15,258,96.0,101.0,0.37
07:30:54,144.28,36.0,230.0,26.0,141.83,70.0,234.6,45.0,187.14,85.72,106.0,71.0,22.91829225749607,144.28,230.0,177,35.0,-81.0,0.2
07:30:55,143.97,31.0,228.0,16.0,139.28,29.0,231.0,32.0,185.98,84.03,60.0,48.0,25.304347057373537,143.97,228.0,108,12.0,-69.0,0.11
07:30:56,143.0,36.0,201.62,21.0,137.81,78.0,257.28,36.0,172.31,58.620000000000005,114.0,57.0,21.157540027139554,143.0,201.62000000000003,171,57.0,63.0,0.33
07:30:57,143.0,24.0,164.88,16.0,138.0,56.0,387.8,30.0,153.94,21.879999999999995,80.0,46.0,14.893982677578695,143.0,164.88,126,34.0,-45.0,0.27
07:30:58,143.0,24.0,162.24,37.0,138.0,56.0,199.82,17.0,152.62,19.24000000000001,80.0,54.0,16.685862878497275,143.0,162.24,134,26.0,8.0,0.19
07:30:59,143.0,10.0,159.66,41.0,140.7,70.0,160.55,29.0,151.33,16.659999999999997,80.0,70.0,15.333744813319731,143.0,159.66,150,10.0,16.0,0.07
07:31:00,146.64,121.0,155.69,35.0,141.23,87.0,157.67,84.0,151.16,9.050000000000011,208.0,119.0,9.035328992350317,146.64,155.69,327,89.0,177.0,0.27
07:31:01,147.0,72.0,152.98,41.0,143.0,9.0,153.62,13.0,149.99,5.97999999999999,81.0,54.0,1.513132512374183,147.0,152.98,135,27.0,-178.5,0.2
07:31:02,147.0,61.0,150.9,29.0,145.96,73.0,151.69,49.0,148.95,3.9000000000000057,134.0,78.0,1.3965135158684718,147.0,150.9,212,56.0,77.0,0.26
07:31:03,146.88,50.0,148.77,13.0,145.96,67.0,150.17,35.0,147.82,1.8900000000000148,117.0,48.0,1.4880356178542409,146.88,148.77,165,69.0,-47.0,0.42
07:31:04,146.0,8.0,147.33,12.0,143.0,8.0,148.67,12.0,146.67,1.3300000000000125,16.0,24.0,1.7632271549639766,146.0,147.33,40,-8.0,-125.0,-0.2
07:31:05,143.0,9.0,146.11,18.0,141.0,63.0,148.0,9.0,144.56,3.1100000000000136,72.0,27.0,2.102943175647323,143.0,146.11,99,45.0,59.0,0.45
07:31:06,141.05,43.0,143.71,14.0,139.29,49.0,247.67,24.0,142.38,2.6599999999999966,92.0,38.0,2.6273998553704727,141.05,143.71,130,54.0,31.0,0.42
07:31:07,141.0,49.0,143.0,14.0,139.0,49.0,318.74,23.0,142.0,2.0,98.0,37.0,2.5644843536274435,141.0,143.0,135,61.0,5.0,0.45
07:31:08,141.0,63.0,207.9,20.0,139.0,63.0,565.61,33.0,174.45,66.9,126.0,53.0,13.789023533231175,141.0,207.9,179,73.0,44.0,0.41
07:31:09,143.62,13.0,389.2,30.0,140.71,42.0,443.0,38.0,266.41,245.57999999999998,55.0,68.0,53.4563854932226,143.62,389.2,123,-13.0,-56.0,-0.11
07:31:10,147.0,20.0,294.61,31.0,143.0,10.0,359.56,16.0,220.81,147.61,30.0,47.0,53.8472158054623,147.0,294.61,77,-17.0,-46.0,-0.22
07:31:11,147.0,24.0,281.0,20.0,143.0,14.0,534.11,18.0,214.0,134.0,38.0,38.0,47.417562463712095,147.0,281.0,76,0.0,-1.0,0.0
07:31:12,147.0,20.0,215.62,34.0,143.0,10.0,216.42,38.0,181.31,68.62,30.0,72.0,36.71552369230273,147.0,215.62,102,-42.0,26.0,-0.41
07:31:13,139.49,164.0,212.93,28.0,138.3,82.0,213.77,44.0,176.21,73.44,246.0,72.0,36.27859864989335,139.49,212.93,318,174.0,177.5,0.55
07:31:14,139.0,110.0,211.0,5.0,138.0,55.0,213.0,25.0,175.0,72.0,165.0,30.0,22.11261246438399,139.0,211.0,195,135.0,-123.0,0.69
07:31:15,139.0,146.0,209.14,7.0,138.0,77.0,213.0,35.0,174.07,70.13999999999999,223.0,42.0,16.93705611964558,139.0,209.14000000000001,265,181.0,70.0,0.68
07:31:16,139.0,140.0,207.75,36.0,138.0,46.0,210.67,12.0,173.38,68.75,186.0,48.0,3.1555237283243307,139.0,207.75,234,138.0,-31.0,0.59
07:31:17,139.0,96.0,205.83,18.0,138.0,24.0,206.5,18.0,172.42,66.83000000000001,120.0,36.0,1.460866181419996,139.0,205.83,156,84.0,-78.0,0.54
07:31:18,139.01,200.0,202.68,22.0,138.46,97.0,205.68,56.0,170.85,63.670000000000016,297.0,78.0,1.5925231552526646,139.01,202.68,375,219.0,177.5,0.58
07:31:19,139.0,165.0,150.11,18.0,138.0,80.0,188.38,16.0,144.56,11.110000000000014,245.0,34.0,12.633547799411366,139.0,150.11,279,211.0,-96.0,0.76
07:31:20,139.1,99.0,148.1,21.0,138.44,125.0,149.3,20.0,143.6,9.0,224.0,41.0,15.441257073179235,139.1,148.1,265,183.0,-14.0,0.69
07:31:21,140.0,14.0,145.8,10.0,139.0,77.0,146.91,11.0,142.9,5.800000000000011,91.0,21.0,15.329324186016935,140.0,145.8,112,70.0,-153.0,0.62
07:31:22,139.57,56.0,142.21,28.0,138.81,163.0,143.44,18.0,140.89,2.640000000000015,219.0,46.0,12.53305828598909,139.57,142.21,265,173.0,153.0,0.65
07:31:23,139.0,145.0,140.62,48.0,138.0,172.0,141.79,28.0,139.81,1.6200000000000045,317.0,76.0,1.957822770323165,139.0,140.62,393,241.0,128.0,0.61
07:31:24,139.0,160.0,140.0,70.0,138.0,126.0,141.95,19.0,139.5,1.0,286.0,89.0,1.8350885537202877,139.0,140.0,375,197.0,-18.0,0.53
07:31:25,139.0,52.0,142.78,37.0,138.0,90.0,412.71,14.0,140.89,3.780000000000001,142.0,51.0,1.33194219093581,139.0,142.78,193,91.0,-178.5,0.47
07:31:26,139.0,20.0,207.65,34.0,138.0,90.0,612.56,27.0,173.32,68.65,110.0,61.0,14.792591726942192,139.0,207.65,171,49.0,-22.0,0.29
07:31:27,139.0,13.0,166.0,25.0,138.0,21.0,609.0,5.0,152.5,27.0,34.0,30.0,14.525688623951705,139.0,166.0,64,4.0,-107.0,0.06
07:31:28,138.4,5.0,166.0,15.0,135.6,15.0,595.67,3.0,152.2,27.599999999999994,20.0,18.0,13.546299125591517,138.4,166.0,38,2.0,-26.0,0.05
07:31:29,140.56,9.0,385.0,45.0,138.54,13.0,552.56,9.0,262.78,244.44,22.0,54.0,49.721176776098275,140.56,385.0,76,-32.0,38.0,-0.42
07:31:30,141.0,8.0,371.36,22.0,139.0,8.0,388.67,12.0,256.18,230.36,16.0,34.0,55.562147906646196,141.0,371.36,50,-18.0,-26.0,-0.36
07:31:31,139.09,11.0,183.63,43.0,137.12,67.0,301.18,34.0,161.36,44.53999999999999,78.0,77.0,57.1987332027557,139.09,183.63,155,1.0,105.0,0.01
07:31:32,137.76,76.0,139.0,22.0,136.95,76.0,221.77,47.0,138.38,1.240000000000009,152.0,69.0,60.214352109775504,137.76,139.0,221,83.0,66.0,0.38
07:31:33,137.4,134.0,253.47,43.0,110.77,103.0,301.04,54.0,195.43,116.07,237.0,97.0,55.6069876903976,137.4,253.46999999999997,334,140.0,113.0,0.42
07:31:34,139.0,93.0,263.88,25.0,137.0,90.0,265.8,25.0,201.44,124.88,183.0,50.0,44.7869067920528,139.0,263.88,233,133.0,-101.0,0.57
07:31:35,139.73,89.0,262.67,24.0,137.5,108.0,263.22,36.0,201.2,122.94000000000003,197.0,60.0,28.39856193542235,139.73,262.67,257,137.0,24.0,0.53
07:31:36,146.0,42.0,231.05,21.0,139.68,73.0,262.96,46.0,188.52,85.05000000000001,115.0,67.0,26.586242306877864,146.0,231.05,182,48.0,-75.0,0.26
07:31:37,145.17,23.0,196.89,28.0,137.7,69.0,207.87,23.0,171.03,51.72,92.0,51.0,12.611868616506671,145.17,196.89000000000001,143,41.0,-39.0,0.29
07:31:38,138.17,41.0,193.55,22.0,105.21,28.0,195.64,14.0,165.86,55.380000000000024,69.0,36.0,16.618844725191416,138.17,193.55,105,33.0,-38.0,0.31
07:31:39,142.0,8.0,190.69,26.0,137.35,46.0,192.0,14.0,166.35,48.69,54.0,40.0,15.643218019321312,142.0,190.69,94,14.0,-11.0,0.15
07:31:40,137.11,46.0,187.92,25.0,95.41,92.0,189.21,28.0,162.51,50.809999999999974,138.0,53.0,10.331588938784542,137.11,187.92,191,85.0,97.0,0.45
07:31:41,141.0,20.0,186.13,39.0,137.97,29.0,187.16,31.0,163.56,45.129999999999995,49.0,70.0,3.297024416047325,141.0,186.13,119,-21.0,-72.0,-0.18
07:31:42,141.0,22.0,182.76,42.0,139.0,22.0,184.03,35.0,161.88,41.75999999999999,44.0,77.0,1.9928045564006354,141.0,182.76,121,-33.0,2.0,-0.27
07:31:43,142.59,39.0,178.2,35.0,140.27,22.0,179.29,34.0,160.39,35.609999999999985,61.0,69.0,2.2261783396687886,142.59,178.2,130,-8.0,9.0,-0.06
07:31:44,143.0,48.0,172.81,42.0,141.0,24.0,174.75,44.0,157.9,29.810000000000002,72.0,86.0,2.195602423028693,143.0,172.81,158,-14.0,28.0,-0.09
07:31:45,143.06,36.0,163.56,54.0,141.27,30.0,164.86,42.0,153.31,20.5,66.0,96.0,3.9929274974645423,143.06,163.56,162,-30.0,4.0,-0.19
07:31:46,144.0,9.0,161.38,29.0,143.0,18.0,162.46,26.0,152.69,17.379999999999995,27.0,55.0,4.124164157742422,144.0,161.38,82,-28.0,-80.0,-0.34
07:31:47,144.7,10.0,159.5,30.0,143.0,20.0,160.85,39.0,152.1,14.800000000000011,30.0,69.0,3.6632594775699747,144.7,159.5,99,-39.0,17.0,-0.39
07:31:48,145.0,9.0,156.72,32.0,143.0,18.0,158.04,28.0,150.86,11.719999999999999,27.0,60.0,2.6879304306483225,145.0,156.72,87,-33.0,-12.0,-0.38
07:31:49,145.0,10.0,154.9,30.0,143.0,20.0,155.92,39.0,149.95,9.900000000000006,30.0,69.0,1.366261322004107,145.0,154.9,99,-39.0,12.0,-0.39
07:31:50,141.18,114.0,151.8,41.0,139.55,101.0,152.76,42.0,146.49,10.620000000000005,215.0,83.0,2.441038713335705,141.18,151.8,298,132.0,177.5,0.44
07:31:51,141.0,128.0,145.17,41.0,139.0,135.0,145.83,46.0,143.09,4.1699999999999875,263.0,87.0,3.672202336473661,141.0,145.17,350,176.0,52.0,0.5
07:31:52,141.0,70.0,142.82,33.0,139.0,99.0,144.86,43.0,141.91,1.8199999999999932,169.0,76.0,3.987492946702422,141.0,142.82,245,93.0,-105.0,0.38
07:31:53,141.0,26.0,143.6,30.0,139.0,90.0,218.6,40.0,142.3,2.5999999999999943,116.0,70.0,3.4238603943502994,141.0,143.6,186,46.0,-59.0,0.25
07:31:54,141.0,43.0,144.5,32.0,139.0,102.0,309.5,32.0,142.75,3.5,145.0,64.0,1.8340174481176195,141.0,144.5,209,81.0,23.0,0.39
07:31:55,140.12,95.0,142.57,56.0,134.5,180.0,371.9,61.0,141.34,2.4499999999999886,275.0,117.0,0.6888178278756336,140.12,142.57,392,158.0,177.5,0.4
07:31:56,139.0,154.0,301.2,46.0,107.33,39.0,551.3,50.0,220.1,162.2,193.0,96.0,34.89768688609615,139.0,301.2,289,97.0,-103.0,0.34
07:31:57,141.25,32.0,320.0,10.0,138.35,131.0,464.5,48.0,230.62,178.75,163.0,58.0,45.74126167914498,141.25,320.0,221,105.0,-68.0,0.48
07:31:58,143.0,12.0,318.17,6.0,139.0,84.0,479.0,24.0,230.58,175.17000000000002,96.0,30.0,46.78599811909572,143.0,318.17,126,66.0,-95.0,0.52
07:31:59,143.0,18.0,308.17,12.0,139.0,126.0,473.7,33.0,225.58,165.17000000000002,144.0,45.0,38.42859976632037,143.0,308.17,189,99.0,63.0,0.52
07:32:00,143.0,22.0,237.21,38.0,139.0,193.0,344.74,46.0,190.11,94.21000000000001,215.0,84.0,16.9371432065754,143.0,237.20999999999998,299,131.0,110.0,0.44
07:32:01,143.0,13.0,211.06,16.0,139.0,164.0,219.93,61.0,177.03,68.06,177.0,77.0,25.35259809171514,143.0,211.06,254,100.0,-45.0,0.39
07:32:02,139.11,106.0,183.44,25.0,138.65,60.0,186.46,13.0,161.28,44.329999999999984,166.0,38.0,30.27618255328815,139.11,183.44,204,128.0,-50.0,0.63
07:32:03,139.77,250.0,142.62,13.0,138.95,199.0,216.56,36.0,141.19,2.8499999999999943,449.0,49.0,31.78284395707879,139.77,142.62,498,400.0,177.5,0.8
07:32:04,140.7,175.0,144.0,13.0,139.62,247.0,475.83,46.0,142.35,3.3000000000000114,422.0,59.0,21.41845979523295,140.7,144.0,481,363.0,-17.0,0.75
07:32:05,141.78,172.0,144.0,10.0,139.36,106.0,440.92,37.0,142.89,2.219999999999999,278.0,47.0,15.820054361474375,141.78,144.0,325,231.0,-156.0,0.71
07:32:06,143.0,114.0,213.33,12.0,139.0,54.0,257.0,24.0,178.17,70.33000000000001,168.0,36.0,16.25609977823722,143.0,213.33,204,132.0,-121.0,0.65
07:32:07,143.55,209.0,223.17,48.0,139.0,99.0,376.81,48.0,183.36,79.61999999999998,308.0,96.0,21.242274360341153,143.55,223.17,404,212.0,177.5,0.52
07:32:09,146.0,182.0,365.22,63.0,143.0,39.0,458.13,55.0,255.61,219.22000000000003,221.0,118.0,61.883090420566745,146.0,365.22,339,103.0,42.0,0.3
07:32:10,144.75,48.0,166.19,43.0,141.36,33.0,220.91,45.0,155.47,21.439999999999998,81.0,88.0,58.60282433466872,144.75,166.19,169,-7.0,-170.0,-0.04
07:32:11,143.39,23.0,158.26,47.0,141.44,27.0,161.44,43.0,150.82,14.870000000000005,50.0,90.0,63.74884602877166,143.39,158.26,140,-40.0,-29.0,-0.29
07:32:12,144.83,36.0,157.34,56.0,143.0,24.0,158.18,55.0,151.09,12.509999999999991,60.0,111.0,68.31220696186028,144.83,157.34,171,-51.0,31.0,-0.3
07:32:13,146.0,27.0,154.22,27.0,143.0,18.0,157.0,45.0,150.11,8.219999999999999,45.0,72.0,46.440670753123435,146.0,154.22,117,-27.0,-54.0,-0.23
07:32:14,145.18,22.0,151.39,31.0,142.14,21.0,153.83,41.0,148.28,6.2099999999999795,43.0,72.0,2.65015659914667,145.18,151.39,115,-29.0,-2.0,-0.25
07:32:15,143.0,10.0,149.0,15.0,141.0,15.0,150.0,25.0,146.0,6.0,25.0,40.0,2.12679336090731,143.0,149.0,65,-15.0,-50.0,-0.23
07:32:16,143.0,56.0,148.43,44.0,141.0,36.0,149.77,52.0,145.72,5.430000000000007,92.0,96.0,2.397342278440592,143.0,148.43,188,-4.0,123.0,-0.02
07:32:17,143.0,20.0,145.24,34.0,141.42,36.0,146.74,46.0,144.12,2.240000000000009,56.0,80.0,2.351846083398691,143.0,145.24,136,-24.0,-52.0,-0.18
07:32:18,141.36,36.0,143.95,58.0,139.22,185.0,144.87,38.0,142.65,2.589999999999975,221.0,96.0,2.118202067791607,141.36,143.95,317,125.0,177.5,0.39
07:32:19,139.07,245.0,141.68,38.0,138.68,93.0,143.97,88.0,140.38,2.6100000000000136,338.0,126.0,2.3261728224694513,139.07,141.68,464,212.0,147.0,0.46
07:32:20,139.03,148.0,142.81,16.0,138.67,72.0,145.0,48.0,140.92,3.780000000000001,220.0,64.0,2.2177285677004663,139.03,142.81,284,156.0,-178.5,0.55
07:32:21,140.5,12.0,143.74,19.0,139.02,87.0,231.76,17.0,142.12,3.240000000000009,99.0,36.0,1.4760487796797954,140.5,143.74,135,63.0,-149.0,0.47
07:32:22,141.0,26.0,144.0,21.0,139.0,91.0,461.5,8.0,142.5,3.0,117.0,29.0,1.008553419504373,141.0,144.0,146,88.0,11.0,0.6
07:32:23,141.0,32.0,143.62,24.0,139.0,104.0,588.0,15.0,142.31,2.6200000000000045,136.0,39.0,0.9387118833773789,141.0,143.62,175,97.0,29.0,0.55
07:32:24,139.09,93.0,141.25,16.0,138.32,41.0,195.78,18.0,140.17,2.1599999999999966,134.0,34.0,1.0114000197715447,139.09,141.25,168,100.0,-7.0,0.6
07:32:25,138.4,40.0,140.2,30.0,116.32,47.0,374.96,25.0,139.3,1.799999999999983,87.0,55.0,1.4497758447407083,138.4,140.2,142,32.0,-26.0,0.23
07:32:26,138.03,29.0,139.88,24.0,116.62,37.0,503.43,14.0,138.95,1.8499999999999943,66.0,38.0,1.6674021710412894,138.03,139.88,104,28.0,-38.0,0.27
07:32:27,138.0,32.0,139.0,24.0,125.86,35.0,297.6,10.0,138.5,1.0,67.0,34.0,1.5073917871584224,138.0,139.0,101,33.0,-3.0,0.33
07:32:28,138.2,45.0,247.78,23.0,124.9,51.0,329.53,19.0,192.99,109.58000000000001,96.0,42.0,24.049999376299372,138.2,247.77999999999997,138,54.0,37.0,0.39
07:32:29,123.12,17.0,149.38,16.0,109.53,38.0,251.0,13.0,136.25,26.25999999999999,55.0,29.0,24.509330264207538,123.12,149.38,84,26.0,-54.0,0.31
07:32:30,118.0,16.0,131.0,24.0,82.38,26.0,136.0,32.0,124.5,13.0,42.0,56.0,26.791052051011313,118.0,131.0,98,-14.0,14.0,-0.14
07:32:33,139.0,9.0,269.92,25.0,91.61,33.0,329.24,17.0,204.46,130.92000000000002,42.0,42.0,66.04301878321444,139.0,269.92,84,0.0,-21.0,0.0
07:32:34,140.89,19.0,245.89,19.0,127.57,14.0,488.39,23.0,193.39,105.0,33.0,42.0,62.90162851627946,140.89,245.89,75,-9.0,-9.0,-0.12
07:32:35,141.0,14.0,184.0,7.0,139.0,7.0,462.0,14.0,162.5,43.0,21.0,21.0,55.690096695911976,141.0,184.0,42,0.0,-33.0,0.0
07:32:36,141.0,16.0,176.4,10.0,139.77,13.0,445.45,22.0,158.7,35.400000000000006,29.0,32.0,47.10616116815326,141.0,176.4,61,-3.0,19.0,-0.05
07:32:37,141.0,12.0,174.92,13.0,139.0,8.0,391.53,17.0,157.96,33.91999999999999,20.0,30.0,21.89507524536086,141.0,174.92000000000002,50,-10.0,-11.0,-0.2
07:32:38,143.03,88.0,241.92,24.0,141.56,18.0,529.56,27.0,192.48,98.88999999999999,106.0,51.0,18.276788011026778,143.03,241.92,157,55.0,107.0,0.35
07:32:39,144.88,40.0,316.57,14.0,143.0,48.0,462.8,10.0,230.72,171.69,88.0,24.0,31.51529977645806,144.88,316.57,112,64.0,-45.0,0.57
07:32:40,145.0,40.0,174.75,20.0,143.0,56.0,258.67,18.0,159.88,29.75,96.0,38.0,31.90815444365307,145.0,174.75,134,58.0,22.0,0.43
07:32:41,145.96,117.0,176.68,19.0,144.71,70.0,208.21,33.0,161.32,30.72,187.0,52.0,31.490765630578395,145.96,176.68,239,135.0,105.0,0.56
07:32:42,146.0,72.0,281.18,40.0,145.0,65.0,414.89,36.0,213.59,135.18,137.0,76.0,31.375729792309613,146.0,281.18,213,61.0,-26.0,0.29
07:32:43,146.0,44.0,355.44,25.0,145.0,55.0,410.91,23.0,250.72,209.44,99.0,48.0,41.09135894564736,146.0,355.44,147,51.0,-66.0,0.35
07:32:44,145.0,45.0,323.88,17.0,143.0,61.0,353.91,22.0,234.44,178.88,106.0,39.0,41.74169498235588,145.0,323.88,145,67.0,-2.0,0.46
07:32:45,145.0,24.0,221.38,16.0,143.0,56.0,224.0,8.0,183.19,76.38,80.0,24.0,36.564166474843056,145.0,221.38,104,56.0,-41.0,0.54
07:32:46,147.0,84.0,216.96,25.0,145.0,36.0,269.44,27.0,181.98,69.96000000000001,120.0,52.0,30.551036479963162,147.0,216.96,172,68.0,68.0,0.4
07:32:47,147.0,56.0,216.25,24.0,145.0,24.0,219.0,32.0,181.62,69.25,80.0,56.0,33.53950059258537,147.0,216.25,136,24.0,-36.0,0.18
07:32:48,147.0,91.0,212.58,38.0,145.0,39.0,213.78,46.0,179.79,65.58000000000001,130.0,84.0,23.64207330163798,147.0,212.58,214,46.0,78.0,0.21
07:32:49,147.0,84.0,208.53,34.0,145.55,66.0,209.71,34.0,177.76,61.53,150.0,68.0,2.1222323152790445,147.0,208.53,218,82.0,4.0,0.38
07:32:50,147.0,84.0,203.85,39.0,146.0,216.0,204.6,40.0,175.42,56.849999999999994,300.0,79.0,2.7490871212119554,147.0,203.85,379,221.0,161.0,0.58
07:32:51,147.0,50.0,197.36,47.0,146.0,270.0,200.36,50.0,172.18,50.360000000000014,320.0,97.0,3.7016320724799106,147.0,197.36,417,223.0,38.0,0.53
07:32:52,146.04,111.0,186.76,33.0,145.63,57.0,193.26,19.0,166.4,40.72,168.0,52.0,5.250476168883121,146.04,186.76,220,116.0,-178.5,0.53
07:32:53,146.0,144.0,183.13,30.0,145.0,33.0,184.08,37.0,164.57,37.129999999999995,177.0,67.0,5.674009164603738,146.0,183.13,244,110.0,24.0,0.45
07:32:54,146.0,120.0,180.56,27.0,145.0,30.0,181.93,30.0,163.28,34.56,150.0,57.0,5.2069088718744485,146.0,180.56,207,93.0,-37.0,0.45
07:32:55,146.0,144.0,176.11,38.0,145.0,36.0,176.94,36.0,161.05,30.110000000000014,180.0,74.0,4.213909111502345,146.0,176.11,254,106.0,47.0,0.42
07:32:56,146.0,96.0,172.17,30.0,145.0,36.0,173.83,41.0,159.08,26.169999999999987,132.0,71.0,2.8807689945568815,146.0,172.17,203,61.0,-51.0,0.3
07:32:57,146.0,72.0,167.33,36.0,145.0,33.0,168.71,41.0,156.67,21.330000000000013,105.0,77.0,3.1763422359687015,146.0,167.33,182,28.0,-21.0,0.15
07:32:58,146.0,48.0,164.11,35.0,145.0,36.0,165.13,38.0,155.06,18.110000000000014,84.0,73.0,3.296812096555867,146.0,164.11,157,11.0,-25.0,0.07
07:32:59,145.8,50.0,161.16,43.0,144.5,40.0,161.98,43.0,153.48,15.359999999999985,90.0,86.0,3.0400937485537414,145.8,161.16,176,4.0,19.0,0.02
07:33:00,142.84,38.0,157.73,55.0,140.94,62.0,158.62,52.0,150.28,14.889999999999986,100.0,107.0,3.3162750187512726,142.84,157.73,207,-7.0,31.0,-0.03
07:33:01,142.88,32.0,151.77,47.0,140.87,119.0,153.27,56.0,147.32,8.890000000000015,151.0,103.0,3.7631263598226212,142.88,151.77,254,48.0,47.0,0.19
07:33:02,141.68,88.0,146.74,53.0,140.7,91.0,147.75,52.0,144.21,5.060000000000002,179.0,105.0,4.429288881975283,141.68,146.74,284,74.0,30.0,0.26
07:33:03,141.0,53.0,142.16,25.0,140.0,27.0,188.2,15.0,141.58,1.1599999999999966,80.0,40.0,4.725259781217074,141.0,142.16,120,40.0,-164.0,0.33
07:33:04,142.8,25.0,197.3,20.0,140.12,33.0,422.09,11.0,170.05,54.5,58.0,31.0,11.306160709984201,142.8,197.3,89,27.0,-31.0,0.3
07:33:05,147.0,21.0,333.75,8.0,143.0,28.0,539.0,13.0,240.38,186.75,49.0,21.0,41.629927576204174,147.0,333.75,70,28.0,-19.0,0.4
07:33:07,147.0,24.0,427.5,16.0,144.25,32.0,535.5,16.0,287.25,280.5,56.0,32.0,74.54074073954494,147.0,427.5,88,24.0,35.0,0.27
07:33:08,144.65,17.0,425.33,12.0,142.96,23.0,480.33,12.0,284.99,280.67999999999995,40.0,24.0,57.016338623240955,144.65,425.33,64,16.0,-24.0,0.25
07:33:09,143.0,68.0,424.17,24.0,140.0,36.0,593.18,22.0,283.58,281.17,104.0,46.0,27.11577271626419,143.0,424.17,150,58.0,86.0,0.39
07:33:10,143.0,30.0,423.6,10.0,140.0,15.0,538.5,8.0,283.3,280.6,45.0,18.0,14.14703396476113,143.0,423.6,63,27.0,-87.0,0.43
07:33:11,143.0,66.0,233.67,21.0,140.0,33.0,324.95,21.0,188.33,90.66999999999999,99.0,42.0,43.162070733458556,143.0,233.67,141,57.0,78.0,0.4
07:33:12,143.41,51.0,231.32,19.0,141.88,48.0,374.14,14.0,187.36,87.91,99.0,33.0,52.64754096821673,143.41,231.32,132,66.0,-9.0,0.5
07:33:13,145.17,18.0,229.75,8.0,143.0,36.0,287.8,10.0,187.46,84.58000000000001,54.0,18.0,52.43127959529539,145.17,229.75,72,36.0,-60.0,0.5
07:33:14,146.0,27.0,216.2,15.0,143.0,54.0,247.14,22.0,181.1,70.19999999999999,81.0,37.0,43.58184713845914,146.0,216.2,118,44.0,46.0,0.37
07:33:15,144.91,33.0,244.56,27.0,142.47,51.0,382.93,28.0,194.73,99.65,84.0,55.0,4.834897103351907,144.91,244.56,139,29.0,21.0,0.21
07:33:16,143.0,8.0,252.6,20.0,140.0,24.0,333.0,12.0,197.8,109.6,32.0,32.0,6.621246106285631,143.0,252.6,64,0.0,-75.0,0.0
07:33:17,143.0,15.0,250.2,30.0,140.26,119.0,438.59,29.0,196.6,107.19999999999999,134.0,59.0,7.081794970203848,143.0,250.2,193,75.0,129.0,0.39
07:33:18,143.0,7.0,250.0,14.0,141.0,74.0,440.0,21.0,196.5,107.0,81.0,35.0,6.932790203086083,143.0,250.0,116,46.0,-77.0,0.4
07:33:19,143.0,8.0,215.22,18.0,141.0,112.0,404.91,22.0,179.11,72.22,120.0,40.0,7.812833672874769,143.0,215.22,160,80.0,44.0,0.5
07:33:20,141.0,68.0,149.0,21.0,140.0,56.0,247.0,14.0,145.0,8.0,124.0,35.0,22.61295027191269,141.0,149.0,159,89.0,-1.0,0.56
07:33:21,141.0,80.0,147.1,20.0,140.0,80.0,149.0,30.0,144.05,6.099999999999994,160.0,50.0,26.295660668634763,141.0,147.1,210,110.0,51.0,0.52
07:33:22,141.0,168.0,144.16,57.0,140.0,168.0,146.81,36.0,142.58,3.1599999999999966,336.0,93.0,24.848629137237626,141.0,144.15999999999997,429,243.0,177.5,0.57
07:33:23,141.04,47.0,142.62,16.0,140.09,53.0,234.65,17.0,141.83,1.5800000000000125,100.0,33.0,16.033394213327508,141.04,142.62,133,67.0,-178.5,0.5
07:33:24,141.21,38.0,292.47,17.0,139.77,83.0,522.78,23.0,216.84,151.26000000000002,121.0,40.0,32.88227257961304,141.21,292.47,161,81.0,28.0,0.5
07:33:25,141.0,53.0,283.38,16.0,139.0,143.0,336.75,24.0,212.19,142.38,196.0,40.0,39.311478857961895,141.0,283.38,236,156.0,75.0,0.66
07:33:26,141.82,44.0,240.44,25.0,140.04,54.0,305.33,15.0,191.13,98.62,98.0,40.0,36.64112075250967,141.82,240.44,138,58.0,-98.0,0.42
07:33:27,142.17,36.0,239.18,33.0,141.0,44.0,397.0,3.0,190.67,97.01000000000002,80.0,36.0,29.72137816454689,142.17,239.18,116,44.0,-22.0,0.38
07:33:28,141.0,12.0,237.25,12.0,139.0,52.0,348.0,8.0,189.12,96.25,64.0,20.0,13.381717004929339,141.0,237.25,84,44.0,-32.0,0.52
07:33:29,141.38,24.0,235.83,18.0,139.09,68.0,509.0,24.0,188.6,94.45000000000002,92.0,42.0,10.032341202332036,141.38,235.83000000000004,134,50.0,50.0,0.37
07:33:30,140.22,37.0,234.83,18.0,139.02,60.0,670.0,24.0,187.52,94.61000000000001,97.0,42.0,1.4881431382779091,140.22,234.83000000000004,139,55.0,5.0,0.4
07:33:31,140.3,40.0,232.6,30.0,139.0,130.0,645.0,40.0,186.45,92.29999999999998,170.0,70.0,1.6017396792246266,140.3,232.6,240,100.0,101.0,0.42
07:33:32,142.48,61.0,230.62,32.0,139.56,72.0,418.58,31.0,186.55,88.14000000000001,133.0,63.0,1.1969001629215807,142.48,230.62,196,70.0,-44.0,0.36
07:33:33,145.15,52.0,228.0,28.0,139.38,64.0,232.0,21.0,186.58,82.85,116.0,49.0,0.9238235762314957,145.15,228.0,165,67.0,-31.0,0.41
07:33:34,147.0,59.0,224.0,23.0,141.0,28.0,225.69,26.0,185.5,77.0,87.0,49.0,0.7158561307975858,147.0,224.0,136,38.0,-29.0,0.28
07:33:35,147.0,98.0,220.73,51.0,142.71,49.0,221.46,52.0,183.86,73.72999999999999,147.0,103.0,1.1668633167598086,147.0,220.73,250,44.0,114.0,0.18
07:33:36,147.0,105.0,207.9,59.0,145.0,45.0,217.67,49.0,177.45,60.900000000000006,150.0,108.0,3.8187131340279974,147.0,207.9,258,42.0,8.0,0.16
07:33:37,147.0,119.0,172.96,47.0,145.0,51.0,197.09,57.0,159.98,25.960000000000008,170.0,104.0,11.033556996725618,147.0,172.96,274,66.0,16.0,0.24
07:33:38,147.0,98.0,169.05,44.0,145.0,42.0,169.15,26.0,158.02,22.05000000000001,140.0,70.0,13.113978038718349,147.0,169.05,210,70.0,-64.0,0.33
07:33:39,146.92,97.0,164.9,50.0,144.84,49.0,165.89,35.0,155.91,17.980000000000018,146.0,85.0,12.711818516639607,146.92,164.9,231,61.0,21.0,0.26
07:33:40,144.23,26.0,159.32,31.0,141.89,36.0,160.14,42.0,151.78,15.090000000000003,62.0,73.0,9.88367188852277,144.23,159.32,135,-11.0,-96.0,-0.08
07:33:41,141.83,35.0,155.07,45.0,140.12,64.0,156.2,30.0,148.45,13.23999999999998,99.0,75.0,4.687000106674838,141.83,155.07,174,24.0,39.0,0.14
07:33:42,143.38,16.0,151.54,13.0,141.65,37.0,152.74,19.0,147.46,8.159999999999997,53.0,32.0,4.58982897284503,143.38,151.54,85,21.0,-89.0,0.25
07:33:43,143.0,30.0,146.68,25.0,141.0,75.0,148.35,17.0,144.84,3.680000000000007,105.0,42.0,4.274619281288717,143.0,146.68,147,63.0,62.0,0.43
07:33:44,142.09,22.0,144.0,39.0,140.93,59.0,241.76,34.0,143.05,1.9099999999999966,81.0,73.0,3.3676148829643515,142.09,144.0,154,8.0,7.0,0.05
07:33:45,141.0,60.0,142.92,24.0,140.0,24.0,259.0,48.0,141.96,1.9199999999999875,84.0,72.0,2.779760781067546,141.0,142.92,156,12.0,2.0,0.08
07:33:46,141.0,32.0,188.54,35.0,140.0,26.0,297.89,63.0,164.77,47.53999999999999,58.0,98.0,9.375885558173383,141.0,188.54,156,-40.0,0.0,-0.26
07:33:47,144.6,30.0,212.5,24.0,140.43,14.0,421.83,30.0,178.55,67.9,44.0,54.0,16.32065654316546,144.6,212.5,98,-10.0,-58.0,-0.1
07:33:48,147.0,90.0,302.1,29.0,141.0,30.0,462.71,42.0,224.55,155.10000000000002,120.0,71.0,33.86385654351824,147.0,302.1,191,49.0,93.0,0.26
07:33:49,147.0,126.0,252.14,56.0,141.0,40.0,366.29,56.0,199.57,105.13999999999999,166.0,112.0,31.74552094390628,147.0,252.14000000000001,278,54.0,87.0,0.19
07:33:50,147.0,81.0,223.0,36.0,141.0,9.0,249.5,40.0,185.0,76.0,90.0,76.0,22.785697707114434,147.0,223.0,166,14.0,-112.0,0.08
07:33:51,147.0,57.0,223.0,36.0,141.0,9.0,405.04,25.0,185.0,76.0,66.0,61.0,18.463505355159498,147.0,223.0,127,5.0,-39.0,0.04
07:33:52,147.0,55.0,202.88,41.0,140.06,49.0,333.64,14.0,174.94,55.879999999999995,104.0,55.0,19.296594777317658,147.0,202.88,159,49.0,32.0,0.31
07:33:53,144.14,42.0,161.0,40.0,140.38,56.0,246.0,13.0,152.57,16.860000000000014,98.0,53.0,17.387410100414368,144.14,161.0,151,45.0,-8.0,0.3
07:33:54,141.0,32.0,160.3,40.0,140.0,50.0,363.07,29.0,150.65,19.30000000000001,82.0,69.0,16.970223039193794,141.0,160.3,151,13.0,0.0,0.09
07:33:55,140.83,12.0,158.67,48.0,139.68,38.0,265.6,50.0,149.75,17.839999999999975,50.0,98.0,16.298465265170783,140.83,158.67,148,-48.0,-3.0,-0.32
07:33:56,139.0,54.0,158.0,24.0,138.0,42.0,295.43,28.0,148.5,19.0,96.0,52.0,11.0887993038008,139.0,158.0,148,44.0,0.0,0.3
07:33:57,139.0,108.0,158.0,36.0,138.0,63.0,361.4,15.0,148.5,19.0,171.0,51.0,1.7021838913493013,139.0,158.0,222,120.0,74.0,0.54
07:33:58,139.0,120.0,156.27,22.0,138.0,70.0,159.1,40.0,147.64,17.27000000000001,190.0,62.0,1.186831917319516,139.0,156.27,252,128.0,30.0,0.51
07:33:59,139.0,96.0,153.8,20.0,137.03,36.0,155.29,28.0,146.4,14.800000000000011,132.0,48.0,1.237667160414169,139.0,153.8,180,84.0,-72.0,0.47
07:34:00,139.01,81.0,152.09,22.0,138.14,58.0,154.0,44.0,145.55,13.080000000000013,139.0,66.0,1.3101984582371593,139.01,152.09,205,73.0,25.0,0.36
07:34:01,141.95,61.0,151.0,24.0,138.68,28.0,152.33,24.0,146.48,9.050000000000011,89.0,48.0,1.1570998228185563,141.95,151.0,137,41.0,-68.0,0.3
07:34:02,143.0,63.0,149.43,14.0,141.0,7.0,151.0,28.0,146.21,6.430000000000007,70.0,42.0,0.7561282959699364,143.0,149.43,112,28.0,-25.0,0.25
07:34:03,143.0,90.0,147.33,24.0,141.0,10.0,149.0,36.0,145.17,4.3300000000000125,100.0,60.0,0.5741689646489506,143.0,147.33,160,40.0,48.0,0.25
07:34:04,143.0,48.0,144.57,14.0,141.0,7.0,147.0,28.0,143.79,1.5699999999999932,55.0,42.0,1.0585367258464176,143.0,144.57,97,13.0,-63.0,0.13
07:34:05,143.51,39.0,147.0,36.0,142.33,18.0,350.24,29.0,145.26,3.490000000000009,57.0,65.0,1.0589475907548997,143.51,147.0,122,-8.0,25.0,-0.07
07:34:07,146.0,39.0,306.62,39.0,144.5,16.0,369.68,40.0,226.31,160.62,55.0,79.0,90.65097583589497,146.0,306.62,134,-24.0,-80.0,-0.18
07:34:08,146.46,24.0,303.12,26.0,144.96,26.0,304.14,14.0,224.79,156.66,50.0,40.0,84.8789427361111,146.46,303.12,90,10.0,-44.0,0.11
07:34:09,139.09,64.0,298.25,20.0,138.41,49.0,300.0,28.0,218.67,159.16,113.0,48.0,74.38238312934077,139.09,298.25,161,65.0,71.0,0.4
07:34:10,138.34,44.0,296.9,30.0,134.9,30.0,298.0,40.0,217.62,158.55999999999997,74.0,70.0,58.242470758030585,138.34,296.9,144,4.0,-17.0,0.03
07:34:11,138.62,40.0,293.21,19.0,136.45,31.0,296.85,27.0,215.92,154.58999999999997,71.0,46.0,4.600235863521269,138.62,293.21,117,25.0,-27.0,0.21
07:34:12,139.93,70.0,234.57,14.0,138.88,40.0,251.86,14.0,187.25,94.63999999999999,110.0,28.0,14.696715619485227,139.93,234.57,138,82.0,21.0,0.59
07:34:13,140.29,63.0,154.29,7.0,139.0,35.0,182.43,7.0,147.29,14.0,98.0,14.0,30.896091176716983,140.29,154.29,112,84.0,-26.0,0.75
07:34:14,141.0,135.0,152.36,44.0,139.0,75.0,153.16,45.0,146.68,11.360000000000014,210.0,89.0,34.98095296014672,141.0,152.36,299,121.0,177.5,0.4
07:34:15,141.0,126.0,150.09,33.0,139.0,72.0,151.86,37.0,145.55,9.090000000000003,198.0,70.0,31.831158791347605,141.0,150.09,268,128.0,-31.0,0.48
07:34:16,141.0,100.0,146.14,22.0,139.0,60.0,147.17,18.0,143.57,5.139999999999986,160.0,40.0,18.60331475839654,141.0,146.14,200,120.0,-68.0,0.6
07:34:17,141.0,110.0,143.35,31.0,139.0,60.0,145.25,12.0,142.18,2.3499999999999943,170.0,43.0,2.1419453774471107,141.0,143.35,213,127.0,13.0,0.6
07:34:18,141.0,79.0,142.0,32.0,139.0,48.0,143.5,18.0,141.5,1.0,127.0,50.0,2.195342797825908,141.0,142.0,177,77.0,-36.0,0.44
07:34:19,140.87,92.0,148.08,53.0,138.94,83.0,254.67,15.0,144.47,7.210000000000008,175.0,68.0,1.6492513452975308,140.87,148.08,243,107.0,66.0,0.44
07:34:20,139.0,60.0,410.75,12.0,131.38,48.0,541.7,20.0,274.88,271.75,108.0,32.0,59.021247445305555,139.0,410.75,140,76.0,-103.0,0.54
07:34:23,114.66,77.0,221.18,11.0,40.64,56.0,368.71,14.0,167.92,106.52000000000001,133.0,25.0,91.36159548738215,114.66,221.18,158,108.0,108.0,0.68
07:34:24,143.0,102.0,255.0,12.0,139.0,54.0,449.71,14.0,199.0,112.0,156.0,26.0,80.22701240854015,143.0,255.0,182,130.0,24.0,0.71
07:34:25,143.02,87.0,411.27,11.0,141.48,69.0,543.7,10.0,277.15,268.25,156.0,21.0,80.42854300557765,143.02,411.2699999999999,177,135.0,-5.0,0.76
07:34:28,144.0,9.0,322.78,18.0,143.0,91.0,402.85,13.0,233.39,178.77999999999997,100.0,31.0,42.146953982465526,144.0,322.78,131,69.0,40.0,0.53
07:34:29,145.0,8.0,330.0,25.0,143.0,92.0,472.88,16.0,237.5,185.0,100.0,41.0,30.10232931186679,145.0,330.0,141,59.0,10.0,0.42
07:34:31,143.0,65.0,356.76,29.0,140.0,70.0,458.0,19.0,249.88,213.76,135.0,48.0,28.353775233645127,143.0,356.76,183,87.0,55.0,0.48
07:34:32,143.0,72.0,152.36,22.0,140.0,63.0,216.37,19.0,147.68,9.360000000000014,135.0,41.0,52.50480425637294,143.0,152.36,176,94.0,-7.0,0.53
07:34:33,141.09,88.0,143.0,39.0,139.17,203.0,143.78,32.0,142.05,1.9099999999999966,291.0,71.0,66.0555351957731,141.09,143.0,362,220.0,177.5,0.61
07:34:34,140.0,31.0,141.0,21.0,139.0,147.0,209.33,15.0,140.5,1.0,178.0,36.0,71.37182728500089,140.0,141.0,214,142.0,-148.0,0.66
07:34:35,140.0,12.0,141.0,9.0,139.0,63.0,243.0,6.0,140.5,1.0,75.0,15.0,48.031096385570535,140.0,141.0,90,60.0,-124.0,0.67
07:34:36,140.0,11.0,293.24,17.0,139.0,173.0,399.86,14.0,216.62,153.24,184.0,31.0,33.197533040874596,140.0,293.24,215,153.0,125.0,0.71
07:34:37,140.0,6.0,398.0,12.0,139.0,132.0,514.25,8.0,269.0,258.0,138.0,20.0,58.75307038785283,140.0,398.0,158,118.0,-57.0,0.75
07:34:38,139.18,73.0,398.0,14.0,116.69,55.0,416.71,14.0,268.59,258.82,128.0,28.0,64.37073030500756,139.18,398.0,156,100.0,-2.0,0.64
07:34:39,139.0,198.0,398.0,18.0,95.95,58.0,413.89,18.0,268.5,259.0,256.0,36.0,56.229022043781356,139.0,398.0,292,220.0,136.0,0.75
07:34:40,139.0,205.0,243.73,22.0,98.94,34.0,579.82,11.0,191.36,104.72999999999999,239.0,33.0,36.5496891915658,139.0,243.73,272,206.0,-20.0,0.76
07:34:41,139.0,132.0,325.25,16.0,122.62,24.0,542.33,12.0,232.12,186.25,156.0,28.0,34.364607956443585,139.0,325.25,184,128.0,-88.0,0.7
07:34:44,139.0,42.0,285.36,14.0,138.0,21.0,360.42,19.0,212.18,146.36,63.0,33.0,65.98692953911464,139.0,285.36,96,30.0,-130.0,0.31
07:34:45,139.0,67.0,244.91,22.0,138.0,33.0,247.0,55.0,191.95,105.91,100.0,77.0,65.83696780684907,139.0,244.90999999999997,177,23.0,81.0,0.13
07:34:46,139.0,63.0,242.17,36.0,138.0,36.0,245.21,48.0,190.58,103.16999999999999,99.0,84.0,72.3341362705056,139.0,242.16999999999996,183,15.0,6.0,0.08
07:34:47,139.0,62.0,238.91,44.0,138.0,36.0,239.11,37.0,188.95,99.91,98.0,81.0,55.55535680742261,139.0,238.90999999999997,179,17.0,-4.0,0.09
07:34:48,139.0,78.0,236.39,41.0,119.7,40.0,237.76,42.0,187.7,97.38999999999999,118.0,83.0,10.139451168579516,139.0,236.39,201,35.0,22.0,0.17
07:34:49,139.2,40.0,235.68,44.0,138.07,59.0,236.26,47.0,187.44,96.48000000000002,99.0,91.0,1.923546204280707,139.2,235.68,190,8.0,-11.0,0.04
07:34:50,140.08,26.0,233.5,20.0,139.18,22.0,234.71,14.0,186.79,93.41999999999999,48.0,34.0,1.5000233331523687,140.08,233.5,82,14.0,-108.0,0.17
07:34:51,141.08,25.0,229.68,41.0,140.04,50.0,231.09,47.0,185.38,88.6,75.0,88.0,1.307390530790381,141.08,229.68000000000004,163,-13.0,81.0,-0.08
07:34:52,143.89,18.0,226.69,26.0,142.33,12.0,227.54,26.0,185.29,82.80000000000001,30.0,52.0,1.1318347935982345,143.89,226.69,82,-22.0,-81.0,-0.27
07:34:53,144.27,30.0,212.64,42.0,143.0,15.0,213.51,45.0,178.45,68.36999999999998,45.0,87.0,3.596672072902613,144.27,212.64,132,-42.0,50.0,-0.32
07:34:54,145.0,24.0,205.54,41.0,143.0,12.0,206.06,32.0,175.27,60.53999999999999,36.0,73.0,5.069751473198156,145.0,205.54,109,-37.0,-23.0,-0.34
07:34:55,145.0,30.0,198.48,54.0,143.0,15.0,200.33,36.0,171.74,53.47999999999999,45.0,90.0,6.060860499961338,145.0,198.48,135,-45.0,26.0,-0.33
07:34:56,145.0,13.0,191.0,25.0,143.0,11.0,194.26,19.0,168.0,46.0,24.0,44.0,6.6082259343932765,145.0,191.0,68,-20.0,-67.0,-0.29
07:34:57,145.5,24.0,187.61,61.0,143.29,14.0,188.66,41.0,166.55,42.110000000000014,38.0,102.0,4.951400811889897,145.5,187.61,140,-64.0,72.0,-0.46
07:34:58,146.0,60.0,182.31,35.0,145.0,10.0,183.96,23.0,164.16,36.31,70.0,58.0,4.391609044528097,146.0,182.31,128,12.0,-12.0,0.09
07:34:59,146.0,48.0,179.95,37.0,145.0,8.0,181.47,19.0,162.97,33.94999999999999,56.0,56.0,3.4451893997251215,146.0,179.95,112,0.0,-16.0,0.0
07:35:00,146.29,102.0,178.36,44.0,145.6,30.0,179.74,54.0,162.33,32.07000000000002,132.0,98.0,2.406339543783514,146.29,178.36,230,34.0,118.0,0.15
07:35:01,147.0,114.0,176.68,62.0,146.0,114.0,177.36,50.0,161.84,29.680000000000007,228.0,112.0,1.8787628908339948,147.0,176.68,340,116.0,110.0,0.34
07:35:02,147.0,54.0,171.0,37.0,146.0,54.0,171.79,33.0,159.0,24.0,108.0,70.0,1.9185280816222685,147.0,171.0,178,38.0,-162.0,0.21
07:35:03,147.0,72.0,166.35,43.0,145.69,35.0,167.53,60.0,156.67,19.349999999999994,107.0,103.0,2.6525968408281586,147.0,166.35,210,4.0,32.0,0.02
07:35:04,147.0,31.0,160.84,67.0,146.0,54.0,161.73,60.0,153.92,13.840000000000003,85.0,127.0,3.538441747431972,147.0,160.84,212,-42.0,2.0,-0.2
07:35:05,146.53,17.0,154.61,46.0,145.79,47.0,155.7,40.0,150.57,8.080000000000013,64.0,86.0,4.375094284694512,146.53,154.61,150,-22.0,-62.0,-0.15
07:35:06,142.33,12.0,147.09,33.0,140.33,24.0,148.85,26.0,144.71,4.759999999999991,36.0,59.0,5.588848718650594,142.33,147.09,95,-23.0,-55.0,-0.24
07:35:07,142.16,56.0,144.58,67.0,139.44,54.0,145.36,55.0,143.37,2.420000000000016,110.0,122.0,5.744686240340588,142.16,144.58,232,-12.0,137.0,-0.05
07:35:08,139.12,96.0,141.05,43.0,138.35,92.0,143.0,44.0,140.09,1.9300000000000068,188.0,87.0,5.605918301220096,139.12,141.05,275,101.0,43.0,0.37
07:35:09,139.0,60.0,141.06,18.0,138.0,60.0,329.67,42.0,140.03,2.0600000000000023,120.0,60.0,4.324705770332937,139.0,141.06,180,60.0,-95.0,0.33
07:35:10,139.0,18.0,141.0,9.0,107.63,35.0,441.56,36.0,140.0,2.0,53.0,45.0,2.241762699294558,139.0,141.0,98,8.0,-82.0,0.08
07:35:11,139.0,20.0,140.3,10.0,136.0,12.0,545.2,25.0,139.65,1.3000000000000114,32.0,35.0,1.5424396260298636,139.0,140.3,67,-3.0,-31.0,-0.04
07:35:12,139.0,14.0,338.73,30.0,138.0,11.0,478.58,31.0,238.87,199.73000000000002,25.0,61.0,44.242057140236724,139.0,338.7300000000001,86,-36.0,19.0,-0.42
07:35:13,134.68,59.0,298.33,39.0,93.71,24.0,371.36,39.0,216.51,163.64999999999998,83.0,78.0,48.73391960431657,134.68,298.33,161,5.0,75.0,0.03
07:35:14,140.65,62.0,193.14,56.0,139.0,51.0,202.57,23.0,166.89,52.48999999999998,113.0,79.0,45.27116720386164,140.65,193.14000000000001,192,34.0,31.0,0.18
07:35:15,142.54,52.0,171.54,52.0,139.0,52.0,209.0,13.0,157.04,29.0,104.0,65.0,41.9937997804438,142.54,171.54,169,39.0,-23.0,0.23
07:35:16,143.0,28.0,168.43,28.0,139.0,28.0,181.16,25.0,155.71,25.430000000000007,56.0,53.0,38.21784504652252,143.0,168.43,109,3.0,-60.0,0.03
07:35:17,143.0,44.0,165.1,41.0,139.0,44.0,166.68,37.0,154.05,22.099999999999994,88.0,78.0,26.454736815927404,143.0,165.1,166,10.0,57.0,0.06
07:35:18,143.37,38.0,159.59,49.0,139.03,39.0,163.95,38.0,151.48,16.22,77.0,87.0,5.8873788734859875,143.37,159.59,164,-10.0,-2.0,-0.06
07:35:19,140.0,24.0,161.58,48.0,139.0,24.0,165.0,36.0,150.79,21.580000000000013,48.0,84.0,2.676271660344911,140.0,161.58,132,-36.0,-32.0,-0.27
07:35:20,140.0,26.0,160.02,51.0,139.0,26.0,163.6,40.0,150.01,20.02000000000001,52.0,91.0,2.3889788613471694,140.0,160.02,143,-39.0,11.0,-0.27
07:35:21,140.0,24.0,157.83,48.0,139.0,24.0,159.0,36.0,148.92,17.830000000000013,48.0,84.0,1.9281467786353659,140.0,157.83,132,-36.0,-11.0,-0.27
07:35:22,147.0,10.0,157.0,40.0,140.82,11.0,159.0,30.0,152.0,10.0,21.0,70.0,1.2178875153155195,147.0,157.0,91,-49.0,-41.0,-0.54
07:35:23,147.0,11.0,155.36,55.0,141.0,11.0,157.0,44.0,151.18,8.360000000000014,22.0,99.0,1.172710535452523,147.0,155.36,121,-77.0,30.0,-0.64
07:35:24,139.6,40.0,153.27,75.0,138.07,135.0,155.01,68.0,146.43,13.670000000000016,175.0,143.0,2.172411102890118,139.6,153.27,318,32.0,177.5,0.1
07:35:25,138.58,33.0,150.14,36.0,137.87,95.0,151.41,44.0,144.36,11.559999999999974,128.0,80.0,3.2016745618439844,138.58,150.14,208,48.0,-110.0,0.23
07:35:26,143.0,16.0,145.97,58.0,138.0,159.0,147.26,68.0,144.48,2.969999999999999,175.0,126.0,3.6652694307455524,143.0,145.97,301,49.0,93.0,0.16
07:35:27,138.2,85.0,145.51,41.0,126.6,53.0,179.7,40.0,141.86,7.310000000000002,138.0,81.0,3.485171444843902,138.2,145.51,219,57.0,-82.0,0.26
07:35:28,139.0,56.0,143.3,50.0,138.0,108.0,164.05,38.0,141.15,4.300000000000011,164.0,88.0,2.143322187622035,139.0,143.3,252,76.0,33.0,0.3
07:35:29,139.0,36.0,142.15,46.0,138.0,135.0,145.75,57.0,140.58,3.1500000000000057,171.0,103.0,1.823288238307783,139.0,142.15,274,68.0,22.0,0.25
07:35:30,138.19,31.0,141.02,49.0,123.42,69.0,142.29,42.0,139.61,2.8300000000000125,100.0,91.0,1.840144016089602,138.19,141.02,191,9.0,-83.0,0.05
07:35:31,138.37,19.0,140.0,33.0,120.49,37.0,142.0,33.0,139.18,1.6299999999999955,56.0,66.0,1.096599288687162,138.37,140.0,122,-10.0,-69.0,-0.08
07:35:32,138.0,24.0,139.75,24.0,92.89,38.0,141.38,32.0,138.88,1.75,62.0,56.0,0.9573139505661138,138.0,139.75,118,6.0,-4.0,0.05
07:35:35,110.96,52.0,135.62,13.0,105.0,50.0,168.59,39.0,123.29,24.66000000000001,102.0,52.0,12.667372655761424,110.96000000000001,135.62,154,50.0,-9.0,0.32
07:35:36,128.17,46.0,134.5,10.0,125.47,57.0,136.0,40.0,131.34,6.3300000000000125,103.0,50.0,10.971261094328689,128.17,134.5,153,53.0,-1.0,0.35
07:35:37,131.0,30.0,134.0,10.0,130.0,40.0,136.0,40.0,132.5,3.0,70.0,50.0,9.046179856709069,131.0,134.0,120,20.0,-33.0,0.17
07:35:38,132.27,11.0,136.0,40.0,127.93,41.0,361.29,42.0,134.14,3.7299999999999898,52.0,82.0,8.25763707121678,132.27,136.0,134,-30.0,14.0,-0.22
07:35:39,125.44,18.0,135.1,20.0,43.93,15.0,304.62,16.0,130.27,9.659999999999997,33.0,36.0,4.177555505308974,125.44,135.1,69,-3.0,-65.0,-0.04
07:35:40,129.0,24.0,132.94,16.0,87.5,6.0,135.31,13.0,130.97,3.9399999999999977,30.0,29.0,1.5163541802425664,129.0,132.94,59,1.0,-10.0,0.02
07:35:41,129.91,88.0,132.65,26.0,127.06,34.0,134.83,23.0,131.28,2.740000000000009,122.0,49.0,1.5215682698910002,129.91,132.65,171,73.0,112.0,0.43
07:35:42,130.0,70.0,131.0,11.0,95.47,34.0,133.0,21.0,130.5,1.0,104.0,32.0,1.5643433126838333,130.0,131.0,136,72.0,-35.0,0.53
07:35:43,130.57,70.0,133.35,17.0,91.0,35.0,136.44,18.0,131.96,2.780000000000001,105.0,35.0,0.6677799038142312,130.57,133.35,140,70.0,4.0,0.5
07:35:44,132.0,110.0,136.17,12.0,91.0,55.0,148.93,43.0,134.08,4.1699999999999875,165.0,55.0,1.4021840107271992,132.0,136.17,220,110.0,80.0,0.5
07:35:45,132.76,41.0,135.8,10.0,91.0,25.0,137.0,10.0,134.28,3.0400000000000205,66.0,20.0,1.6891417939118516,132.76,135.8,86,46.0,-134.0,0.53
07:35:46,133.0,28.0,135.6,10.0,91.0,20.0,185.29,14.0,134.3,2.5999999999999943,48.0,24.0,1.719267285776249,133.0,135.6,72,24.0,-14.0,0.33
07:35:48,102.04,56.0,207.96,26.0,79.28,50.0,248.82,33.0,155.0,105.92,106.0,59.0,14.162657942630055,102.04,207.96,165,47.0,-44.0,0.28
07:35:49,111.89,54.0,281.78,18.0,109.2,80.0,401.81,31.0,196.83,169.89,134.0,49.0,31.211582465487986,111.89,281.78,183,85.0,18.0,0.46
07:35:50,135.94,50.0,215.69,26.0,115.08,63.0,281.73,22.0,175.82,79.75,113.0,48.0,32.458370569083826,135.94,215.69,161,65.0,-22.0,0.4
07:35:51,142.66,134.0,227.71,28.0,141.02,59.0,234.72,29.0,185.19,85.05000000000001,193.0,57.0,32.17254652650267,142.66,227.71,250,136.0,89.0,0.54
07:35:52,143.81,84.0,224.14,21.0,141.2,50.0,225.4,15.0,183.98,80.32999999999998,134.0,36.0,15.544093090302672,143.81,224.14,170,98.0,-80.0,0.58
07:35:53,145.0,64.0,223.75,16.0,140.0,24.0,225.0,8.0,184.38,78.75,88.0,24.0,7.506567124858223,145.0,223.75,112,64.0,-58.0,0.57
07:35:54,145.0,56.0,222.33,27.0,140.0,30.0,223.35,17.0,183.67,77.33000000000001,86.0,44.0,3.837117407638061,145.0,222.33000000000004,130,42.0,18.0,0.32
07:35:55,145.0,40.0,220.17,12.0,140.5,12.0,221.81,27.0,182.58,75.16999999999999,52.0,39.0,0.958931697255133,145.0,220.17,91,13.0,-39.0,0.14
07:35:56,145.0,50.0,217.42,24.0,141.0,10.0,218.13,30.0,181.21,72.41999999999999,60.0,54.0,1.2805975167864658,145.0,217.42,114,6.0,23.0,0.05
07:35:57,145.0,37.0,213.67,12.0,141.0,9.0,215.88,17.0,179.33,68.66999999999999,46.0,29.0,2.0167374643216576,145.0,213.67,75,17.0,-39.0,0.23
07:35:58,145.0,21.0,211.12,8.0,141.0,7.0,212.25,16.0,178.06,66.12,28.0,24.0,2.296595306099246,145.0,211.12,52,4.0,-23.0,0.08
07:35:59,145.0,21.0,197.07,14.0,141.0,7.0,210.1,10.0,171.04,52.06999999999999,28.0,24.0,4.486338150428961,145.0,197.07,52,4.0,0.0,0.08
07:36:00,145.0,30.0,204.69,32.0,141.0,10.0,206.73,15.0,174.84,59.69,40.0,47.0,4.01278332332966,145.0,204.69,87,-7.0,35.0,-0.08
07:36:01,145.0,34.0,200.68,38.0,141.0,14.0,204.12,43.0,172.84,55.68000000000001,48.0,81.0,3.4727107567418805,145.0,200.68,129,-33.0,42.0,-0.26
07:36:02,142.5,20.0,199.74,27.0,139.29,35.0,201.89,27.0,171.12,57.24000000000001,55.0,54.0,2.945708743238009,142.5,199.74,109,1.0,-20.0,0.01
07:36:03,140.0,24.0,180.83,36.0,139.0,78.0,187.38,48.0,160.42,40.83000000000001,102.0,84.0,5.6033489985886815,140.0,180.83,186,18.0,77.0,0.1
07:36:04,140.0,10.0,167.46,46.0,139.0,60.0,169.05,20.0,153.73,27.460000000000008,70.0,66.0,9.097999780170417,140.0,167.46,136,4.0,-50.0,0.03
07:36:05,140.3,10.0,166.21,14.0,139.07,45.0,167.02,46.0,153.26,25.909999999999997,55.0,60.0,9.321769145391668,140.3,166.21,115,-5.0,-21.0,-0.04
07:36:06,139.26,23.0,165.0,8.0,138.14,43.0,167.0,40.0,152.13,25.74000000000001,66.0,48.0,7.953946819030875,139.26,165.0,114,18.0,-1.0,0.16
07:36:07,139.0,48.0,161.41,46.0,138.0,96.0,162.86,49.0,150.21,22.409999999999997,144.0,95.0,3.862816330084378,139.0,161.41,239,49.0,125.0,0.21
07:36:08,139.0,48.0,154.32,47.0,132.25,73.0,156.7,54.0,146.66,15.319999999999993,121.0,101.0,2.876676902254295,139.0,154.32,222,20.0,-17.0,0.09
07:36:09,139.0,56.0,150.85,34.0,138.0,48.0,151.82,51.0,144.93,11.849999999999994,104.0,85.0,3.5528115626868355,139.0,150.85,189,19.0,-33.0,0.1
07:36:10,139.0,60.0,148.8,25.0,138.0,40.0,149.2,25.0,143.9,9.800000000000011,100.0,50.0,3.501061267667151,139.0,148.8,150,50.0,-39.0,0.33
07:36:11,139.0,54.0,147.35,34.0,138.0,36.0,148.72,39.0,143.18,8.349999999999994,90.0,73.0,2.8025042372772817,139.0,147.35,163,17.0,13.0,0.1
07:36:12,139.0,51.0,144.9,40.0,138.0,40.0,146.0,10.0,141.95,5.900000000000006,91.0,50.0,1.7852534833897664,139.0,144.9,141,41.0,-22.0,0.29
07:36:13,138.36,56.0,140.09,34.0,104.09,46.0,143.95,44.0,139.22,1.7299999999999898,102.0,78.0,2.196344690606124,138.36,140.09,180,24.0,39.0,0.13
07:36:14,138.0,30.0,144.0,36.0,75.0,30.0,146.38,45.0,141.0,6.0,60.0,81.0,1.8453184006975203,138.0,144.0,141,-21.0,-39.0,-0.15
07:36:15,138.55,29.0,144.0,44.0,127.18,33.0,145.0,55.0,141.28,5.449999999999989,62.0,99.0,1.446575265913352,138.55,144.0,161,-37.0,20.0,-0.23
07:36:16,138.0,30.0,142.58,24.0,122.1,29.0,189.24,34.0,140.29,4.5800000000000125,59.0,58.0,1.0411387995611556,138.0,142.58,117,1.0,-44.0,0.01
07:36:17,138.0,18.0,139.0,24.0,111.62,29.0,208.59,39.0,138.5,1.0,47.0,63.0,1.179415109260051,138.0,139.0,110,-16.0,-7.0,-0.15
07:36:19,139.63,54.0,256.19,48.0,117.47,19.0,398.25,60.0,197.91,116.56,73.0,108.0,29.463362503284635,139.63,256.19,181,-35.0,85.0,-0.19
07:36:20,143.69,72.0,211.5,50.0,141.97,76.0,292.11,54.0,177.6,67.81,148.0,104.0,31.897297220924013,143.69,211.5,252,44.0,71.0,0.17
07:36:21,143.3,46.0,194.81,47.0,142.29,68.0,473.32,41.0,169.06,51.50999999999999,114.0,88.0,31.201976219463617,143.3,194.81,202,26.0,-50.0,0.13
07:36:22,144.91,22.0,285.55,33.0,143.0,88.0,416.73,37.0,215.23,140.64000000000001,110.0,70.0,36.09873501938801,144.91,285.55,180,40.0,-22.0,0.22
07:36:24,141.59,34.0,412.33,36.0,138.43,42.0,461.31,26.0,276.96,270.74,76.0,62.0,75.45718574131995,141.59,412.33,138,14.0,-75.0,0.1
07:36:25,140.33,36.0,313.8,15.0,138.29,42.0,352.96,25.0,227.07,173.47,78.0,40.0,68.55282160494978,140.33,313.8,118,38.0,-20.0,0.32
07:36:26,143.0,48.0,176.96,23.0,139.0,48.0,238.86,14.0,159.98,33.96000000000001,96.0,37.0,71.21801338144773,143.0,176.96,133,59.0,15.0,0.44
07:36:27,143.0,42.0,175.67,36.0,140.45,22.0,227.38,13.0,159.33,32.66999999999999,64.0,49.0,80.91722764652812,143.0,175.67,113,15.0,-20.0,0.13
07:36:28,140.33,36.0,174.75,32.0,138.5,48.0,407.0,16.0,157.54,34.41999999999999,84.0,48.0,53.94676199736195,140.33,174.75,132,36.0,19.0,0.27
07:36:29,139.0,51.0,173.14,56.0,138.0,84.0,469.89,36.0,156.07,34.139999999999986,135.0,92.0,30.82438434097249,139.0,173.14000000000001,227,43.0,95.0,0.19
07:36:30,139.0,24.0,171.62,32.0,138.0,48.0,430.18,11.0,155.31,32.620000000000005,72.0,43.0,2.0146538164097536,139.0,171.62,115,29.0,-112.0,0.25
07:36:31,139.85,13.0,388.77,26.0,138.57,28.0,649.53,30.0,264.31,248.92,41.0,56.0,47.98709951643251,139.85,388.77000000000004,97,-15.0,-18.0,-0.15
07:36:32,145.86,21.0,329.84,31.0,139.18,33.0,532.92,25.0,237.85,183.97999999999996,54.0,56.0,52.751819684253675,145.86,329.84,110,-2.0,13.0,-0.02
07:36:33,147.0,27.0,157.33,30.0,141.0,36.0,296.57,21.0,152.17,10.330000000000013,63.0,51.0,53.73078186663593,147.0,157.33,114,12.0,4.0,0.11
07:36:34,147.0,30.0,152.8,40.0,141.0,40.0,154.0,10.0,149.9,5.800000000000011,70.0,50.0,54.85415043549586,147.0,152.8,120,20.0,6.0,0.17
07:36:35,147.0,27.0,152.0,36.0,141.0,36.0,279.0,12.0,149.5,5.0,63.0,48.0,55.87527386957499,147.0,152.0,111,15.0,-9.0,0.14
07:36:36,141.58,31.0,152.0,36.0,139.42,19.0,241.32,25.0,146.79,10.419999999999987,50.0,61.0,39.51728318090685,141.58,152.0,111,-11.0,0.0,-0.1
07:36:37,139.4,47.0,150.35,46.0,128.55,85.0,158.36,55.0,144.88,10.949999999999989,132.0,101.0,2.8437598351414444,139.4,150.35,233,31.0,122.0,0.13
07:36:38,138.58,31.0,146.88,32.0,130.65,49.0,148.05,41.0,142.73,8.299999999999983,80.0,73.0,3.0472692693560446,138.58,146.88,153,7.0,-80.0,0.05
07:36:39,141.0,160.0,143.96,25.0,138.0,32.0,145.11,27.0,142.48,2.960000000000008,192.0,52.0,2.940702297064445,141.0,143.96,244,140.0,91.0,0.57
07:36:40,141.06,176.0,143.25,48.0,139.83,92.0,321.86,56.0,142.15,2.1899999999999977,268.0,104.0,1.982178094914402,141.06,143.25,372,164.0,128.0,0.44
07:36:41,140.21,117.0,434.35,34.0,139.87,106.0,560.49,37.0,287.28,294.14,223.0,71.0,64.50603173347426,140.21,434.35,294,152.0,-78.0,0.52
07:36:42,140.37,73.0,338.72,29.0,139.95,161.0,356.39,41.0,239.55,198.35000000000002,234.0,70.0,68.36906369111698,140.37,338.72,304,164.0,10.0,0.54
07:36:43,140.0,112.0,330.08,13.0,139.0,14.0,332.86,21.0,235.04,190.07999999999998,126.0,34.0,64.48357426507955,140.0,330.08,160,92.0,-144.0,0.57
07:36:44,140.0,160.0,330.5,30.0,139.0,20.0,398.46,28.0,235.25,190.5,180.0,58.0,52.72513850147812,140.0,330.5,238,122.0,78.0,0.51
07:36:45,140.0,160.0,329.2,30.0,139.0,20.0,381.0,40.0,234.6,189.2,180.0,70.0,22.97114124287409,140.0,329.2,250,110.0,12.0,0.44
07:36:46,140.01,161.0,281.9,29.0,139.44,36.0,347.56,36.0,210.95,141.89,197.0,65.0,11.428240021983067,140.01,281.9,262,132.0,12.0,0.5
07:36:47,141.14,7.0,157.0,21.0,140.0,112.0,158.0,21.0,149.07,15.860000000000014,119.0,42.0,37.210985877829636,141.14,157.0,161,77.0,-101.0,0.48
07:36:48,142.5,10.0,155.9,30.0,140.0,160.0,157.1,30.0,149.2,13.400000000000006,170.0,60.0,43.72218235632821,142.5,155.9,230,110.0,69.0,0.48
07:36:49,140.74,94.0,153.08,36.0,139.86,58.0,156.0,36.0,146.91,12.340000000000003,152.0,72.0,41.59966622462252,140.74,153.08,224,80.0,-6.0,0.36
07:36:50,141.0,69.0,151.83,36.0,140.0,60.0,153.5,36.0,146.42,10.830000000000013,129.0,72.0,28.22441939172499,141.0,151.83,201,57.0,-23.0,0.28
07:36:51,141.0,16.0,148.78,27.0,140.0,45.0,150.11,27.0,144.89,7.780000000000001,61.0,54.0,1.83558437560594,141.0,148.78,115,7.0,-86.0,0.06
07:36:52,140.04,52.0,145.88,43.0,139.2,50.0,147.83,36.0,142.96,5.840000000000003,102.0,79.0,2.3285897019370814,140.04,145.88,181,23.0,66.0,0.13
07:36:53,140.59,61.0,143.83,48.0,139.35,43.0,147.0,36.0,142.21,3.240000000000009,104.0,84.0,2.0678418701549783,140.59,143.83,188,20.0,7.0,0.11
07:36:54,139.94,47.0,142.17,48.0,138.54,65.0,236.67,36.0,141.05,2.2299999999999898,112.0,84.0,2.145723654146742,139.94,142.17,196,28.0,8.0,0.14
07:36:55,139.0,52.0,140.62,42.0,138.0,54.0,209.81,27.0,139.81,1.6200000000000045,106.0,69.0,1.9265980379839467,139.0,140.62,175,37.0,-21.0,0.21
07:36:56,138.09,70.0,140.43,28.0,130.94,17.0,267.5,26.0,139.26,2.3400000000000034,87.0,54.0,1.5600544862159709,138.09,140.43,141,33.0,-34.0,0.23
07:36:57,138.0,46.0,139.0,14.0,95.0,7.0,140.0,14.0,138.5,1.0,53.0,28.0,1.4733058066680278,138.0,139.0,81,25.0,-60.0,0.31
07:36:58,138.0,32.0,139.0,14.0,103.83,12.0,306.67,9.0,138.5,1.0,44.0,23.0,1.0638749926382376,138.0,139.0,67,21.0,-14.0,0.31
07:36:59,139.95,37.0,337.0,35.0,134.0,36.0,492.17,18.0,238.47,197.05,73.0,53.0,44.4799457059019,139.95,337.0,126,20.0,59.0,0.16
07:37:00,144.33,9.0,324.68,25.0,143.0,27.0,550.67,27.0,234.51,180.35,36.0,52.0,53.551781202869435,144.33,324.68,88,-16.0,-38.0,-0.18
07:37:01,146.94,108.0,421.77,26.0,143.88,16.0,549.13,15.0,284.36,274.83,124.0,41.0,65.41433994163688,146.94,421.77000000000004,165,83.0,77.0,0.5
07:37:03,147.0,91.0,255.21,42.0,145.57,14.0,531.8,40.0,201.11,108.21000000000001,105.0,82.0,53.41914965628042,147.0,255.20999999999998,187,23.0,73.0,0.12
07:37:04,145.88,52.0,279.84,32.0,141.14,42.0,465.18,34.0,212.86,133.95999999999998,94.0,66.0,57.04332625294635,145.88,279.84,160,28.0,-27.0,0.17
07:37:05,147.0,48.0,325.5,12.0,141.5,16.0,534.0,18.0,236.25,178.5,64.0,30.0,56.89701336625744,147.0,325.5,94,34.0,-66.0,0.36
07:37:06,147.0,64.0,237.38,32.0,140.0,32.0,400.9,20.0,192.19,90.38,96.0,52.0,59.751051622545155,147.0,237.38,148,44.0,54.0,0.3
07:37:07,147.0,92.0,227.93,46.0,142.6,120.0,235.77,48.0,187.47,80.93,212.0,94.0,19.49428326458862,147.0,227.93,306,118.0,158.0,0.39
07:37:08,147.0,84.0,202.14,57.0,143.23,155.0,202.91,55.0,174.57,55.139999999999986,239.0,112.0,24.196553886866074,147.0,202.14,351,127.0,45.0,0.36
07:37:09,146.9,30.0,197.0,24.0,144.23,66.0,198.0,60.0,171.95,50.099999999999994,96.0,84.0,25.900028571412893,146.9,197.0,180,12.0,-171.0,0.07
07:37:10,146.0,13.0,160.12,52.0,143.77,169.0,169.76,42.0,153.06,14.120000000000005,182.0,94.0,15.31545363350315,146.0,160.12,276,88.0,96.0,0.32
07:37:11,146.0,8.0,152.41,37.0,145.0,104.0,158.27,30.0,149.2,6.409999999999997,112.0,67.0,15.903454027348115,146.0,152.41,179,45.0,-97.0,0.25
07:37:12,146.0,11.0,149.28,46.0,145.0,143.0,149.79,34.0,147.64,3.280000000000001,154.0,80.0,12.943119021316537,146.0,149.28,234,74.0,55.0,0.32
07:37:13,145.08,66.0,146.33,36.0,143.83,156.0,157.27,45.0,145.7,1.25,222.0,81.0,10.656749035233931,145.08,146.33,303,141.0,69.0,0.47
07:37:14,143.19,129.0,303.92,39.0,141.56,75.0,380.18,22.0,223.55,160.73000000000002,204.0,61.0,33.49373523511482,143.19,303.92,265,143.0,-38.0,0.54
07:37:17,143.0,72.0,293.17,18.0,141.0,66.0,659.62,8.0,218.08,150.17000000000002,138.0,26.0,80.43264368401721,143.0,293.17,164,112.0,30.0,0.68
07:37:19,143.0,117.0,208.2,20.0,141.0,46.0,440.12,24.0,175.6,65.19999999999999,163.0,44.0,70.41334319573315,143.0,208.2,207,119.0,-55.0,0.57
07:37:20,143.0,77.0,205.88,16.0,141.0,7.0,623.67,24.0,174.44,62.879999999999995,84.0,40.0,68.65854950404984,143.0,205.88,124,44.0,-83.0,0.35
07:37:21,143.0,115.0,207.0,18.0,141.0,15.0,639.32,25.0,175.0,64.0,130.0,43.0,52.35196729827858,143.0,207.0,173,87.0,49.0,0.5
07:37:22,143.03,93.0,206.44,18.0,142.58,57.0,279.43,28.0,174.74,63.41,150.0,46.0,53.76347756609518,143.03,206.44,196,104.0,23.0,0.53
07:37:23,145.0,10.0,169.76,34.0,143.0,150.0,229.48,23.0,157.38,24.75999999999999,160.0,57.0,7.866900279016316,145.0,169.76,217,103.0,21.0,0.47
07:37:24,143.04,138.0,205.36,22.0,142.43,63.0,286.48,40.0,174.2,62.32000000000002,201.0,62.0,7.704707651818248,143.04,205.36,263,139.0,46.0,0.53
07:37:25,144.6,50.0,195.1,20.0,142.95,154.0,202.33,18.0,169.85,50.5,204.0,38.0,7.485330988004845,144.6,195.1,242,166.0,-21.0,0.69
07:37:26,147.0,11.0,198.89,18.0,143.0,165.0,200.38,21.0,172.94,51.889999999999986,176.0,39.0,7.2090165764815035,147.0,198.89,215,137.0,-27.0,0.64
07:37:27,147.0,11.0,192.86,22.0,143.0,165.0,194.33,24.0,169.93,45.860000000000014,176.0,46.0,6.69099021072247,147.0,192.86,222,130.0,7.0,0.59
07:37:28,143.06,145.0,189.09,33.0,140.87,30.0,190.62,24.0,166.07,46.03,175.0,57.0,3.161007750700074,143.06,189.09,232,118.0,10.0,0.51
07:37:29,143.0,170.0,185.73,30.0,141.0,28.0,186.73,22.0,164.37,42.72999999999999,198.0,52.0,3.407920186856448,143.0,185.73,250,146.0,18.0,0.58
07:37:30,143.0,99.0,179.2,25.0,141.0,22.0,180.12,24.0,161.1,36.19999999999999,121.0,49.0,4.647329340597861,143.0,179.2,170,72.0,-80.0,0.42
07:37:31,143.0,90.0,158.64,22.0,141.0,20.0,161.35,23.0,150.82,15.639999999999986,110.0,45.0,7.242587244899215,143.0,158.64,155,65.0,-15.0,0.42
07:37:32,142.9,82.0,146.87,23.0,140.71,28.0,147.48,23.0,144.89,3.969999999999999,110.0,46.0,9.18182716021006,142.9,146.87,156,64.0,1.0,0.41
07:37:33,142.92,48.0,144.53,38.0,140.36,44.0,145.75,40.0,143.72,1.6100000000000136,92.0,78.0,9.3745373219144,142.92,144.53,170,14.0,14.0,0.08
07:37:34,140.26,35.0,142.84,19.0,138.94,144.0,144.17,24.0,141.55,2.5800000000000125,179.0,43.0,7.878612187432545,140.26,142.84,222,136.0,52.0,0.61
07:37:35,139.0,144.0,140.29,14.0,138.0,96.0,161.18,22.0,139.64,1.289999999999992,240.0,36.0,4.2520030573784675,139.0,140.29,276,204.0,54.0,0.74
07:37:36,139.0,135.0,252.96,26.0,138.0,128.0,349.49,41.0,195.98,113.96000000000001,263.0,67.0,24.02416137974365,139.0,252.96,330,196.0,54.0,0.59
07:37:37,139.0,42.0,149.0,18.0,138.0,48.0,556.5,8.0,144.0,10.0,90.0,26.0,24.103881845046576,139.0,149.0,116,64.0,-178.5,0.55
07:37:38,139.0,49.0,148.07,27.0,138.0,56.0,250.82,11.0,143.54,9.069999999999993,105.0,38.0,24.12129391222548,139.0,148.07,143,67.0,27.0,0.47
07:37:39,139.0,100.0,145.79,70.0,138.0,112.0,285.77,26.0,142.39,6.789999999999992,212.0,96.0,24.024847554146234,139.0,145.79,308,116.0,165.0,0.38
07:37:40,139.05,56.0,143.88,40.0,138.27,66.0,412.44,16.0,141.46,4.829999999999984,122.0,56.0,23.782306027800722,139.05,143.88,178,66.0,-130.0,0.37
07:37:41,139.67,15.0,143.0,60.0,138.33,60.0,484.0,28.0,141.33,3.3300000000000125,75.0,88.0,1.2025514541812519,139.67,143.0,163,-13.0,-15.0,-0.08
07:37:42,138.85,13.0,142.5,60.0,137.21,53.0,447.08,25.0,140.67,3.6500000000000057,66.0,85.0,1.1134046883108888,138.85,142.5,151,-19.0,-12.0,-0.13
07:37:43,138.0,80.0,141.62,40.0,120.3,20.0,506.33,15.0,139.81,3.6200000000000045,100.0,55.0,0.9605311030631914,138.0,141.62,155,45.0,4.0,0.29
07:37:44,138.0,140.0,141.0,70.0,111.12,34.0,232.0,70.0,139.5,3.0,174.0,140.0,0.8804714645865059,138.0,141.0,314,34.0,159.0,0.11
07:37:45,138.0,90.0,140.22,45.0,130.56,9.0,226.33,36.0,139.11,2.219999999999999,99.0,81.0,0.9028731915117016,138.0,140.22,180,18.0,-134.0,0.1
07:37:46,138.0,78.0,140.0,48.0,136.43,14.0,224.84,38.0,139.0,2.0,92.0,86.0,0.6703506544712006,138.0,140.0,178,6.0,-2.0,0.03
07:37:47,138.43,14.0,140.0,32.0,137.85,26.0,267.75,40.0,139.21,1.5699999999999932,40.0,72.0,0.3282224854418676,138.43,140.0,112,-32.0,-66.0,-0.29
07:37:48,138.0,40.0,355.48,33.0,135.8,10.0,402.69,32.0,246.74,217.48000000000002,50.0,65.0,48.09147294479527,138.0,355.48,115,-15.0,3.0,-0.13
07:37:49,138.63,43.0,140.05,41.0,137.3,23.0,146.3,27.0,139.34,1.420000000000016,66.0,68.0,48.10916596658038,138.63,140.05,134,-2.0,19.0,-0.01
07:37:50,138.0,24.0,272.97,29.0,103.03,35.0,301.17,23.0,205.48,134.97000000000003,59.0,52.0,49.79645348817515,138.0,272.97,111,7.0,-23.0,0.06
07:37:51,134.31,26.0,189.44,45.0,101.89,35.0,242.85,39.0,161.88,55.129999999999995,61.0,84.0,46.73876228570882,134.31,189.44,145,-23.0,34.0,-0.16
07:37:52,123.6,40.0,222.38,37.0,85.67,48.0,277.51,37.0,172.99,98.78,88.0,74.0,41.816441503313094,123.6,222.38,162,14.0,17.0,0.09
07:37:53,119.55,33.0,154.38,26.0,116.91,44.0,236.0,44.0,136.97,34.83,77.0,70.0,28.028602712229137,119.55,154.38,147,7.0,-15.0,0.05
07:37:54,120.83,18.0,131.0,6.0,116.0,24.0,136.0,24.0,125.92,10.170000000000002,42.0,30.0,31.34658147230692,120.83,131.0,72,12.0,-75.0,0.17
07:37:55,121.86,21.0,133.79,19.0,117.14,28.0,269.86,28.0,127.82,11.929999999999993,49.0,47.0,21.165933241885583,121.86,133.79,96,2.0,24.0,0.02
07:37:56,122.62,24.0,136.0,24.0,75.75,32.0,259.62,26.0,129.31,13.379999999999995,56.0,50.0,19.676279373904748,122.62,136.0,106,6.0,10.0,0.06
07:37:57,136.68,25.0,175.33,9.0,102.48,23.0,262.2,25.0,156.01,38.650000000000006,48.0,34.0,12.363896230555527,136.68,175.33,82,14.0,-24.0,0.17
07:37:58,141.0,36.0,193.44,9.0,128.0,27.0,195.0,9.0,167.22,52.44,63.0,18.0,19.040980279385632,141.0,193.44,81,45.0,-1.0,0.56
07:37:59,141.0,40.0,191.4,10.0,138.0,30.0,331.44,16.0,166.2,50.400000000000006,70.0,26.0,19.44704527685278,141.0,191.4,96,44.0,15.0,0.46
07:38:00,141.0,52.0,190.23,13.0,138.0,39.0,214.71,28.0,165.62,49.22999999999999,91.0,41.0,16.05480519968931,141.0,190.23,132,50.0,36.0,0.38
07:38:01,142.75,24.0,190.0,8.0,140.08,25.0,247.0,13.0,166.38,47.25,49.0,21.0,4.661767904988363,142.75,190.0,70,28.0,-62.0,0.4
07:38:02,147.0,11.0,189.62,8.0,143.0,16.0,275.0,32.0,168.31,42.620000000000005,27.0,40.0,1.045313350140661,147.0,189.62,67,-13.0,-3.0,-0.19
07:38:03,143.0,15.0,189.0,7.0,143.0,16.0,288.71,28.0,166.0,46.0,31.0,35.0,1.049390299165195,143.0,189.0,66,-4.0,-1.0,-0.06
07:38:04,140.69,29.0,187.5,34.0,136.8,30.0,188.0,16.0,164.09,46.81,59.0,50.0,1.5199506570877706,140.69,187.5,109,9.0,43.0,0.08
07:38:05,138.42,12.0,183.46,24.0,134.12,34.0,186.67,36.0,160.94,45.04000000000002,46.0,60.0,2.7869571220204508,138.42,183.46,106,-14.0,-3.0,-0.13
07:38:06,133.76,17.0,181.38,32.0,110.93,28.0,181.91,23.0,157.57,47.620000000000005,45.0,55.0,4.224425404712286,133.76,181.38,100,-10.0,-6.0,-0.1
07:38:18,106.54,26.0,278.29,41.0,105.15,26.0,508.44,54.0,192.42,171.75,52.0,95.0,37.07973799799476,106.53999999999999,278.29,147,-43.0,73.0,-0.29
07:38:19,123.15,27.0,270.18,33.0,121.46,52.0,464.21,38.0,196.66,147.03,79.0,71.0,45.083613985570835,123.15,270.18,150,8.0,3.0,0.05
07:38:20,128.38,16.0,135.75,24.0,127.38,16.0,264.6,25.0,132.06,7.3700000000000045,32.0,49.0,40.97376636336919,128.38,135.75,81,-17.0,-69.0,-0.21
07:38:21,131.1,40.0,179.44,32.0,130.1,40.0,175.66,62.0,155.27,48.34,80.0,94.0,35.8066274591726,131.1,179.44,174,-14.0,93.0,-0.08
07:38:22,136.03,29.0,397.91,44.0,134.15,26.0,465.23,47.0,266.97,261.88,55.0,91.0,51.30556626721909,136.03,397.91,146,-36.0,-28.0,-0.25
07:38:24,144.65,23.0,270.95,38.0,142.0,30.0,342.69,26.0,207.8,126.29999999999998,53.0,64.0,71.53080126770591,144.65,270.95,117,-11.0,-15.0,-0.09
07:38:25,145.95,19.0,213.5,16.0,144.45,11.0,266.71,34.0,179.72,67.55000000000001,30.0,50.0,60.44768374387929,145.95,213.5,80,-20.0,-37.0,-0.25
07:38:26,145.78,18.0,200.76,29.0,143.93,15.0,219.66,29.0,173.27,54.97999999999999,33.0,58.0,55.837357297780954,145.78,200.76,91,-25.0,11.0,-0.27
07:38:27,145.0,6.0,171.67,24.0,143.0,12.0,172.67,12.0,158.33,26.669999999999987,18.0,36.0,56.86111281007457,145.0,171.67,54,-18.0,-37.0,-0.33
07:38:28,139.75,32.0,157.24,49.0,138.91,53.0,167.59,37.0,148.5,17.49000000000001,85.0,86.0,22.750589662687688,139.75,157.24,171,-1.0,117.0,-0.01
07:38:29,138.0,22.0,139.83,24.0,121.56,9.0,182.21,33.0,138.92,1.8300000000000125,31.0,57.0,16.91197120385367,138.0,139.83,88,-26.0,-83.0,-0.3
07:38:30,133.0,11.0,211.44,39.0,87.91,11.0,343.32,19.0,172.22,78.44,22.0,58.0,14.912067931711352,133.0,211.44,80,-36.0,-8.0,-0.45
07:38:31,129.18,38.0,210.33,51.0,122.67,18.0,279.84,32.0,169.76,81.15,56.0,83.0,14.087944491655733,129.18,210.33,139,-27.0,59.0,-0.19
07:38:32,140.72,18.0,196.57,42.0,132.33,18.0,262.11,45.0,168.65,55.849999999999994,36.0,87.0,14.960484617818219,140.72,196.57000000000002,123,-51.0,-16.0,-0.41
07:38:33,139.95,40.0,195.0,42.0,137.48,33.0,391.64,50.0,167.47,55.05000000000001,73.0,92.0,13.798910464235208,139.95,195.0,165,-19.0,42.0,-0.12
07:38:34,140.88,16.0,194.57,23.0,139.0,56.0,308.89,19.0,167.72,53.69,72.0,42.0,1.9308883965642107,140.88,194.57,114,30.0,-51.0,0.26
07:38:35,143.12,101.0,187.21,75.0,142.39,138.0,187.67,73.0,165.17,44.09,239.0,148.0,1.7018901257087085,143.12,187.21,387,91.0,177.5,0.24
07:38:36,143.83,46.0,185.08,50.0,142.76,150.0,186.3,66.0,164.45,41.25,196.0,116.0,1.791569144628157,143.83,185.08,312,80.0,-75.0,0.26
07:38:37,143.33,120.0,180.89,55.0,141.76,145.0,182.93,58.0,162.11,37.559999999999974,265.0,113.0,2.3154653959802953,143.33,180.89,378,152.0,66.0,0.4
07:38:38,144.18,34.0,176.13,31.0,142.48,104.0,177.12,41.0,160.15,31.94999999999999,138.0,72.0,2.90570129228394,144.18,176.13,210,66.0,-168.0,0.31
07:38:39,143.03,58.0,174.89,36.0,141.41,79.0,176.0,27.0,158.96,31.859999999999985,137.0,63.0,2.6733162925435243,143.03,174.89,200,74.0,-10.0,0.37
07:38:40,144.0,6.0,172.18,28.0,143.0,48.0,173.26,23.0,158.09,28.180000000000007,54.0,51.0,2.5582845815071455,144.0,172.18,105,3.0,-95.0,0.03
07:38:41,143.38,32.0,169.29,49.0,142.28,100.0,171.05,58.0,156.33,25.909999999999997,132.0,107.0,2.172054327123403,143.38,169.29,239,25.0,134.0,0.1
07:38:42,143.0,66.0,162.69,48.0,141.0,121.0,166.89,44.0,152.84,19.689999999999998,187.0,92.0,2.843031832388363,143.0,162.69,279,95.0,40.0,0.34
07:38:43,143.0,90.0,155.22,51.0,141.0,165.0,156.24,70.0,149.11,12.219999999999999,255.0,121.0,4.072300332732242,143.0,155.22,376,134.0,97.0,0.36
07:38:44,143.0,84.0,151.48,58.0,141.0,154.0,152.68,62.0,147.24,8.47999999999999,238.0,120.0,4.608304460424527,143.0,151.48,358,118.0,-18.0,0.33
07:38:45,143.0,30.0,148.23,52.0,141.0,143.0,149.64,47.0,145.62,5.22999999999999,173.0,99.0,4.34363557402851,143.0,148.23,272,74.0,-86.0,0.27
07:38:46,141.51,70.0,145.19,54.0,140.87,114.0,146.28,61.0,143.35,3.680000000000007,184.0,115.0,3.600176384562738,141.51,145.19,299,69.0,27.0,0.23
07:38:47,141.0,38.0,142.0,12.0,140.0,18.0,162.77,26.0,141.5,1.0,56.0,38.0,3.025066941401599,141.0,142.0,94,18.0,-178.5,0.19
07:38:48,141.0,27.0,158.8,25.0,140.0,33.0,252.27,33.0,149.9,17.80000000000001,60.0,58.0,3.2795609462184103,141.0,158.8,118,2.0,24.0,0.02
07:38:49,141.0,4.0,172.0,12.0,140.0,12.0,222.0,12.0,156.5,31.0,16.0,24.0,5.988270200981497,141.0,172.0,40,-8.0,-78.0,-0.2
07:38:50,141.0,10.0,157.6,30.0,140.0,30.0,191.8,30.0,149.3,16.599999999999994,40.0,60.0,5.944787632873339,141.0,157.6,100,-20.0,60.0,-0.2
07:38:51,140.25,12.0,172.0,18.0,139.18,51.0,320.0,18.0,156.12,31.75,63.0,36.0,6.128823704428658,140.25,172.0,99,27.0,-1.0,0.27
07:38:52,141.81,16.0,172.0,27.0,139.33,58.0,281.14,21.0,156.91,30.189999999999998,74.0,48.0,3.800984083098747,141.81,172.0,122,26.0,23.0,0.21
07:38:53,147.0,30.0,170.87,45.0,143.0,15.0,237.7,33.0,158.93,23.870000000000005,45.0,78.0,3.659367431670678,147.0,170.87,123,-33.0,1.0,-0.27
07:38:54,139.31,209.0,166.86,42.0,138.31,64.0,191.43,42.0,153.08,27.55000000000001,273.0,84.0,3.7562175123348887,139.31,166.86,357,189.0,177.5,0.53
07:38:55,139.47,205.0,165.93,42.0,138.8,180.0,281.47,32.0,152.7,26.460000000000008,385.0,74.0,2.6373414644243685,139.47,165.93,459,311.0,102.0,0.68
07:38:56,140.05,142.0,149.58,36.0,139.02,203.0,326.54,28.0,144.82,9.530000000000001,345.0,64.0,5.409414940635407,140.05,149.58,409,281.0,-50.0,0.69
07:39:01,144.46,130.0,303.16,19.0,143.0,26.0,319.65,17.0,223.81,158.70000000000002,156.0,36.0,46.226961072518456,144.46,303.16,192,120.0,102.0,0.62
07:39:02,145.0,68.0,153.9,21.0,143.0,20.0,168.32,25.0,149.45,8.900000000000006,88.0,46.0,81.85285535642663,145.0,153.9,134,42.0,-58.0,0.31
07:39:03,145.0,66.0,152.36,11.0,143.0,22.0,153.94,31.0,148.68,7.360000000000014,88.0,42.0,86.1159818500611,145.0,152.36,130,46.0,-4.0,0.35
07:39:04,145.01,67.0,150.08,12.0,143.43,28.0,150.81,16.0,147.55,5.070000000000022,95.0,28.0,71.28271094732585,145.01,150.08,123,67.0,-7.0,0.54
07:39:05,145.62,16.0,148.27,11.0,144.94,62.0,150.53,15.0,146.95,2.6500000000000057,78.0,26.0,33.8467549404662,145.62,148.27,104,52.0,-19.0,0.5
07:39:06,144.88,60.0,152.37,30.0,142.47,30.0,191.92,36.0,148.62,7.490000000000009,90.0,66.0,0.992698342879727,144.88,152.37,156,24.0,52.0,0.15
07:39:07,145.0,33.0,152.37,51.0,143.0,22.0,153.46,37.0,148.69,7.3700000000000045,55.0,88.0,0.8031002427816841,145.0,152.37,143,-33.0,-13.0,-0.23
07:39:08,144.35,46.0,150.21,47.0,141.71,34.0,151.92,73.0,147.28,5.860000000000014,80.0,120.0,0.7934544725160388,144.35,150.21,200,-40.0,57.0,-0.2
07:39:09,142.0,20.0,148.0,50.0,141.0,40.0,150.0,30.0,145.0,6.0,60.0,80.0,1.507239197989219,142.0,148.0,140,-20.0,-60.0,-0.14
07:39:10,142.89,36.0,147.66,44.0,141.67,24.0,149.17,36.0,145.27,4.77000000000001,60.0,80.0,1.7711493443396693,142.89,147.66,140,-20.0,0.0,-0.14
07:39:11,143.0,18.0,145.0,27.0,142.0,18.0,148.0,45.0,144.0,2.0,36.0,72.0,1.8970951478389106,143.0,145.0,108,-36.0,-32.0,-0.33
07:39:12,143.0,12.0,145.68,40.0,142.0,28.0,147.79,56.0,144.34,2.680000000000007,40.0,96.0,1.2794999022872482,143.0,145.68,136,-56.0,28.0,-0.41
07:39:13,141.61,23.0,144.38,29.0,140.71,34.0,149.88,32.0,142.99,2.769999999999982,57.0,61.0,0.8995276538007058,141.61,144.38,118,-4.0,-18.0,-0.03
07:39:14,141.0,24.0,144.62,24.0,140.0,32.0,201.92,12.0,142.81,3.6200000000000045,56.0,36.0,1.011815200494518,141.0,144.62,92,20.0,-26.0,0.22
07:39:15,141.16,25.0,143.14,42.0,140.35,34.0,149.17,29.0,142.15,1.9799999999999898,59.0,71.0,0.8974240914702155,141.16,143.14,130,-12.0,38.0,-0.09
07:39:16,138.7,64.0,143.0,33.0,122.52,27.0,144.0,33.0,140.85,4.300000000000011,91.0,66.0,1.2732713771818378,138.7,143.0,157,25.0,27.0,0.16
07:39:17,138.0,70.0,141.09,33.0,119.71,41.0,143.09,33.0,139.55,3.0900000000000034,111.0,66.0,1.4525150601455439,138.0,141.09,177,45.0,20.0,0.25
07:39:18,138.28,43.0,141.58,36.0,133.78,54.0,253.75,36.0,139.93,3.3000000000000114,97.0,72.0,1.4010424690026415,138.28,141.58,169,25.0,-8.0,0.15
07:39:19,137.78,37.0,139.31,48.0,136.59,29.0,198.25,32.0,138.55,1.5300000000000011,66.0,80.0,1.364067446993804,137.78,139.31,146,-14.0,-23.0,-0.1
07:39:23,120.03,29.0,169.86,35.0,96.49,35.0,181.02,43.0,144.95,49.83000000000001,64.0,78.0,12.104815157611444,120.03,169.86,142,-14.0,-15.0,-0.1
07:39:24,136.59,29.0,167.0,10.0,115.27,37.0,170.0,50.0,151.79,30.409999999999997,66.0,60.0,15.018084764707584,136.59,167.0,126,6.0,-16.0,0.05
07:39:25,136.07,30.0,153.5,16.0,103.42,19.0,169.75,32.0,144.78,17.430000000000007,49.0,48.0,15.717131735782575,136.07,153.5,97,1.0,-29.0,0.01
07:39:26,137.0,29.0,150.0,25.0,100.37,19.0,342.52,25.0,143.5,13.0,48.0,50.0,9.093306879235355,137.0,150.0,98,-2.0,1.0,-0.02
07:39:27,129.92,36.0,153.73,44.0,83.0,12.0,167.54,24.0,141.82,23.810000000000002,48.0,68.0,3.802639872503262,129.92,153.73,116,-20.0,18.0,-0.17
07:39:28,125.79,42.0,162.77,22.0,82.17,18.0,281.74,58.0,144.28,36.980000000000004,60.0,80.0,3.8327379247675557,125.79,162.77,140,-20.0,24.0,-0.14
07:39:29,127.45,22.0,149.31,32.0,71.43,42.0,259.36,33.0,138.38,21.86,64.0,65.0,2.5879567229668408,127.45,149.31,129,-1.0,-11.0,-0.01
07:39:30,128.0,14.0,131.14,37.0,107.77,26.0,132.18,67.0,129.57,3.1399999999999864,40.0,104.0,6.001866376382151,128.0,131.14,144,-64.0,15.0,-0.44
07:39:31,127.66,56.0,131.25,20.0,122.0,15.0,132.3,53.0,129.46,3.5900000000000034,71.0,73.0,6.887446551512697,127.66,131.25,144,-2.0,0.0,-0.01
07:39:32,128.88,48.0,130.83,12.0,106.5,12.0,132.21,39.0,129.85,1.950000000000017,60.0,51.0,6.742541805576149,128.88,130.83,111,9.0,-33.0,0.08
07:39:33,129.0,48.0,132.0,40.0,102.86,14.0,134.0,32.0,130.5,3.0,62.0,72.0,3.8382899838260904,129.0,132.0,134,-10.0,23.0,-0.07
07:39:34,130.0,54.0,131.96,28.0,107.4,15.0,133.94,33.0,130.98,1.960000000000008,69.0,61.0,0.6487449421293556,130.0,131.96,130,8.0,-4.0,0.06
07:39:35,130.0,42.0,131.71,7.0,97.29,21.0,133.27,22.0,130.86,1.710000000000008,63.0,29.0,0.6556675986646249,130.0,131.71,92,34.0,-38.0,0.37
07:39:36,119.67,54.0,132.7,23.0,88.84,25.0,133.38,32.0,126.18,13.029999999999987,79.0,55.0,2.002093903876159,119.67,132.7,134,24.0,42.0,0.18
07:39:46,104.33,30.0,131.0,8.0,95.85,40.0,133.0,40.0,117.67,26.67,70.0,48.0,2.6402897568117676,104.33,131.0,118,22.0,-57.0,0.19
07:39:47,111.32,76.0,131.0,11.0,110.39,59.0,133.0,55.0,121.16,19.680000000000007,135.0,66.0,3.6520172507706965,111.32,131.0,201,69.0,83.0,0.34
07:39:48,114.89,93.0,131.0,12.0,112.87,63.0,133.0,60.0,122.95,16.11,156.0,72.0,4.60985140757575,114.89,131.0,228,84.0,27.0,0.37
07:39:49,121.38,47.0,131.0,11.0,117.0,26.0,132.55,55.0,126.19,9.620000000000005,73.0,66.0,5.057605164495346,121.38,131.0,139,7.0,-89.0,0.05
07:39:51,127.53,57.0,131.11,64.0,126.2,90.0,133.26,31.0,129.32,3.5800000000000125,147.0,95.0,3.5117559710113255,127.53,131.11,242,52.0,24.0,0.21
07:39:52,128.4,57.0,133.0,54.0,126.43,42.0,134.0,45.0,130.7,4.599999999999994,99.0,99.0,3.039978618335166,128.4,133.0,198,0.0,-44.0,0.0
07:39:53,129.0,96.0,132.3,54.0,127.0,36.0,133.03,73.0,130.65,3.3000000000000114,132.0,127.0,1.8597768683194291,129.0,132.3,259,5.0,61.0,0.02
07:39:54,129.09,70.0,133.0,48.0,127.5,32.0,134.0,9.0,131.04,3.9099999999999966,102.0,57.0,1.0837066023313853,129.09,133.0,159,45.0,-100.0,0.28
07:39:55,131.79,73.0,133.0,50.0,130.42,38.0,134.0,10.0,132.4,1.210000000000008,111.0,60.0,1.0997817965110837,131.79,133.0,171,51.0,12.0,0.3
07:39:56,132.0,82.0,133.0,53.0,130.53,51.0,134.0,13.0,132.5,1.0,133.0,66.0,0.91859675589322,132.0,133.0,199,67.0,28.0,0.34
07:39:57,130.18,66.0,244.75,40.0,120.45,44.0,324.47,34.0,187.47,114.57,110.0,74.0,24.977881615540266,130.18,244.75,184,36.0,-15.0,0.2
07:39:58,131.29,28.0,252.5,10.0,126.8,20.0,324.67,30.0,191.89,121.21000000000001,48.0,40.0,31.647458823734205,131.29,252.5,88,8.0,-96.0,0.09
07:39:59,140.07,14.0,245.0,12.0,137.57,46.0,403.21,58.0,192.54,104.93,60.0,70.0,31.927991637432495,140.07,245.0,130,-10.0,42.0,-0.08
07:40:00,141.83,6.0,245.0,6.0,139.0,24.0,613.0,30.0,193.42,103.16999999999999,30.0,36.0,26.409375797242294,141.83,245.0,66,-6.0,-64.0,-0.09
07:40:01,141.0,18.0,244.82,11.0,139.06,36.0,298.91,46.0,192.91,103.82,54.0,57.0,2.4001312464061133,141.0,244.82,111,-3.0,45.0,-0.03
07:40:02,141.33,18.0,176.06,34.0,138.82,34.0,244.14,14.0,158.7,34.72999999999999,52.0,48.0,15.211014759047835,141.33,176.06,100,4.0,-11.0,0.04
07:40:03,138.68,38.0,213.75,20.0,136.12,51.0,244.29,17.0,176.22,75.07,89.0,37.0,15.28039331954413,138.68,213.75,126,52.0,26.0,0.41
07:40:04,138.0,22.0,238.8,20.0,117.0,12.0,265.68,41.0,188.4,100.80000000000001,34.0,61.0,14.719701083920432,138.0,238.8,95,-27.0,-31.0,-0.28
07:40:05,138.0,32.0,240.75,32.0,117.76,17.0,243.0,32.0,189.38,102.75,49.0,64.0,14.025837586396324,138.0,240.75,113,-15.0,18.0,-0.13
07:40:06,138.47,30.0,239.0,30.0,132.36,22.0,242.2,30.0,188.73,100.53,52.0,60.0,13.250723753816892,138.47,239.0,112,-8.0,-1.0,-0.07
07:40:07,139.0,20.0,235.6,20.0,138.0,20.0,236.6,20.0,187.3,96.6,40.0,40.0,5.522126402027635,139.0,235.6,80,0.0,-32.0,0.0
07:40:08,139.0,24.0,233.58,24.0,138.0,24.0,242.0,23.0,186.29,94.58000000000001,48.0,47.0,1.2257038793982715,139.0,233.58,95,1.0,15.0,0.01
07:40:09,139.0,28.0,158.65,34.0,138.0,28.0,212.48,29.0,148.82,19.650000000000006,56.0,63.0,17.529901026530833,139.0,158.65,119,-7.0,24.0,-0.06
07:40:10,139.0,34.0,151.29,34.0,138.0,34.0,152.53,34.0,145.15,12.289999999999992,68.0,68.0,22.21299777157421,139.0,151.29,136,0.0,17.0,0.0
07:40:11,139.45,22.0,148.38,26.0,138.27,22.0,149.91,23.0,143.92,8.930000000000007,44.0,49.0,22.439793448246235,139.45,148.38,93,-5.0,-43.0,-0.05
07:40:12,140.84,50.0,145.18,38.0,138.97,122.0,146.21,42.0,143.01,4.340000000000003,172.0,80.0,18.497339538429515,140.84,145.18,252,92.0,159.0,0.37
07:40:13,138.96,93.0,142.61,31.0,137.75,111.0,215.74,38.0,140.78,3.6500000000000057,204.0,69.0,2.9725965080954464,138.96,142.61,273,135.0,21.0,0.49
07:40:14,138.0,144.0,139.91,22.0,136.62,91.0,502.7,56.0,138.95,1.9099999999999966,235.0,78.0,2.4882061811553777,138.0,139.91,313,157.0,40.0,0.5
07:40:15,138.95,76.0,350.04,25.0,137.15,78.0,484.88,56.0,244.49,211.09000000000003,154.0,81.0,46.02562601421034,138.95,350.04,235,73.0,-78.0,0.31
07:40:16,147.0,42.0,373.55,51.0,138.13,94.0,541.74,47.0,260.27,226.55,136.0,98.0,61.32404503944575,147.0,373.55,234,38.0,-1.0,0.16
07:40:17,142.5,12.0,321.05,38.0,138.03,109.0,570.0,38.0,231.78,178.55,121.0,76.0,58.74302026624085,142.5,321.05,197,45.0,-37.0,0.23
07:40:18,138.32,41.0,325.15,20.0,137.7,81.0,471.85,27.0,231.73,186.82999999999998,122.0,47.0,47.58274666304999,138.32,325.15,169,75.0,-28.0,0.44
07:40:19,138.55,11.0,248.0,14.0,137.9,60.0,477.1,31.0,193.27,109.44999999999999,71.0,45.0,24.77323596141613,138.55,248.0,116,26.0,-53.0,0.22
07:40:20,138.96,48.0,355.86,21.0,134.4,50.0,470.53,32.0,247.41,216.9,98.0,53.0,25.163549431668056,138.96,355.86,151,45.0,35.0,0.3
07:40:21,139.58,43.0,383.0,6.0,136.05,37.0,671.0,30.0,261.29,243.42,80.0,36.0,25.44356657389059,139.58,383.0,116,44.0,-35.0,0.38
07:40:22,140.0,31.0,383.0,8.0,137.0,63.0,614.75,40.0,261.5,243.0,94.0,48.0,28.3632684999456,140.0,383.0,142,46.0,26.0,0.32
07:40:23,140.25,8.0,383.0,4.0,137.2,30.0,392.0,8.0,261.62,242.75,38.0,12.0,29.561959847073915,140.25,383.0,50,26.0,-92.0,0.52
07:40:24,141.67,24.0,267.73,22.0,140.0,24.0,385.57,14.0,204.7,126.06000000000003,48.0,36.0,24.582486245292856,141.67,267.73,84,12.0,34.0,0.14
07:40:25,146.74,114.0,220.44,62.0,141.6,30.0,459.18,22.0,183.59,73.69999999999999,144.0,84.0,37.62332587637628,146.74,220.44,228,60.0,144.0,0.26
07:40:26,147.0,68.0,190.42,12.0,142.45,22.0,299.0,14.0,168.71,43.41999999999999,90.0,26.0,43.49101550895303,147.0,190.42,116,64.0,-112.0,0.55
07:40:27,146.93,59.0,231.69,29.0,143.89,38.0,297.85,20.0,189.31,84.75999999999999,97.0,49.0,35.94845518238559,146.93,231.69,146,48.0,30.0,0.33
07:40:28,146.0,18.0,328.0,9.0,141.0,72.0,421.0,18.0,237.0,182.0,90.0,27.0,25.97117190270748,146.0,328.0,117,63.0,-29.0,0.54
07:40:29,146.0,12.0,402.4,10.0,141.0,48.0,665.0,20.0,274.2,256.4,60.0,30.0,43.816347063624434,146.0,402.4,90,30.0,-27.0,0.33
07:40:30,146.0,18.0,341.68,19.0,141.0,72.0,666.59,32.0,243.84,195.68,90.0,51.0,42.817674738360054,146.0,341.68,141,39.0,51.0,0.28
07:40:31,146.0,13.0,258.57,21.0,141.34,58.0,421.62,26.0,202.29,112.57,71.0,47.0,33.96854383102109,146.0,258.57,118,24.0,-23.0,0.2
07:40:32,146.0,10.0,230.96,26.0,143.0,20.0,360.12,40.0,188.48,84.96000000000001,30.0,66.0,34.21413772112343,146.0,230.96,96,-36.0,-22.0,-0.38
07:40:33,141.12,43.0,172.0,40.0,140.38,16.0,173.0,8.0,156.56,30.879999999999995,59.0,48.0,46.36250187382031,141.12,172.0,107,11.0,11.0,0.1
07:40:34,141.0,52.0,169.26,54.0,140.0,24.0,170.4,42.0,155.13,28.25999999999999,76.0,96.0,36.68621198761161,141.0,169.26,172,-20.0,65.0,-0.12
07:40:35,141.0,28.0,165.87,52.0,140.0,28.0,167.5,60.0,153.43,24.870000000000005,56.0,112.0,22.657953791107587,141.0,165.87,168,-56.0,-4.0,-0.33
07:40:36,141.0,34.0,162.25,69.0,140.0,34.0,163.9,61.0,151.62,21.25,68.0,130.0,15.448305085023442,141.0,162.25,198,-62.0,30.0,-0.31
07:40:37,141.0,16.0,152.46,26.0,139.4,20.0,158.0,38.0,146.73,11.460000000000008,36.0,64.0,3.812627702773594,141.0,152.46,100,-28.0,-98.0,-0.28
07:40:38,141.0,16.0,149.97,34.0,140.0,48.0,151.15,34.0,145.49,8.969999999999999,64.0,68.0,4.200809445803905,141.0,149.97,132,-4.0,32.0,-0.03
07:40:39,140.26,61.0,146.62,53.0,139.75,118.0,147.85,53.0,143.44,6.360000000000014,179.0,106.0,4.21885885044214,140.26,146.62,285,73.0,153.0,0.26
07:40:40,140.0,134.0,143.5,80.0,139.0,96.0,144.38,74.0,141.75,3.5,230.0,154.0,3.7684652048217964,140.0,143.5,384,76.0,99.0,0.2
07:40:41,140.0,26.0,141.9,50.0,139.0,60.0,143.0,50.0,140.95,1.9000000000000057,86.0,100.0,2.4399631144653062,140.0,141.9,186,-14.0,-178.5,-0.08
07:40:42,138.92,74.0,140.84,77.0,138.34,116.0,143.71,85.0,139.88,1.920000000000016,190.0,162.0,2.2055090115323455,138.92,140.84,352,28.0,166.0,0.08
07:40:43,138.0,53.0,139.08,36.0,137.0,12.0,233.75,56.0,138.54,1.0800000000000125,65.0,92.0,1.85646707483581,138.0,139.08,157,-27.0,-178.5,-0.17
07:40:44,132.61,31.0,158.57,28.0,114.09,55.0,432.36,44.0,145.59,25.95999999999998,86.0,72.0,2.662436853701835,132.61,158.57,158,14.0,1.0,0.09
07:40:45,134.88,16.0,278.33,12.0,111.42,40.0,596.5,24.0,206.6,143.45,56.0,36.0,29.34999948892603,134.88,278.33,92,20.0,-66.0,0.22
07:40:46,135.65,34.0,271.36,28.0,119.97,35.0,278.53,17.0,203.5,135.71,69.0,45.0,35.0146600726034,135.65,271.36,114,24.0,22.0,0.21
07:40:47,147.0,20.0,186.11,18.0,100.66,38.0,250.4,10.0,166.56,39.110000000000014,58.0,28.0,31.764518255436684,147.0,186.11,86,30.0,-28.0,0.35
07:40:48,147.0,16.0,185.62,16.0,104.5,56.0,429.22,9.0,166.31,38.620000000000005,72.0,25.0,26.39002216747788,147.0,185.62,97,47.0,11.0,0.48
07:40:49,117.53,38.0,170.27,22.0,92.06,90.0,364.3,20.0,143.9,52.74000000000001,128.0,42.0,26.90999033816203,117.53000000000002,170.27,170,86.0,73.0,0.51
07:41:02,121.36,100.0,130.81,43.0,104.48,65.0,132.0,57.0,126.09,9.450000000000003,165.0,100.0,2.642485572324039,121.36,130.81,265,65.0,125.0,0.25
07:41:06,126.57,56.0,131.36,11.0,42.0,35.0,132.4,25.0,128.97,4.7900000000000205,91.0,36.0,1.1213964508339722,126.57000000000001,131.36,127,55.0,-116.0,0.43
07:41:07,127.22,72.0,132.0,18.0,50.0,36.0,133.0,45.0,129.61,4.780000000000001,108.0,63.0,1.4155458310996125,127.22,132.0,171,45.0,44.0,0.26
07:41:10,128.25,8.0,137.0,32.0,124.5,8.0,466.91,22.0,132.62,8.75,16.0,54.0,14.252829543635848,128.25,137.0,70,-38.0,-24.0,-0.54
07:41:11,129.03,29.0,137.0,44.0,107.62,21.0,486.0,44.0,133.02,7.969999999999999,50.0,88.0,14.983554317982746,129.03,137.0,138,-38.0,68.0,-0.28
07:41:12,129.0,27.0,136.46,37.0,113.0,45.0,146.36,33.0,132.73,7.460000000000008,72.0,70.0,15.495785878745862,129.0,136.46,142,2.0,4.0,0.01
07:41:13,129.0,26.0,134.0,50.0,48.71,34.0,136.73,22.0,131.5,5.0,60.0,72.0,12.538635491948195,129.0,134.0,132,-12.0,-10.0,-0.09
07:41:14,130.0,66.0,133.0,53.0,121.59,17.0,134.5,24.0,131.5,3.0,83.0,77.0,0.721512300620159,130.0,133.0,160,6.0,28.0,0.04
07:41:15,130.53,38.0,133.0,28.0,115.0,21.0,134.0,14.0,131.76,2.469999999999999,59.0,42.0,0.7209160838447755,130.53,133.0,101,17.0,-59.0,0.17
07:41:16,114.34,29.0,178.27,22.0,75.65,17.0,327.79,24.0,146.31,63.93000000000001,46.0,46.0,6.476468945339559,114.34,178.27,92,0.0,-9.0,0.0
07:41:19,143.0,8.0,261.0,16.0,113.2,30.0,378.0,16.0,202.0,118.0,38.0,32.0,31.49180258416408,143.0,261.0,70,6.0,-18.0,0.09
07:41:20,141.6,20.0,258.56,18.0,128.41,27.0,378.0,18.0,200.08,116.96000000000001,47.0,36.0,29.95978421150545,141.6,258.56,83,11.0,13.0,0.13
07:41:21,141.0,26.0,248.23,26.0,109.85,39.0,372.14,44.0,194.62,107.22999999999999,65.0,70.0,25.672596284754228,141.0,248.23,135,-5.0,52.0,-0.04
07:41:22,114.18,17.0,197.79,28.0,91.1,29.0,233.6,30.0,155.98,83.60999999999999,46.0,58.0,28.529160169902887,114.18,197.79,104,-12.0,-31.0,-0.12
07:41:23,108.6,10.0,210.57,28.0,35.79,14.0,264.55,22.0,159.59,101.97,24.0,50.0,22.71766229170544,108.6,210.57,74,-26.0,-30.0,-0.35
07:41:24,114.88,8.0,180.43,14.0,38.0,10.0,191.0,32.0,147.65,65.55000000000001,18.0,46.0,23.994043635868675,114.88,180.43,64,-28.0,-10.0,-0.44
07:41:25,146.0,7.0,181.5,16.0,139.67,9.0,196.71,28.0,163.75,35.5,16.0,44.0,17.945976429271443,146.0,181.5,60,-28.0,-4.0,-0.47
07:41:26,143.33,9.0,201.29,28.0,137.53,17.0,277.71,28.0,172.31,57.95999999999998,26.0,56.0,9.14256419173331,143.33,201.29,82,-30.0,22.0,-0.37
07:41:27,140.0,26.0,213.77,52.0,137.0,26.0,576.88,34.0,176.88,73.77000000000001,52.0,86.0,11.421220600267112,140.0,213.77,138,-34.0,56.0,-0.25
07:41:29,105.27,45.0,154.81,47.0,104.0,45.0,198.18,44.0,130.04,49.540000000000006,90.0,91.0,18.90472824454146,105.27,154.81,181,-1.0,-4.0,-0.01
07:41:43,130.84,31.0,134.28,25.0,129.73,26.0,135.85,26.0,132.56,3.4399999999999977,57.0,51.0,2.408875256203547,130.84,134.28,108,6.0,-32.0,0.06
07:41:44,133.14,35.0,135.0,28.0,131.0,14.0,137.0,21.0,134.07,1.8600000000000136,49.0,49.0,2.8736527277927006,133.14,135.0,98,0.0,-10.0,0.0
07:41:45,131.0,4.0,135.0,8.0,23.0,8.0,137.0,6.0,133.0,4.0,12.0,14.0,2.330150209739923,131.0,135.0,26,-2.0,-72.0,-0.08
07:41:46,132.5,20.0,135.0,24.0,107.25,16.0,137.0,18.0,133.75,2.5,36.0,42.0,1.6022952287114625,132.5,135.0,78,-6.0,52.0,-0.08
07:41:47,133.54,26.0,135.0,22.0,101.82,17.0,137.0,24.0,134.27,1.460000000000008,43.0,46.0,0.7261886806828933,133.54,135.0,89,-3.0,11.0,-0.03
07:41:48,118.73,11.0,136.64,11.0,37.25,4.0,182.16,31.0,127.68,17.909999999999982,15.0,42.0,2.7671338962817575,118.73,136.64,57,-27.0,-32.0,-0.47
07:41:49,110.0,5.0,135.0,20.0,40.2,5.0,262.4,5.0,122.5,25.0,10.0,25.0,5.065565121479572,110.0,135.0,35,-15.0,-22.0,-0.43
07:42:02,133.03,33.0,136.86,28.0,131.5,34.0,218.0,13.0,134.94,3.8300000000000125,67.0,41.0,13.67651015427345,133.03,136.86,108,26.0,-5.0,0.24
07:42:03,136.47,19.0,214.0,22.0,134.83,23.0,435.11,18.0,175.24,77.53,42.0,40.0,27.45316520913305,136.47,214.0,82,2.0,-26.0,0.02
07:42:04,139.79,33.0,267.0,55.0,137.11,19.0,441.14,35.0,203.39,127.21000000000001,52.0,90.0,37.80743207360114,139.79,267.0,142,-38.0,60.0,-0.27
07:42:05,138.25,16.0,266.38,39.0,137.59,22.0,315.29,42.0,202.32,128.13,38.0,81.0,36.01740023932843,138.25,266.38,119,-43.0,-23.0,-0.36
07:42:06,138.0,16.0,265.08,49.0,128.2,20.0,285.0,35.0,201.54,127.07999999999998,36.0,84.0,29.586932588559854,138.0,265.08,120,-48.0,1.0,-0.4
07:42:07,139.31,26.0,265.0,40.0,125.92,13.0,280.59,17.0,202.15,125.69,39.0,57.0,12.142284381449565,139.31,265.0,96,-18.0,-24.0,-0.19
07:42:08,140.0,36.0,265.4,25.0,137.0,18.0,499.0,27.0,202.7,125.39999999999998,54.0,52.0,0.6849452532850204,140.0,265.4,106,2.0,10.0,0.02
07:42:09,140.0,20.0,170.55,22.0,137.0,10.0,341.48,23.0,155.27,30.55000000000001,30.0,45.0,20.981845247737176,140.0,170.55,75,-15.0,-31.0,-0.2
07:42:10,140.84,25.0,169.89,45.0,138.5,16.0,501.56,18.0,155.36,29.049999999999983,41.0,63.0,25.644933807674075,140.84,169.89,104,-22.0,29.0,-0.21
07:42:11,142.65,43.0,169.0,35.0,140.0,7.0,473.65,23.0,155.83,26.349999999999994,50.0,58.0,25.710798704046102,142.65,169.0,108,-8.0,4.0,-0.07
07:42:12,144.2,50.0,168.2,50.0,143.0,40.0,292.38,32.0,156.2,24.0,90.0,82.0,21.038033891026338,144.2,168.2,172,8.0,64.0,0.05
07:42:13,145.0,31.0,167.57,35.0,143.0,28.0,334.0,35.0,156.29,22.569999999999993,59.0,70.0,0.4677071733115816,145.0,167.57,129,-11.0,-43.0,-0.09
07:42:14,145.0,27.0,166.0,45.0,143.0,36.0,472.97,33.0,155.5,21.0,63.0,78.0,0.4117402093154641,145.0,166.0,141,-15.0,12.0,-0.11
07:42:15,145.0,12.0,165.0,20.0,143.0,16.0,528.5,20.0,155.0,20.0,28.0,40.0,0.5302169367033601,145.0,165.0,68,-12.0,-73.0,-0.18
07:42:16,144.67,18.0,164.88,40.0,142.9,20.0,450.71,28.0,154.77,20.210000000000008,38.0,68.0,0.6861996793696047,144.67,164.88,106,-30.0,38.0,-0.28
07:42:17,143.0,24.0,164.0,40.0,140.0,20.0,594.25,16.0,153.5,21.0,44.0,56.0,1.0266791124624102,143.0,164.0,100,-12.0,-6.0,-0.12
07:42:18,143.0,39.0,163.77,65.0,140.0,39.0,336.46,35.0,153.38,20.77000000000001,78.0,100.0,0.9424436322487633,143.0,163.77,178,-22.0,78.0,-0.12
07:42:19,143.0,18.0,163.0,30.0,140.0,18.0,360.0,18.0,153.0,20.0,36.0,48.0,0.8948184173148915,143.0,163.0,84,-12.0,-94.0,-0.14
07:42:20,143.0,33.0,161.59,34.0,140.0,33.0,192.26,47.0,152.29,18.590000000000003,66.0,81.0,0.9053562834407185,143.0,161.59,147,-15.0,63.0,-0.1
07:42:21,140.82,11.0,158.57,21.0,139.09,35.0,161.38,42.0,149.69,17.75,46.0,63.0,1.5718365054817003,140.82,158.57,109,-17.0,-38.0,-0.16
07:42:22,141.11,47.0,153.81,86.0,139.98,87.0,154.65,62.0,147.46,12.699999999999989,134.0,148.0,2.521989294181102,141.11,153.81,282,-14.0,173.0,-0.05
07:42:23,141.0,32.0,145.81,72.0,139.69,64.0,146.82,45.0,143.4,4.810000000000002,96.0,117.0,3.901624020835784,141.0,145.81,213,-21.0,-69.0,-0.1
07:42:24,139.75,59.0,141.82,57.0,139.13,71.0,143.1,50.0,140.79,2.069999999999993,130.0,107.0,4.652432696983515,139.75,141.82,237,23.0,24.0,0.1
07:42:25,139.0,56.0,140.0,27.0,138.0,9.0,141.0,36.0,139.5,1.0,65.0,63.0,4.333609350179101,139.0,140.0,128,2.0,-109.0,0.02
07:42:26,138.0,7.0,139.86,21.0,108.67,9.0,273.86,7.0,138.93,1.8600000000000136,16.0,28.0,3.4967599288424647,138.0,139.86,44,-12.0,-84.0,-0.27
07:42:27,114.08,12.0,191.61,23.0,53.81,21.0,232.33,18.0,152.85,77.53000000000002,33.0,41.0,5.719207112874915,114.08,191.61000000000004,74,-8.0,30.0,-0.11
07:42:30,104.82,11.0,142.48,31.0,85.27,11.0,363.71,31.0,123.65,37.66,22.0,62.0,13.081116924787192,104.82,142.48,84,-40.0,5.0,-0.48
07:42:31,116.39,28.0,273.5,22.0,117.23,26.0,678.95,39.0,194.95,157.11,54.0,61.0,30.197153508235836,116.39,273.5,115,-7.0,31.0,-0.06
07:42:32,144.56,16.0,351.33,21.0,141.29,31.0,561.75,28.0,247.95,206.76999999999998,47.0,49.0,55.15272232628205,144.56,351.33,96,-2.0,-19.0,-0.02
07:42:33,145.0,31.0,412.33,18.0,143.08,13.0,415.52,27.0,278.67,267.33,44.0,45.0,71.45604383115531,145.0,412.33,89,-1.0,-7.0,-0.01
07:42:34,145.47,38.0,347.19,43.0,141.92,26.0,420.0,21.0,246.33,201.72,64.0,64.0,60.854713868360314,145.47,347.19,128,0.0,39.0,0.0
07:42:35,146.93,41.0,331.1,31.0,145.97,31.0,345.97,39.0,239.01,184.17000000000002,72.0,70.0,30.081444779132863,146.93,331.1,142,2.0,14.0,0.01
07:42:36,146.18,11.0,317.7,50.0,145.2,15.0,319.0,10.0,231.94,171.51999999999998,26.0,60.0,17.88254735768996,146.18,317.7,86,-34.0,-56.0,-0.4
07:42:37,145.2,10.0,309.48,42.0,141.24,34.0,289.24,17.0,227.34,164.28000000000003,44.0,59.0,20.329610670153556,145.2,309.48,103,-15.0,17.0,-0.15
07:42:38,145.0,9.0,194.62,39.0,141.0,36.0,214.7,20.0,169.81,49.620000000000005,45.0,59.0,30.53063756294661,145.0,194.62,104,-14.0,1.0,-0.13
07:42:39,141.34,35.0,193.96,52.0,140.2,20.0,209.27,33.0,167.65,52.620000000000005,55.0,85.0,35.32621335495775,141.34,193.96,140,-30.0,36.0,-0.21
07:42:40,141.56,18.0,191.53,51.0,140.9,42.0,193.45,33.0,166.54,49.97,60.0,84.0,33.821212722195305,141.56,191.53,144,-24.0,4.0,-0.17
07:42:41,142.0,13.0,189.5,32.0,141.0,52.0,190.36,59.0,165.75,47.5,65.0,91.0,26.832697777151974,142.0,189.5,156,-26.0,12.0,-0.17
07:42:42,141.09,70.0,187.84,31.0,140.73,60.0,188.97,67.0,164.46,46.75,130.0,98.0,2.0260478770176373,141.09,187.84,228,32.0,72.0,0.14
07:42:43,141.0,52.0,186.64,33.0,139.0,9.0,188.12,32.0,163.82,45.639999999999986,61.0,65.0,1.546521904134194,141.0,186.64,126,-4.0,-102.0,-0.03
07:42:44,140.33,36.0,181.62,32.0,118.58,48.0,188.05,57.0,160.98,41.28999999999999,84.0,89.0,2.144644492676099,140.33,181.62,173,-5.0,47.0,-0.03
07:42:45,139.0,39.0,184.7,20.0,138.0,156.0,186.81,37.0,161.85,45.69999999999999,195.0,57.0,1.9414865438537785,139.0,184.7,252,138.0,79.0,0.55
07:42:46,139.0,36.0,182.81,27.0,138.0,144.0,184.36,14.0,160.91,43.81,180.0,41.0,1.6430855120670511,139.0,182.81,221,139.0,-31.0,0.63
07:42:47,139.27,33.0,179.33,43.0,138.14,126.0,181.33,30.0,159.3,40.06,159.0,73.0,1.6493544191482747,139.27,179.33,232,86.0,11.0,0.37
07:42:48,138.4,86.0,175.43,30.0,130.57,46.0,176.91,44.0,156.91,37.03,132.0,74.0,1.9524727910941557,138.4,175.43,206,58.0,-26.0,0.28
07:42:49,138.0,126.0,172.43,42.0,123.0,28.0,174.0,14.0,155.21,34.43000000000001,154.0,56.0,2.75945284430849,138.0,172.43,210,98.0,4.0,0.47
07:42:50,138.0,22.0,170.38,26.0,109.02,42.0,171.11,27.0,154.19,32.379999999999995,64.0,53.0,2.7939362913211205,138.0,170.38,117,11.0,-93.0,0.09
07:42:51,146.93,242.0,166.84,31.0,129.86,37.0,167.97,33.0,156.88,19.909999999999997,279.0,64.0,1.9463221727043847,146.93,166.84,343,215.0,177.5,0.63
07:42:52,147.0,224.0,161.77,26.0,138.0,28.0,162.77,31.0,154.38,14.77000000000001,252.0,57.0,1.3177746392916025,147.0,161.77,309,195.0,-34.0,0.63
07:42:53,147.0,164.0,158.36,25.0,145.0,33.0,159.11,27.0,152.68,11.360000000000014,197.0,52.0,1.5370653857138201,147.0,158.36,249,145.0,-60.0,0.58
07:42:54,147.0,132.0,156.48,23.0,145.0,33.0,157.44,32.0,151.74,9.47999999999999,165.0,55.0,1.9571356621244054,147.0,156.48,220,110.0,-29.0,0.5
07:42:55,147.0,144.0,152.96,27.0,145.0,36.0,154.08,25.0,149.98,5.960000000000008,180.0,52.0,2.630688122898387,147.0,152.96,232,128.0,12.0,0.55
07:42:56,147.0,173.0,148.68,38.0,145.0,48.0,200.38,32.0,147.84,1.6800000000000068,221.0,70.0,2.5147325901490016,147.0,148.68,291,151.0,59.0,0.52
07:42:57,147.0,49.0,149.0,7.0,145.0,21.0,508.0,28.0,148.0,2.0,70.0,35.0,2.171662957264944,147.0,149.0,105,35.0,-178.5,0.33
07:42:58,147.0,49.0,148.71,7.0,145.0,21.0,238.86,28.0,147.86,1.710000000000008,70.0,35.0,1.7376651000569943,147.0,148.71,105,35.0,0.0,0.33
07:42:59,147.0,63.0,148.0,9.0,145.0,27.0,399.2,30.0,147.5,1.0,90.0,39.0,0.9921088649717451,147.0,148.0,129,51.0,24.0,0.4
07:43:00,147.0,42.0,148.0,9.0,145.0,27.0,422.07,29.0,147.5,1.0,69.0,38.0,0.22759613343641258,147.0,148.0,107,31.0,-22.0,0.29
07:43:02,145.0,30.0,275.33,48.0,143.0,15.0,419.89,57.0,210.17,130.32999999999998,45.0,105.0,70.20204498445885,145.0,275.33,150,-60.0,9.0,-0.4
07:43:03,144.45,11.0,194.0,14.0,142.31,13.0,295.71,28.0,169.23,49.55000000000001,24.0,42.0,67.4214693550948,144.45,194.0,66,-18.0,-84.0,-0.27
07:43:04,145.15,13.0,193.08,26.0,143.47,17.0,370.97,34.0,169.12,47.93000000000001,30.0,60.0,64.10532466184061,145.15,193.07999999999998,90,-30.0,24.0,-0.33
07:43:05,146.0,12.0,191.33,24.0,145.0,12.0,572.0,28.0,168.67,45.33000000000001,24.0,52.0,60.28875707791622,146.0,191.33,76,-28.0,-14.0,-0.37
07:43:06,142.0,12.0,188.67,12.0,141.0,36.0,584.0,18.0,165.33,46.66999999999999,48.0,30.0,18.88824978657298,142.0,188.67,78,18.0,2.0,0.23
07:43:07,142.0,20.0,188.0,20.0,141.0,60.0,400.0,16.0,165.0,46.0,80.0,36.0,2.1178172725633977,142.0,188.0,116,44.0,38.0,0.38
07:43:08,142.0,16.0,186.4,30.0,141.0,54.0,193.2,15.0,164.2,44.400000000000006,70.0,45.0,2.26250524860544,142.0,186.4,115,25.0,-1.0,0.22
07:43:09,142.0,9.0,185.0,18.0,141.0,54.0,209.13,30.0,163.5,43.0,63.0,48.0,1.9931005995599809,142.0,185.0,111,15.0,-4.0,0.14
07:43:10,140.73,11.0,185.0,14.0,140.76,34.0,188.0,28.0,162.86,44.27000000000001,45.0,42.0,1.0247048355334105,140.73,185.0,87,3.0,-24.0,0.03
07:43:11,139.0,28.0,183.0,14.0,138.0,14.0,428.38,13.0,161.0,44.0,42.0,27.0,1.5184597459152278,139.0,183.0,69,15.0,-18.0,0.22
07:43:12,139.0,20.0,369.2,20.0,138.0,16.0,629.62,26.0,254.1,230.2,36.0,46.0,40.807696823025644,139.0,369.2,82,-10.0,13.0,-0.12
07:43:13,138.23,13.0,431.29,14.0,100.06,17.0,453.31,26.0,284.76,293.06000000000006,30.0,40.0,59.59488132381834,138.23,431.29,70,-10.0,-12.0,-0.14
07:43:14,139.15,131.0,429.27,22.0,135.68,40.0,467.79,58.0,284.21,290.12,171.0,80.0,62.819356730230915,139.15,429.2699999999999,251,91.0,177.5,0.36
07:43:15,142.0,84.0,341.13,30.0,139.0,108.0,393.0,33.0,241.57,199.13,192.0,63.0,50.6674813859937,142.0,341.13,255,129.0,4.0,0.51
07:43:16,142.0,63.0,295.47,15.0,139.91,66.0,296.07,30.0,218.73,153.47000000000003,129.0,45.0,28.37938565226574,142.0,295.47,174,84.0,-81.0,0.48
07:43:17,142.0,69.0,249.89,35.0,141.0,72.0,263.78,27.0,195.94,107.88999999999999,141.0,62.0,39.455779931462764,142.0,249.89,203,79.0,29.0,0.39
07:43:18,141.44,36.0,219.12,34.0,140.03,93.0,220.03,39.0,180.28,77.68,129.0,73.0,40.80568992187252,141.44,219.12,202,56.0,-1.0,0.28
07:43:19,141.0,56.0,208.53,30.0,139.0,108.0,215.0,30.0,174.77,67.53,164.0,60.0,27.81770964691374,141.0,208.53,224,104.0,22.0,0.46
07:43:20,141.0,80.0,212.38,52.0,139.0,144.0,213.6,40.0,176.69,71.38,224.0,92.0,18.450652291992032,141.0,212.38,316,132.0,92.0,0.42
07:43:21,144.38,80.0,208.05,38.0,139.83,108.0,210.2,46.0,176.21,63.670000000000016,188.0,84.0,8.715054216698048,144.38,208.05,272,104.0,-44.0,0.38
07:43:22,147.0,53.0,204.77,52.0,142.45,55.0,205.75,51.0,175.88,57.77000000000001,108.0,103.0,2.087589519034886,147.0,204.77,211,5.0,-61.0,0.02
07:43:23,147.0,16.0,201.54,41.0,143.0,64.0,202.78,46.0,174.27,54.53999999999999,80.0,87.0,1.0111775313878695,147.0,201.54,167,-7.0,-44.0,-0.04
07:43:24,147.0,15.0,196.48,46.0,142.23,65.0,198.23,48.0,171.74,49.47999999999999,80.0,94.0,2.015333719259255,147.0,196.48,174,-14.0,7.0,-0.08
07:43:25,143.83,24.0,191.57,49.0,140.3,77.0,193.1,39.0,167.7,47.73999999999998,101.0,88.0,3.52707385802771,143.83,191.57,189,13.0,15.0,0.07
07:43:26,143.0,6.0,187.1,21.0,141.0,12.0,188.43,21.0,165.05,44.099999999999994,18.0,42.0,4.508921156993246,143.0,187.1,60,-24.0,-129.0,-0.4
07:43:27,143.0,19.0,177.06,70.0,141.0,38.0,183.51,61.0,160.03,34.06,57.0,131.0,5.597344906290809,143.0,177.06,188,-74.0,128.0,-0.39
07:43:28,143.0,12.0,179.66,47.0,141.0,24.0,180.71,45.0,161.33,36.66,36.0,92.0,4.76301900058966,143.0,179.66,128,-56.0,-60.0,-0.44
07:43:29,142.37,19.0,174.27,44.0,139.9,58.0,176.58,48.0,158.32,31.900000000000006,77.0,92.0,3.8237324697180988,142.37,174.27,169,-15.0,41.0,-0.09
07:43:30,141.38,39.0,167.91,47.0,139.15,104.0,169.8,30.0,154.65,26.53,143.0,77.0,3.8288483908317668,141.38,167.91,220,66.0,51.0,0.3
07:43:31,142.0,33.0,164.14,14.0,141.0,32.0,165.2,41.0,153.07,22.139999999999986,65.0,55.0,3.5173711774525147,142.0,164.14000000000001,120,10.0,-100.0,0.08
07:43:32,142.02,52.0,159.06,31.0,141.04,71.0,161.52,56.0,150.54,17.039999999999992,123.0,87.0,4.275999298406483,142.02,159.06,210,36.0,90.0,0.17
07:43:33,143.0,10.0,154.07,15.0,142.0,30.0,154.68,34.0,148.53,11.069999999999993,40.0,49.0,3.776899522091024,143.0,154.07,89,-9.0,-121.0,-0.1
07:43:34,141.37,59.0,151.68,25.0,139.21,159.0,153.65,48.0,146.53,10.310000000000002,218.0,73.0,3.291516367872136,141.37,151.68,291,145.0,177.5,0.5
07:43:35,141.0,40.0,148.3,40.0,139.0,120.0,150.0,10.0,144.65,7.300000000000011,160.0,50.0,3.3021326442117815,141.0,148.3,210,110.0,-81.0,0.52
07:43:36,141.0,56.0,147.37,41.0,139.0,123.0,151.07,14.0,144.18,6.3700000000000045,179.0,55.0,2.6694250317190367,141.0,147.37,234,124.0,24.0,0.53
07:43:37,146.0,30.0,148.08,50.0,141.0,48.0,149.0,34.0,147.04,2.0800000000000125,78.0,84.0,1.7836283245025681,146.0,148.08,162,-6.0,-72.0,-0.04
07:43:38,141.32,47.0,146.06,33.0,140.15,26.0,147.28,25.0,143.69,4.740000000000009,73.0,58.0,1.4812055900405332,141.32,146.06,131,15.0,-31.0,0.11
07:43:39,140.93,29.0,143.26,38.0,139.72,25.0,144.64,22.0,142.1,2.329999999999984,54.0,60.0,1.7924480466576604,140.93,143.26,114,-6.0,-17.0,-0.05
