Time,Bid1_Price,Bid1_Volume,Ask1_Price,Ask1_Volume,Bid2_Price,Bid2_Volume,Ask2_Price,Ask2_Volume,Mid-Price,Bid_Ask_Spread,Market_Depth_Bid,Market_Depth_Ask,Historical_Volatility,Weighted_Avg_Bid_Price,Weighted_Avg_Ask_Price,Total_volume,Cumulative_Volume_Difference,Total_Volume_Change_Corrected,Order_imbalance
07:30:04,147.0,18.0,151.91,22.0,146.0,54.0,414.86,14.0,149.45,4.909999999999997,72.0,36.0,,147.0,151.91,108,36.0,96.0,0.33
07:30:05,147.0,9.0,187.0,12.0,134.67,27.0,423.33,6.0,167.0,40.0,36.0,18.0,67.25141634196264,147.0,187.0,54,18.0,-54.0,0.33
07:30:06,147.75,12.0,187.0,16.0,112.0,36.0,630.0,14.0,167.38,39.25,48.0,30.0,48.75560254986085,147.75,187.0,78,18.0,24.0,0.23
07:30:07,149.0,15.0,186.89,18.0,122.4,45.0,408.67,18.0,167.94,37.889999999999986,60.0,36.0,40.75274812819374,149.0,186.89,96,24.0,18.0,0.25
07:30:08,150.0,48.0,178.27,11.0,138.0,36.0,182.73,15.0,164.14,28.27000000000001,84.0,26.0,7.815441126385506,150.0,178.27,110,58.0,14.0,0.53
07:30:09,150.05,66.0,171.81,21.0,150.0,9.0,175.64,22.0,160.93,21.75999999999999,75.0,43.0,2.9355612751223426,150.05,171.81,118,32.0,8.0,0.27
07:30:10,150.85,78.0,165.03,34.0,151.33,27.0,166.7,30.0,157.94,14.180000000000007,105.0,64.0,4.2590585814235755,150.85,165.03,169,41.0,51.0,0.24
07:30:11,155.6,30.0,157.0,14.0,154.0,28.0,158.86,14.0,156.3,1.4000000000000057,58.0,28.0,4.702903358564534,155.6,157.0,86,30.0,-83.0,0.35
07:30:12,155.33,12.0,157.2,10.0,149.76,34.0,159.5,16.0,156.27,1.8699999999999761,46.0,26.0,3.3890898483217207,155.33,157.2,72,20.0,-14.0,0.28
07:30:13,154.83,12.0,158.0,6.0,147.0,54.0,161.0,24.0,156.42,3.1699999999999875,66.0,30.0,2.0032398758005114,154.83,158.0,96,36.0,24.0,0.38
07:30:14,156.0,24.0,158.0,12.0,147.92,108.0,161.0,68.0,157.0,2.0,132.0,80.0,0.7095632459458265,156.0,158.0,212,52.0,116.0,0.25
07:30:15,157.27,22.0,160.49,45.0,147.0,99.0,285.36,44.0,158.88,3.219999999999999,121.0,89.0,1.105703396032216,157.27,160.49,210,32.0,-2.0,0.15
07:30:16,154.59,29.0,159.83,52.0,146.06,97.0,161.59,41.0,157.21,5.240000000000009,126.0,93.0,1.039966345607965,154.58999999999997,159.82999999999998,219,33.0,9.0,0.15
07:30:17,148.45,99.0,159.8,20.0,134.0,77.0,192.1,31.0,154.13,11.350000000000023,176.0,51.0,1.716237163097564,148.45,159.8,227,125.0,8.0,0.55
07:30:18,151.0,71.0,155.9,10.0,134.0,70.0,180.57,23.0,153.45,4.900000000000006,141.0,33.0,2.2731102041029967,151.0,155.9,174,108.0,-53.0,0.62
07:30:19,151.08,65.0,156.0,11.0,135.71,76.0,177.0,11.0,153.54,4.9199999999999875,141.0,22.0,2.4623505030757,151.08,156.0,163,119.0,-11.0,0.73
07:30:20,152.0,60.0,156.0,12.0,150.96,56.0,197.19,52.0,154.0,4.0,116.0,64.0,1.561195055077077,152.0,156.0,180,52.0,17.0,0.29
07:30:21,153.34,38.0,155.5,10.0,152.37,38.0,185.74,23.0,154.42,2.1599999999999966,76.0,33.0,0.4077621855899234,153.34,155.5,109,43.0,-71.0,0.39
07:30:22,155.0,60.0,156.0,20.0,154.0,36.0,192.0,36.0,155.5,1.0,96.0,56.0,0.8328985532446781,155.0,156.0,152,40.0,43.0,0.26
07:30:23,156.26,95.0,185.25,48.0,151.95,66.0,197.38,87.0,170.76,28.99000000000001,161.0,135.0,7.3678680769946725,156.26,185.25,296,26.0,144.0,0.09
07:30:24,159.77,112.0,192.0,45.0,158.38,71.0,198.0,90.0,175.88,32.22999999999999,183.0,135.0,10.40475468235544,159.77,192.0,318,48.0,22.0,0.15
07:30:25,161.48,102.0,188.3,56.0,160.07,141.0,194.38,29.0,174.89,26.82000000000002,243.0,85.0,10.526514142867892,161.48,188.3,328,158.0,10.0,0.48
07:30:26,161.76,82.0,181.38,55.0,160.26,134.0,183.41,39.0,171.57,19.620000000000005,216.0,94.0,8.236913863820476,161.76,181.38,310,122.0,-18.0,0.39
07:30:27,161.0,48.0,176.47,32.0,160.0,40.0,179.73,30.0,168.73,15.469999999999999,88.0,62.0,2.9644611652032395,161.0,176.47,150,26.0,-160.0,0.17
07:30:28,161.0,48.0,175.19,32.0,160.0,40.0,176.07,40.0,168.09,14.189999999999998,88.0,72.0,3.5153691129094997,161.0,175.19,160,16.0,10.0,0.1
07:30:29,161.0,66.0,171.86,42.0,160.0,55.0,173.23,47.0,166.43,10.860000000000014,121.0,89.0,3.330393370158863,161.0,171.86,210,32.0,50.0,0.15
07:30:30,161.09,53.0,167.76,59.0,160.43,70.0,168.76,41.0,164.43,6.6699999999999875,123.0,100.0,2.663794286351368,161.09,167.76,223,23.0,13.0,0.1
07:30:31,162.72,25.0,167.05,42.0,161.07,45.0,168.53,38.0,164.88,4.3300000000000125,70.0,80.0,1.8983203101685084,162.72,167.05,150,-10.0,-73.0,-0.07
07:30:32,163.0,54.0,164.48,42.0,162.0,9.0,168.22,27.0,163.74,1.4799999999999898,63.0,69.0,1.7463476171708432,163.0,164.48,132,-6.0,-18.0,-0.05
07:30:33,163.0,40.0,168.03,58.0,161.41,17.0,169.8,30.0,165.52,5.030000000000001,57.0,88.0,1.02983008307113,163.0,168.03,145,-31.0,13.0,-0.21
07:30:34,164.27,30.0,169.0,60.0,163.43,28.0,171.0,10.0,166.63,4.72999999999999,58.0,70.0,1.1007043199689395,164.27,169.0,128,-12.0,-17.0,-0.09
07:30:35,168.0,3.0,169.0,18.0,164.0,3.0,171.0,3.0,168.5,1.0,6.0,21.0,1.8119547455712863,168.0,169.0,27,-15.0,-101.0,-0.56
07:30:36,166.4,10.0,168.77,39.0,163.18,34.0,169.74,19.0,167.58,2.3700000000000045,44.0,58.0,1.8510213396928576,166.4,168.77,102,-14.0,75.0,-0.14
07:30:37,163.2,35.0,167.03,34.0,162.72,57.0,167.75,36.0,165.11,3.8300000000000125,92.0,70.0,1.4084282019323378,163.2,167.03,162,22.0,60.0,0.14
07:30:38,163.0,77.0,165.73,11.0,160.74,27.0,168.27,33.0,164.36,2.7299999999999898,104.0,44.0,1.7083998361034627,163.0,165.73,148,60.0,-14.0,0.41
07:30:39,163.0,42.0,167.75,8.0,160.0,42.0,168.69,16.0,165.38,4.75,84.0,24.0,1.763485185647538,163.0,167.75,108,60.0,-40.0,0.56
07:30:40,163.0,53.0,168.94,34.0,160.0,64.0,248.11,18.0,165.97,5.939999999999998,117.0,52.0,1.2094833607777733,163.0,168.94,169,65.0,61.0,0.38
07:30:41,163.0,32.0,168.0,16.0,160.0,48.0,169.0,32.0,165.5,5.0,80.0,48.0,0.5934054263303172,163.0,168.0,128,32.0,-41.0,0.25
07:30:42,160.86,56.0,166.73,22.0,159.75,32.0,185.0,32.0,163.79,5.869999999999976,88.0,54.0,0.8956840960954131,160.85999999999999,166.73,142,34.0,14.0,0.24
07:30:43,165.12,60.0,169.41,27.0,161.54,41.0,246.45,44.0,167.26,4.289999999999992,101.0,71.0,1.247497494986778,165.12,169.41,172,30.0,30.0,0.17
07:30:44,168.0,59.0,169.37,19.0,167.0,44.0,217.25,32.0,168.68,1.3700000000000045,103.0,51.0,1.8450609746017317,168.0,169.37,154,52.0,-18.0,0.34
07:30:45,167.84,19.0,170.0,9.0,166.91,33.0,224.0,36.0,168.92,2.1599999999999966,52.0,45.0,2.1786463687340967,167.84,170.0,97,7.0,-57.0,0.07
07:30:46,167.0,27.0,170.0,9.0,164.0,9.0,227.51,37.0,168.5,3.0,36.0,46.0,2.133424477219253,167.0,170.0,82,-10.0,-15.0,-0.12
07:30:47,167.0,30.0,290.11,46.0,164.0,10.0,434.0,41.0,228.55,123.11000000000001,40.0,87.0,26.934361325266252,167.0,290.11,127,-47.0,45.0,-0.37
07:30:48,167.0,30.0,359.67,45.0,164.0,10.0,560.96,45.0,263.33,192.67000000000002,40.0,90.0,44.0571620738331,167.0,359.67,130,-50.0,3.0,-0.38
07:30:49,167.0,27.0,422.82,39.0,164.0,9.0,653.0,41.0,294.91,255.82,36.0,80.0,56.36109269700153,167.0,422.82,116,-44.0,-14.0,-0.38
07:30:50,167.0,30.0,271.04,49.0,164.0,10.0,363.63,41.0,219.02,104.04000000000002,40.0,90.0,47.72555573275181,167.0,271.04,130,-50.0,14.0,-0.38
07:30:51,167.0,18.0,237.11,19.0,164.0,6.0,294.66,29.0,202.05,70.11000000000001,24.0,48.0,37.277696012495184,167.0,237.11,72,-24.0,-58.0,-0.33
07:30:52,167.0,36.0,170.86,85.0,164.0,12.0,253.37,27.0,168.93,3.8600000000000136,48.0,112.0,49.88708570361671,167.0,170.86,160,-64.0,88.0,-0.4
07:30:53,165.17,6.0,169.0,36.0,162.5,6.0,191.0,8.0,167.08,3.8300000000000125,12.0,44.0,52.15925200767356,165.17,169.0,56,-32.0,-104.0,-0.57
07:30:54,164.0,8.0,169.0,72.0,163.0,8.0,278.95,19.0,166.5,5.0,16.0,91.0,24.33762991747546,164.0,169.0,107,-75.0,51.0,-0.7
07:30:55,166.0,13.0,169.0,115.0,163.27,15.0,378.0,52.0,167.5,3.0,28.0,167.0,15.476151653431032,166.0,169.0,195,-139.0,88.0,-0.71
07:30:56,161.8,10.0,169.0,56.0,160.6,15.0,352.8,20.0,165.4,7.199999999999989,25.0,76.0,1.2997769039321379,161.8,169.0,101,-51.0,-94.0,-0.5
07:30:57,160.0,24.0,169.0,60.0,159.0,27.0,364.0,36.0,164.5,9.0,51.0,96.0,1.2333207206543333,160.0,169.0,147,-45.0,46.0,-0.31
07:30:58,160.0,10.0,169.0,20.0,159.0,15.0,423.45,22.0,164.5,9.0,25.0,42.0,1.3084341787018878,160.0,169.0,67,-17.0,-80.0,-0.25
07:30:59,160.0,18.0,168.82,34.0,159.0,32.0,204.77,26.0,164.41,8.819999999999993,50.0,60.0,1.314807970768073,160.0,168.82,110,-10.0,43.0,-0.09
07:31:00,160.96,152.0,168.0,27.0,159.67,18.0,169.0,29.0,164.48,7.039999999999992,170.0,56.0,0.41643727018029014,160.96,168.0,226,114.0,116.0,0.5
07:31:01,161.0,230.0,168.0,30.0,160.0,20.0,169.0,30.0,164.5,7.0,250.0,60.0,0.03898717731754231,161.0,168.0,310,190.0,84.0,0.61
07:31:02,161.0,190.0,168.0,30.0,160.0,20.0,169.12,24.0,164.5,7.0,210.0,54.0,0.03898717731754231,161.0,168.0,264,156.0,-46.0,0.59
07:31:03,161.0,133.0,168.0,23.0,160.0,14.0,169.0,21.0,164.5,7.0,147.0,44.0,0.03898717731754231,161.0,168.0,191,103.0,-73.0,0.54
07:31:04,161.0,323.0,167.63,81.0,160.0,34.0,168.82,55.0,164.31,6.6299999999999955,357.0,136.0,0.08318653734341727,161.0,167.63,493,221.0,168.0,0.45
07:31:05,161.0,285.0,167.4,45.0,160.0,30.0,169.0,69.0,164.2,6.400000000000006,315.0,114.0,0.13971399355534858,161.0,167.4,429,201.0,-64.0,0.47
07:31:06,161.0,158.0,166.0,28.0,160.0,20.0,169.0,46.0,163.5,5.0,178.0,74.0,0.4129406736992107,161.0,166.0,252,104.0,-168.0,0.41
07:31:07,161.01,136.0,163.6,25.0,160.45,33.0,167.8,25.0,162.3,2.5900000000000034,169.0,50.0,0.9003999111478695,161.01,163.6,219,119.0,-33.0,0.54
07:31:08,161.0,99.0,162.0,21.0,158.14,58.0,166.0,14.0,161.5,1.0,157.0,35.0,1.2262626146119802,161.0,162.0,192,122.0,-27.0,0.64
07:31:09,161.0,180.0,162.0,30.0,158.04,182.0,166.0,28.0,161.5,1.0,362.0,58.0,1.21243556529613,161.0,162.0,420,304.0,168.0,0.72
07:31:10,161.0,110.0,162.0,20.0,160.0,40.0,166.0,20.0,161.5,1.0,150.0,40.0,0.8763560920053638,161.0,162.0,190,110.0,-168.0,0.58
07:31:11,161.0,56.0,162.0,16.0,160.0,32.0,166.0,16.0,161.5,1.0,88.0,32.0,0.357770876392817,161.0,162.0,120,56.0,-70.0,0.47
07:31:12,160.5,32.0,162.0,16.0,159.67,24.0,167.0,24.0,161.25,1.5,56.0,40.0,0.11180339885200036,160.5,162.0,96,16.0,-24.0,0.17
07:31:13,161.0,11.0,162.0,22.0,160.0,44.0,166.18,33.0,161.5,1.0,55.0,55.0,0.11180339885200036,161.0,162.0,110,0.0,14.0,0.0
07:31:14,161.0,9.0,162.0,18.0,160.0,36.0,166.22,27.0,161.5,1.0,45.0,45.0,0.11180339885200036,161.0,162.0,90,0.0,-20.0,0.0
07:31:15,161.0,10.0,169.75,65.0,160.0,40.0,387.91,35.0,165.38,8.75,50.0,100.0,1.766459736307327,161.0,169.75,150,-50.0,60.0,-0.33
07:31:16,161.67,18.0,170.0,70.0,160.14,28.0,364.8,30.0,165.83,8.330000000000013,46.0,100.0,2.301818846042216,161.67,170.0,146,-54.0,-4.0,-0.37
07:31:17,162.33,27.0,170.0,63.0,161.0,9.0,235.22,27.0,166.17,7.6699999999999875,36.0,90.0,2.3681912929481244,162.33000000000004,170.0,126,-54.0,-20.0,-0.43
07:31:18,163.0,39.0,167.61,67.0,161.0,13.0,170.16,80.0,165.31,4.610000000000014,52.0,147.0,1.898491506432274,163.0,167.61,199,-95.0,73.0,-0.48
07:31:19,162.9,30.0,165.35,43.0,160.15,47.0,166.23,83.0,164.12,2.4499999999999886,77.0,126.0,0.7774123744806194,162.9,165.35,203,-49.0,4.0,-0.24
07:31:20,160.68,19.0,164.05,37.0,159.85,67.0,165.73,67.0,162.37,3.3700000000000045,86.0,104.0,1.5457360706134409,160.68,164.05,190,-18.0,-13.0,-0.09
07:31:21,158.51,55.0,162.61,49.0,157.2,25.0,168.02,59.0,160.56,4.100000000000023,80.0,108.0,2.263720389092985,158.51,162.61,188,-28.0,-2.0,-0.15
07:31:22,157.58,36.0,160.68,19.0,155.14,57.0,162.29,45.0,159.13,3.0999999999999943,93.0,64.0,2.522591921019946,157.58,160.68,157,29.0,-31.0,0.18
07:31:23,160.0,17.0,161.35,17.0,157.0,17.0,162.84,19.0,160.68,1.3499999999999943,34.0,36.0,1.9178295023267757,160.0,161.35,70,-2.0,-87.0,-0.03
07:31:24,159.18,34.0,162.46,13.0,158.83,46.0,163.95,19.0,160.82,3.280000000000001,80.0,32.0,1.149726054325503,159.18,162.46,112,48.0,42.0,0.43
07:31:25,158.17,12.0,164.0,12.0,154.14,21.0,176.4,25.0,161.08,5.8300000000000125,33.0,37.0,0.7650359468645,158.17,164.0,70,-4.0,-42.0,-0.06
07:31:26,157.0,7.0,164.0,14.0,154.0,28.0,318.28,29.0,160.5,7.0,35.0,43.0,0.7634264863068752,157.0,164.0,78,-8.0,8.0,-0.1
07:31:27,157.0,8.0,164.0,16.0,154.0,32.0,165.0,16.0,160.5,7.0,40.0,32.0,0.24388521889378692,157.0,164.0,72,8.0,-6.0,0.11
07:31:28,159.2,10.0,164.78,18.0,154.12,33.0,322.7,33.0,161.99,5.5800000000000125,43.0,51.0,0.6157272123228688,159.2,164.78,94,-8.0,22.0,-0.09
07:31:29,158.0,11.0,163.7,27.0,154.0,44.0,201.17,30.0,160.85,5.699999999999989,55.0,57.0,0.6139462517149943,158.0,163.7,112,-2.0,18.0,-0.02
07:31:30,159.83,12.0,163.0,60.0,155.62,24.0,505.6,48.0,161.42,3.1699999999999875,36.0,108.0,0.6452673864336316,159.83,163.0,144,-72.0,32.0,-0.5
07:31:31,153.57,47.0,163.0,35.0,95.77,31.0,188.0,7.0,158.29,9.430000000000007,78.0,42.0,1.4153268173799611,153.57,163.0,120,36.0,-24.0,0.3
07:31:32,153.08,60.0,163.0,30.0,124.58,40.0,223.33,6.0,158.04,9.919999999999987,100.0,36.0,1.8299644805282125,153.08,163.0,136,64.0,16.0,0.47
07:31:33,154.0,40.0,163.0,40.0,153.0,88.0,246.57,14.0,158.5,9.0,128.0,54.0,1.586867984425566,154.0,163.0,182,74.0,46.0,0.41
07:31:34,154.0,20.0,163.0,20.0,153.0,44.0,211.0,16.0,158.5,9.0,64.0,36.0,1.3937001112129022,154.0,163.0,100,28.0,-82.0,0.28
07:31:35,158.52,90.0,213.39,67.0,155.85,93.0,312.47,75.0,185.96,54.869999999999976,183.0,142.0,12.356845066601556,158.52,213.39,325,41.0,168.0,0.13
07:31:36,165.14,88.0,338.12,78.0,162.19,121.0,380.33,36.0,251.63,172.98000000000002,209.0,114.0,40.43889439636049,165.14,338.12,323,95.0,-2.0,0.29
07:31:43,165.26,57.0,173.78,27.0,162.05,57.0,174.92,24.0,169.52,8.52000000000001,114.0,51.0,2.880083332127004,165.26,173.78,165,63.0,16.0,0.38
07:31:44,165.0,78.0,169.71,34.0,161.0,78.0,171.57,21.0,167.35,4.710000000000008,156.0,55.0,2.905517165668752,165.0,169.71,211,101.0,46.0,0.48
07:31:45,165.0,45.0,167.55,42.0,161.0,54.0,169.29,21.0,166.27,2.5500000000000114,99.0,63.0,2.9227093594806393,165.0,167.55,162,36.0,-49.0,0.22
07:31:46,161.87,23.0,166.35,57.0,110.84,83.0,171.81,16.0,164.11,4.47999999999999,106.0,73.0,2.9629967937876143,161.87,166.35,179,33.0,17.0,0.18
07:31:47,161.0,16.0,164.42,24.0,58.3,40.0,166.08,24.0,162.71,3.4199999999999875,56.0,48.0,2.6777639925870305,161.0,164.42,104,8.0,-75.0,0.08
07:31:48,146.91,22.0,163.0,35.0,138.0,29.0,164.0,7.0,154.95,16.090000000000003,51.0,42.0,4.891412883819515,146.91,163.0,93,9.0,-11.0,0.1
07:31:49,139.47,127.0,160.97,30.0,132.36,45.0,159.19,27.0,150.22,21.5,172.0,57.0,6.784071049155903,139.47,160.97,229,115.0,136.0,0.5
07:31:50,146.19,31.0,199.5,8.0,116.41,59.0,249.55,22.0,172.85,53.31,90.0,30.0,8.74391902981697,146.19,199.5,120,60.0,-109.0,0.5
07:31:51,160.64,42.0,334.0,16.0,130.79,24.0,466.12,32.0,247.32,173.36,66.0,48.0,39.89937154893541,160.64,334.0,114,18.0,-6.0,0.16
07:31:53,162.7,30.0,424.38,32.0,160.0,30.0,504.56,36.0,293.54,261.68,60.0,68.0,83.79022926332165,162.7,424.38,128,-8.0,-1.0,-0.06
07:31:54,161.13,62.0,419.09,87.0,143.33,52.0,480.41,39.0,290.11,257.96,114.0,126.0,66.52595831703599,161.13,419.0899999999999,240,-12.0,112.0,-0.05
07:31:55,160.39,38.0,381.79,38.0,149.5,26.0,479.69,26.0,271.09,221.40000000000003,64.0,64.0,39.015636993390395,160.39,381.79,128,0.0,-112.0,0.0
07:31:56,164.54,37.0,411.71,49.0,157.83,58.0,554.26,46.0,288.13,247.17,95.0,95.0,31.080212837109304,164.54,411.7099999999999,190,0.0,62.0,0.0
07:31:57,168.0,26.0,315.43,35.0,162.29,70.0,400.88,32.0,241.71,147.43,96.0,67.0,21.50347367287465,168.0,315.43,163,29.0,-27.0,0.18
07:32:04,167.2,5.0,226.33,12.0,164.6,10.0,227.44,18.0,196.77,59.130000000000024,15.0,30.0,34.52822685861541,167.2,226.33,45,-15.0,-41.0,-0.33
07:32:05,167.0,6.0,223.83,12.0,164.0,12.0,226.0,24.0,195.42,56.83000000000001,18.0,36.0,33.79409312291142,167.0,223.83,54,-18.0,9.0,-0.33
07:32:06,161.15,82.0,219.53,19.0,160.44,36.0,223.62,26.0,190.34,58.379999999999995,118.0,45.0,25.82531161477066,161.15,219.52999999999997,163,73.0,109.0,0.45
07:32:07,161.0,96.0,185.27,15.0,160.0,36.0,194.55,20.0,173.13,24.27000000000001,132.0,35.0,11.86618514940703,161.0,185.27,167,97.0,4.0,0.58
07:32:08,161.53,105.0,177.54,13.0,160.48,54.0,179.0,11.0,169.54,16.00999999999999,159.0,24.0,12.801615132474804,161.53,177.54,183,135.0,16.0,0.74
07:32:09,165.0,77.0,175.17,24.0,161.0,143.0,176.08,26.0,170.08,10.169999999999987,220.0,50.0,12.239923202373767,165.0,175.17,270,170.0,87.0,0.63
07:32:10,165.0,99.0,170.69,45.0,161.0,195.0,171.44,34.0,167.84,5.689999999999998,294.0,79.0,9.230156011683,165.0,170.69,373,215.0,103.0,0.58
07:32:11,165.0,48.0,166.03,29.0,161.0,104.0,167.3,10.0,165.52,1.0300000000000011,152.0,39.0,2.8162244228768163,165.0,166.03,191,113.0,-168.0,0.59
07:32:12,165.0,21.0,166.0,32.0,161.0,104.0,168.5,8.0,165.5,1.0,125.0,40.0,2.1599722220454325,165.0,166.0,165,85.0,-26.0,0.52
07:32:13,163.32,62.0,169.75,16.0,160.95,149.0,267.96,25.0,166.54,6.430000000000007,211.0,41.0,1.9234032338560478,163.32,169.75,252,170.0,87.0,0.67
07:32:14,165.0,24.0,170.0,16.0,161.0,178.0,171.0,8.0,167.5,5.0,202.0,24.0,1.0869222603332247,165.0,170.0,226,178.0,-26.0,0.79
07:32:15,165.17,23.0,168.7,20.0,161.06,252.0,171.0,10.0,166.94,3.530000000000001,275.0,30.0,0.8811356308808981,165.17,168.7,305,245.0,79.0,0.8
07:32:16,166.88,16.0,170.38,8.0,165.0,16.0,256.89,18.0,168.62,3.5,32.0,26.0,1.1551623262589192,166.88,170.38,58,6.0,-168.0,0.1
07:32:17,166.11,18.0,441.23,22.0,161.41,78.0,469.28,25.0,303.67,275.12,96.0,47.0,60.946820917911786,166.11,441.2300000000001,143,49.0,85.0,0.34
07:32:18,166.0,19.0,455.04,50.0,161.91,32.0,712.7,40.0,310.52,289.04,51.0,90.0,76.39788086066267,166.0,455.04,141,-39.0,-2.0,-0.28
07:32:19,163.77,13.0,405.83,60.0,161.03,111.0,726.0,36.0,284.8,242.05999999999997,124.0,96.0,72.8493424815901,163.77,405.83,220,28.0,79.0,0.13
07:32:20,167.15,78.0,380.09,44.0,160.7,154.0,492.43,46.0,273.62,212.93999999999997,232.0,90.0,57.59818903403135,167.15,380.09,322,142.0,102.0,0.44
07:32:24,167.22,9.0,402.22,45.0,160.4,53.0,613.67,27.0,284.72,235.00000000000003,62.0,72.0,5.3706731421684,167.22,402.22,134,-10.0,91.0,-0.07
07:32:25,163.77,26.0,386.0,30.0,160.85,66.0,402.0,50.0,274.88,222.23,92.0,80.0,4.952511484086535,163.77,386.0,172,12.0,38.0,0.07
07:32:26,160.41,117.0,384.2,50.0,159.0,17.0,386.0,30.0,272.31,223.79,134.0,80.0,6.268418460824764,160.41,384.2,214,54.0,42.0,0.25
07:32:27,161.89,152.0,380.3,50.0,159.35,92.0,381.31,48.0,271.1,218.41000000000003,244.0,98.0,7.195152534867337,161.89,380.3,342,146.0,128.0,0.43
07:32:39,167.24,21.0,173.67,15.0,163.38,34.0,349.4,25.0,170.45,6.429999999999978,55.0,40.0,1.567488436950291,167.24,173.67,95,15.0,-38.0,0.16
07:32:40,164.0,36.0,361.58,24.0,160.22,74.0,432.27,33.0,262.79,197.57999999999998,110.0,57.0,41.31133645865234,164.0,361.58,167,53.0,72.0,0.32
07:32:41,164.0,18.0,233.27,15.0,160.0,36.0,246.33,15.0,198.63,69.27000000000001,54.0,30.0,40.238955254827125,164.0,233.27,84,24.0,-83.0,0.29
07:32:42,164.12,34.0,219.79,42.0,160.67,72.0,273.43,56.0,191.95,55.66999999999999,106.0,98.0,38.17401105464266,164.12,219.79000000000002,204,8.0,120.0,0.04
07:32:43,164.0,24.0,196.0,40.0,160.0,48.0,219.0,24.0,180.0,32.0,72.0,64.0,36.330247453051854,164.0,196.0,136,8.0,-68.0,0.06
07:32:44,164.0,36.0,188.17,41.0,160.0,72.0,217.23,30.0,176.09,24.169999999999987,108.0,71.0,35.22447047153414,164.0,188.17,179,37.0,43.0,0.21
07:32:45,164.0,15.0,194.0,15.0,161.29,21.0,288.8,5.0,179.0,30.0,36.0,20.0,9.674421429727833,164.0,194.0,56,16.0,-123.0,0.29
07:32:46,164.0,30.0,194.0,30.0,163.0,30.0,382.0,10.0,179.0,30.0,60.0,40.0,6.180499170777101,164.0,194.0,100,20.0,44.0,0.2
07:32:47,164.0,42.0,191.21,42.0,163.0,42.0,244.83,47.0,177.61,27.210000000000008,84.0,89.0,1.5184037671106725,164.0,191.21,173,-5.0,73.0,-0.03
07:32:48,164.0,27.0,188.29,28.0,163.0,27.0,323.46,37.0,176.14,24.289999999999992,54.0,65.0,1.4427993623424353,164.0,188.29,119,-11.0,-54.0,-0.09
07:32:49,164.55,40.0,182.19,43.0,163.66,41.0,210.0,41.0,173.37,17.639999999999986,81.0,84.0,2.3603876800169195,164.55,182.19,165,-3.0,46.0,-0.02
07:32:50,167.0,12.0,189.38,24.0,166.0,48.0,213.43,21.0,178.19,22.379999999999995,60.0,45.0,2.214129625829443,167.0,189.38,105,15.0,-60.0,0.14
07:32:51,166.75,32.0,189.18,51.0,165.94,99.0,337.26,53.0,177.96,22.430000000000007,131.0,104.0,2.0017317502541654,166.75,189.18,235,27.0,130.0,0.11
07:32:52,166.0,56.0,188.43,21.0,164.0,21.0,406.7,27.0,177.21,22.430000000000007,77.0,48.0,1.9615631521762404,166.0,188.43,125,29.0,-110.0,0.23
07:32:53,166.0,72.0,187.22,27.0,164.0,27.0,328.0,9.0,176.61,21.22,99.0,36.0,1.946771686658608,166.0,187.22,135,63.0,10.0,0.47
07:32:54,166.0,73.0,171.35,37.0,164.0,30.0,438.54,37.0,168.68,5.349999999999994,103.0,74.0,3.990357126871667,166.0,171.35,177,29.0,42.0,0.16
07:32:56,166.0,36.0,399.59,37.0,164.0,27.0,432.17,36.0,282.8,233.58999999999997,63.0,73.0,74.74744243116268,166.0,399.59,136,-10.0,-30.0,-0.07
07:32:57,166.0,27.0,331.13,30.0,163.67,27.0,332.48,29.0,248.57,165.13,54.0,59.0,69.42511123505658,166.0,331.13,113,-5.0,-23.0,-0.04
07:32:58,166.0,42.0,324.72,43.0,163.08,36.0,326.37,46.0,245.36,158.72000000000003,78.0,89.0,59.442954334386684,166.0,324.72,167,-11.0,54.0,-0.07
07:32:59,164.55,44.0,322.3,37.0,161.25,32.0,323.61,38.0,243.42,157.75,76.0,75.0,37.60799914911696,164.55,322.3,151,1.0,-16.0,0.01
07:33:00,162.0,73.0,320.5,48.0,160.0,143.0,321.63,43.0,241.25,158.5,216.0,91.0,17.27195269794306,162.0,320.5,307,125.0,156.0,0.41
07:33:01,165.93,30.0,315.8,30.0,161.91,45.0,316.69,29.0,240.87,149.87,75.0,59.0,3.1770316334564423,165.93,315.8,134,16.0,-168.0,0.12
07:33:02,167.96,152.0,278.46,37.0,163.78,18.0,300.71,31.0,223.21,110.49999999999997,170.0,68.0,8.912225872361143,167.96,278.46,238,102.0,104.0,0.43
07:33:03,168.0,110.0,214.6,30.0,164.0,10.0,253.8,30.0,191.3,46.599999999999994,120.0,60.0,22.072660691452302,168.0,214.6,180,60.0,-58.0,0.33
07:33:04,168.0,154.0,211.28,47.0,164.0,14.0,212.38,47.0,189.64,43.28,168.0,94.0,25.520288595546575,168.0,211.28,262,74.0,82.0,0.28
07:33:05,168.0,165.0,207.66,47.0,164.0,15.0,208.91,47.0,187.83,39.66,180.0,94.0,24.105834356022296,168.0,207.66,274,86.0,12.0,0.31
07:33:06,168.0,132.0,201.26,46.0,164.0,12.0,202.93,40.0,184.63,33.25999999999999,144.0,86.0,15.784890560279015,168.0,201.26,230,58.0,-44.0,0.25
07:33:07,168.0,107.0,196.37,51.0,164.0,13.0,197.57,49.0,182.19,28.370000000000005,120.0,100.0,3.702427582004266,168.0,196.37,220,20.0,-10.0,0.09
07:33:08,168.0,35.0,193.06,16.0,164.0,5.0,194.4,20.0,180.53,25.060000000000002,40.0,36.0,3.7929513574505584,168.0,193.06,76,4.0,-144.0,0.05
07:33:13,168.0,70.0,180.52,44.0,164.0,14.0,182.64,45.0,174.26,12.52000000000001,84.0,89.0,2.4838417823980854,168.0,180.52,173,-5.0,-3.0,-0.03
07:33:14,168.0,61.0,175.98,44.0,164.0,14.0,177.03,37.0,171.99,7.97999999999999,75.0,81.0,3.179740555452061,168.0,175.98,156,-6.0,-17.0,-0.04
07:33:15,160.48,77.0,171.73,49.0,150.04,23.0,173.38,32.0,166.11,11.25,100.0,81.0,4.8116452487674914,160.48,171.72999999999996,181,19.0,25.0,0.1
07:33:16,159.0,77.0,168.08,36.0,141.8,20.0,168.91,23.0,163.54,9.080000000000013,97.0,59.0,5.451453934501067,159.0,168.08,156,38.0,-25.0,0.24
07:33:17,159.9,68.0,164.45,33.0,157.0,52.0,167.0,11.0,162.18,4.549999999999983,120.0,44.0,5.284565261209989,159.9,164.45,164,76.0,8.0,0.46
07:33:18,159.0,80.0,163.41,22.0,103.19,37.0,165.32,19.0,161.2,4.409999999999997,117.0,41.0,4.319031141354237,159.0,163.41,158,76.0,-6.0,0.48
07:33:19,159.0,180.0,161.05,21.0,139.3,40.0,167.54,39.0,160.02,2.0500000000000114,220.0,60.0,2.3449946695009216,159.0,161.05,280,160.0,122.0,0.57
07:33:20,159.3,145.0,166.88,33.0,151.54,52.0,237.81,53.0,163.09,7.579999999999984,197.0,86.0,1.4276133930401935,159.3,166.88,283,111.0,3.0,0.39
07:33:21,166.0,46.0,167.8,30.0,163.0,88.0,317.11,28.0,166.9,1.8000000000000114,134.0,58.0,2.6216635939776403,166.0,167.8,192,76.0,-91.0,0.4
07:33:22,164.6,47.0,454.66,29.0,161.78,79.0,505.22,23.0,309.63,290.06000000000006,126.0,52.0,65.71497979912941,164.6,454.66,178,74.0,-14.0,0.42
07:33:23,162.71,95.0,455.8,49.0,158.98,118.0,507.17,23.0,309.25,293.09000000000003,213.0,72.0,80.06130694661427,162.71,455.8,285,141.0,107.0,0.49
07:33:26,164.0,27.0,318.45,29.0,163.0,90.0,407.53,17.0,241.22,154.45,117.0,46.0,37.24155877511011,164.0,318.45,163,71.0,-29.0,0.44
07:33:27,164.0,9.0,318.0,15.0,163.0,30.0,320.0,3.0,241.0,154.0,39.0,18.0,46.48815687892975,164.0,318.0,57,21.0,-106.0,0.37
07:33:28,163.17,72.0,203.69,13.0,161.13,106.0,281.13,46.0,183.43,40.52000000000001,178.0,59.0,64.65335606138314,163.17,203.69,237,119.0,168.0,0.5
07:33:29,168.0,16.0,304.64,28.0,163.36,66.0,398.57,35.0,236.32,136.64,82.0,63.0,52.84506060172503,168.0,304.64,145,19.0,-92.0,0.13
07:33:30,168.0,20.0,298.59,34.0,167.0,30.0,374.47,38.0,233.29,130.58999999999997,50.0,72.0,24.611817689882113,168.0,298.59,122,-22.0,-23.0,-0.18
07:33:31,168.0,24.0,270.46,56.0,167.0,36.0,271.39,36.0,219.23,102.45999999999998,60.0,92.0,23.381112676688318,168.0,270.46,152,-32.0,30.0,-0.21
07:33:32,163.39,76.0,249.74,47.0,163.02,44.0,270.58,36.0,206.57,86.35000000000002,120.0,83.0,21.631805749867407,163.39,249.74,203,37.0,51.0,0.18
07:33:33,163.75,40.0,245.87,61.0,162.87,115.0,270.57,47.0,204.81,82.12,155.0,108.0,14.617204931175994,163.75,245.87,263,47.0,60.0,0.18
07:33:34,166.0,11.0,268.47,51.0,163.0,110.0,269.86,37.0,217.24,102.47000000000003,121.0,88.0,11.454209706478961,166.0,268.47,209,33.0,-54.0,0.16
07:33:35,166.0,13.0,218.22,49.0,163.0,136.0,262.12,41.0,192.11,52.22,149.0,90.0,10.911041196879395,166.0,218.22000000000003,239,59.0,30.0,0.25
07:33:36,166.0,8.0,205.0,40.0,163.0,88.0,267.0,24.0,185.5,39.0,96.0,64.0,12.532538848932477,166.0,205.0,160,32.0,-79.0,0.2
07:33:37,163.47,38.0,203.82,34.0,162.77,86.0,208.76,46.0,183.65,40.349999999999994,124.0,80.0,14.181564441203358,163.47,203.82,204,44.0,44.0,0.22
07:33:38,163.02,107.0,200.19,72.0,162.1,83.0,201.61,64.0,181.61,37.16999999999999,190.0,136.0,14.637211824661314,163.01999999999998,200.19,326,54.0,122.0,0.17
07:33:39,162.08,49.0,196.24,85.0,160.11,175.0,198.59,85.0,179.16,34.16,224.0,170.0,4.910654742496919,162.08,196.24,394,54.0,68.0,0.14
07:33:40,161.24,29.0,192.43,35.0,159.92,72.0,193.86,35.0,176.83,31.189999999999998,101.0,70.0,3.45711584995478,161.24,192.43,171,31.0,-168.0,0.18
07:33:41,160.25,75.0,190.17,48.0,159.36,66.0,191.21,48.0,175.21,29.919999999999987,141.0,96.0,3.4317225995131633,160.25,190.17,237,45.0,66.0,0.19
07:33:42,161.59,102.0,185.85,71.0,160.0,136.0,186.78,65.0,173.72,24.25999999999999,238.0,136.0,3.140100316870503,161.59,185.85,374,102.0,137.0,0.27
07:33:43,162.1,51.0,178.3,44.0,160.0,80.0,179.39,38.0,170.2,16.200000000000017,131.0,82.0,3.3680157363069476,162.1,178.3,213,49.0,-161.0,0.23
07:33:44,163.62,80.0,171.64,66.0,160.0,152.0,173.1,72.0,167.63,8.019999999999982,232.0,138.0,3.753354499645911,163.62,171.64,370,94.0,157.0,0.25
07:33:45,161.64,88.0,168.06,48.0,159.9,116.0,170.46,50.0,164.85,6.420000000000016,204.0,98.0,4.261557227119345,161.64,168.06,302,106.0,-68.0,0.35
07:33:46,164.0,43.0,167.46,41.0,160.05,109.0,169.54,63.0,165.73,3.460000000000008,152.0,104.0,3.600809631182109,164.0,167.46,256,48.0,-46.0,0.19
07:33:47,160.0,137.0,166.0,55.0,159.0,33.0,167.0,33.0,163.0,6.0,170.0,88.0,2.752030159721123,160.0,166.0,258,82.0,2.0,0.32
07:33:48,160.25,72.0,164.95,41.0,159.65,51.0,166.66,29.0,162.6,4.699999999999989,123.0,70.0,2.0584630188602513,160.25,164.95,193,53.0,-65.0,0.27
07:33:49,161.83,23.0,164.16,25.0,159.96,78.0,172.55,29.0,162.99,2.329999999999984,101.0,54.0,1.3745653858640559,161.83,164.16,155,47.0,-38.0,0.3
07:33:50,160.0,117.0,164.57,46.0,159.0,52.0,320.82,28.0,162.28,4.569999999999993,169.0,74.0,1.3801630338535327,160.0,164.57,243,95.0,88.0,0.39
07:33:51,160.45,82.0,219.69,36.0,159.79,97.0,320.29,55.0,190.07,59.24000000000001,179.0,91.0,12.236080663350258,160.45,219.69,270,88.0,27.0,0.33
07:33:53,160.0,56.0,396.72,29.0,159.0,22.0,476.43,21.0,278.36,236.72000000000003,78.0,50.0,74.42852833423483,160.0,396.72,128,28.0,-1.0,0.22
07:33:54,165.37,30.0,379.05,57.0,162.25,64.0,470.52,56.0,272.21,213.68,94.0,113.0,67.75472286121453,165.37,379.05,207,-19.0,79.0,-0.09
07:33:55,163.08,26.0,297.59,34.0,165.67,36.0,387.72,36.0,230.33,134.50999999999996,62.0,70.0,51.68907544152809,163.07999999999998,297.59,132,-8.0,-75.0,-0.06
07:33:56,159.77,53.0,207.53,30.0,158.0,48.0,216.7,27.0,183.65,47.75999999999999,101.0,57.0,53.87856512565997,159.77000000000004,207.53,158,44.0,26.0,0.28
07:33:57,160.0,51.0,174.14,50.0,159.0,51.0,175.67,33.0,167.07,14.139999999999986,102.0,83.0,50.40194718460783,160.0,174.14,185,19.0,27.0,0.1
07:33:58,160.0,42.0,167.7,30.0,159.0,42.0,168.3,47.0,163.85,7.699999999999989,84.0,77.0,46.728397361775706,160.0,167.7,161,7.0,-24.0,0.04
07:33:59,159.49,47.0,161.53,30.0,158.75,32.0,165.05,44.0,160.51,2.039999999999992,79.0,74.0,28.932876110058903,159.49,161.53,153,5.0,-8.0,0.03
07:34:00,159.26,57.0,160.53,38.0,158.41,22.0,164.12,32.0,159.89,1.2700000000000102,79.0,70.0,9.744510249367213,159.26,160.53,149,9.0,-4.0,0.06
07:34:01,150.0,32.0,159.76,29.0,121.18,44.0,170.18,38.0,154.88,9.759999999999991,76.0,67.0,4.571815831813995,150.0,159.76,143,9.0,-6.0,0.06
07:34:02,149.86,84.0,195.17,23.0,140.1,20.0,382.32,25.0,172.52,45.309999999999974,104.0,48.0,6.536723185207148,149.86,195.17,152,56.0,9.0,0.37
07:34:03,167.0,20.0,304.71,14.0,152.0,18.0,381.0,36.0,235.86,137.70999999999998,38.0,50.0,33.682998233530505,167.0,304.71,88,-12.0,-64.0,-0.14
07:34:04,149.0,9.0,311.91,23.0,142.53,15.0,343.27,41.0,230.46,162.91000000000003,24.0,64.0,39.31641412947031,149.0,311.91,88,-40.0,0.0,-0.45
07:34:05,137.5,20.0,155.0,8.0,87.04,26.0,278.25,24.0,146.25,17.5,46.0,32.0,42.34695479016188,137.5,155.0,78,14.0,-10.0,0.18
07:34:06,148.0,63.0,155.0,9.0,99.0,16.0,177.0,27.0,151.5,7.0,79.0,36.0,43.02920078272445,148.0,155.0,115,43.0,37.0,0.37
07:34:07,148.0,56.0,155.0,8.0,116.0,8.0,161.64,33.0,151.5,7.0,64.0,41.0,45.77561774569532,148.0,155.0,105,23.0,-10.0,0.22
07:34:08,148.0,28.0,155.0,4.0,116.0,4.0,157.0,24.0,151.5,7.0,32.0,28.0,35.970860706967024,148.0,155.0,60,4.0,-45.0,0.07
07:34:09,148.3,53.0,153.86,21.0,130.2,35.0,155.75,16.0,151.08,5.560000000000002,88.0,37.0,2.3080901195645565,148.3,153.86,125,51.0,65.0,0.41
07:34:11,115.21,71.0,155.94,69.0,102.0,55.0,156.96,69.0,135.58,40.730000000000004,126.0,138.0,8.980456558551703,115.21,155.94,264,-12.0,99.0,-0.05
07:34:12,117.11,54.0,155.0,35.0,110.63,57.0,156.0,27.0,136.06,37.89,111.0,62.0,8.756741403058323,117.11,155.0,173,49.0,-91.0,0.28
07:34:13,132.25,51.0,154.07,42.0,123.68,41.0,156.0,42.0,143.16,21.819999999999993,92.0,84.0,7.058142815219645,132.25,154.07,176,8.0,3.0,0.05
07:34:14,150.94,70.0,153.33,30.0,140.74,97.0,155.86,42.0,152.14,2.390000000000015,167.0,72.0,7.475685921708887,150.94,153.33,239,95.0,63.0,0.4
07:34:15,151.05,84.0,155.12,16.0,130.58,24.0,156.43,37.0,153.09,4.069999999999993,108.0,53.0,8.419220866566848,151.05,155.12,161,55.0,-78.0,0.34
07:34:16,153.06,70.0,156.0,10.0,152.14,70.0,157.0,80.0,154.53,2.9399999999999977,140.0,90.0,7.928898410247974,153.06,156.0,230,50.0,69.0,0.22
07:34:17,154.0,60.0,156.0,9.0,153.0,90.0,157.0,72.0,155.0,2.0,150.0,81.0,4.844814753943747,154.0,156.0,231,69.0,1.0,0.3
07:34:18,155.73,44.0,157.27,59.0,153.0,110.0,158.88,43.0,156.5,1.5400000000000205,154.0,102.0,1.6956621125771607,155.73,157.27,256,52.0,25.0,0.2
07:34:19,157.3,40.0,159.33,27.0,147.24,102.0,163.32,28.0,158.32,2.030000000000001,142.0,55.0,1.9969151208874607,157.3,159.33000000000004,197,87.0,-59.0,0.44
07:34:20,132.12,64.0,166.76,33.0,93.88,64.0,297.86,14.0,149.44,34.639999999999986,128.0,47.0,3.320921558849197,132.12,166.76,175,81.0,-22.0,0.46
07:34:21,166.77,26.0,177.0,40.0,85.96,25.0,229.4,10.0,171.88,10.22999999999999,51.0,50.0,8.32196611384759,166.77,177.0,101,1.0,-74.0,0.01
07:34:22,168.0,18.0,177.0,24.0,164.0,12.0,351.0,6.0,172.5,9.0,30.0,30.0,10.1123745974932,168.0,177.0,60,0.0,-41.0,0.0
07:34:23,166.9,29.0,283.43,23.0,163.47,30.0,349.15,26.0,225.17,116.53,59.0,49.0,29.425677902131984,166.9,283.43,108,10.0,48.0,0.09
07:34:24,165.67,9.0,267.5,12.0,164.0,18.0,286.69,13.0,216.58,101.83000000000001,27.0,25.0,32.33217561501257,165.67,267.5,52,2.0,-56.0,0.04
07:34:25,166.0,10.0,243.9,10.0,164.0,20.0,266.0,13.0,204.95,77.9,30.0,23.0,24.81934185267628,166.0,243.9,53,7.0,1.0,0.13
07:34:26,166.1,10.0,197.09,35.0,164.0,20.0,199.79,19.0,181.59,30.99000000000001,30.0,54.0,22.516555464813163,166.1,197.09,84,-24.0,31.0,-0.29
07:34:27,165.0,12.0,193.5,48.0,163.05,152.0,195.5,24.0,179.25,28.5,164.0,72.0,20.56117749546477,165.0,193.5,236,92.0,152.0,0.39
07:34:28,163.07,54.0,192.0,30.0,161.75,64.0,194.0,6.0,177.54,28.930000000000007,118.0,36.0,17.691095782907606,163.06999999999996,192.0,154,82.0,-82.0,0.53
07:34:29,163.0,153.0,191.52,33.0,160.0,81.0,191.86,21.0,177.26,28.52000000000001,234.0,54.0,11.772453864849693,163.0,191.52,288,180.0,134.0,0.62
07:34:30,163.0,187.0,188.65,23.0,160.0,99.0,189.31,35.0,175.83,25.650000000000006,286.0,58.0,2.207176929930385,163.0,188.65,344,228.0,56.0,0.66
07:34:31,163.0,187.0,185.36,11.0,160.0,99.0,187.27,15.0,174.18,22.360000000000014,286.0,26.0,1.9082898102797388,163.0,185.36,312,260.0,-32.0,0.83
07:34:32,163.0,128.0,185.0,8.0,160.0,73.0,189.0,40.0,174.0,22.0,201.0,48.0,1.6596144130543915,163.0,185.0,249,153.0,-63.0,0.61
07:34:33,163.0,91.0,184.22,9.0,160.67,30.0,187.74,27.0,173.61,21.22,121.0,36.0,1.5328176669187172,163.0,184.22,157,85.0,-92.0,0.54
07:34:34,163.07,76.0,182.25,16.0,162.36,22.0,183.75,16.0,172.66,19.180000000000007,98.0,32.0,1.1525319952254982,163.07,182.25,130,66.0,-27.0,0.51
07:34:35,164.0,95.0,178.84,31.0,163.0,152.0,180.44,71.0,171.42,14.840000000000003,247.0,102.0,1.1429260693582672,164.0,178.84,349,145.0,168.0,0.42
07:34:36,165.72,29.0,174.8,25.0,164.85,68.0,175.67,27.0,170.26,9.080000000000013,97.0,52.0,1.5517087355618615,165.72,174.8,149,45.0,-168.0,0.3
07:34:37,166.26,34.0,169.13,52.0,164.48,128.0,171.05,44.0,167.7,2.8700000000000045,162.0,96.0,2.296584420398995,166.26,169.13,258,66.0,109.0,0.26
07:34:38,164.0,39.0,167.28,25.0,162.78,83.0,252.44,27.0,165.64,3.280000000000001,122.0,52.0,2.8452908462967077,164.0,167.28,174,70.0,-84.0,0.4
07:34:39,163.0,88.0,165.0,21.0,162.0,63.0,503.86,21.0,164.0,2.0,151.0,42.0,3.093198991338955,163.0,165.0,193,109.0,19.0,0.56
07:34:40,163.01,93.0,327.33,36.0,162.07,107.0,535.75,36.0,245.17,164.32,200.0,72.0,35.081624534790514,163.01,327.33,272,128.0,79.0,0.47
07:34:41,163.0,46.0,273.46,35.0,162.0,66.0,485.0,36.0,218.23,110.45999999999998,112.0,71.0,37.36405987041575,163.0,273.46,183,41.0,-89.0,0.22
07:34:42,162.43,42.0,208.69,26.0,161.77,26.0,395.64,36.0,185.56,46.25999999999999,68.0,62.0,35.23561053820427,162.43,208.69,130,6.0,-53.0,0.05
07:34:43,162.0,24.0,206.5,12.0,161.0,6.0,208.0,24.0,184.25,44.5,30.0,36.0,32.1079471470851,162.0,206.5,66,-6.0,-64.0,-0.09
07:34:44,160.9,20.0,203.96,53.0,159.09,69.0,205.88,32.0,182.43,43.06,89.0,85.0,27.789480383771288,160.9,203.96,174,4.0,108.0,0.02
07:34:45,159.07,45.0,201.4,30.0,124.0,53.0,202.42,38.0,180.23,42.33000000000001,98.0,68.0,15.830104232127278,159.07,201.4,166,30.0,-8.0,0.18
07:34:46,160.04,48.0,197.43,35.0,155.58,76.0,198.45,40.0,178.74,37.390000000000015,124.0,75.0,2.8012800645449154,160.04,197.43,199,49.0,33.0,0.25
07:34:47,160.46,35.0,195.17,29.0,159.1,60.0,196.53,30.0,177.81,34.70999999999998,95.0,59.0,2.646208608560039,160.46,195.17,154,36.0,-45.0,0.23
07:34:48,161.22,40.0,193.1,29.0,159.33,36.0,194.17,23.0,177.16,31.879999999999995,76.0,52.0,2.1078258941425134,161.22,193.1,128,24.0,-26.0,0.19
07:34:49,163.6,42.0,191.75,24.0,160.0,24.0,193.0,32.0,177.67,28.150000000000006,66.0,56.0,1.2096156414406731,163.6,191.75,122,10.0,-6.0,0.08
07:34:50,164.0,85.0,189.05,37.0,160.0,51.0,190.73,52.0,176.53,25.05000000000001,136.0,89.0,0.8193717105307599,164.0,189.05,225,47.0,103.0,0.21
07:34:51,164.5,84.0,182.42,38.0,163.47,90.0,185.67,36.0,173.46,17.919999999999987,174.0,74.0,1.7860375136089144,164.5,182.42,248,100.0,23.0,0.4
07:34:52,165.53,73.0,170.05,41.0,163.89,108.0,174.02,56.0,167.79,4.52000000000001,181.0,97.0,4.1033120768494875,165.53,170.05,278,84.0,30.0,0.3
07:34:53,164.0,68.0,165.95,20.0,163.0,12.0,167.86,28.0,164.97,1.9499999999999886,80.0,48.0,5.520668437790794,164.0,165.95,128,32.0,-150.0,0.25
07:34:54,164.0,152.0,166.3,20.0,163.0,11.0,342.97,39.0,165.15,2.3000000000000114,163.0,59.0,5.182615169971628,164.0,166.3,222,104.0,94.0,0.47
07:34:55,164.0,188.0,453.24,34.0,163.0,13.0,569.83,59.0,308.62,289.24,201.0,93.0,63.050978342925134,164.0,453.24,294,108.0,72.0,0.37
07:34:56,164.53,68.0,385.59,32.0,163.93,60.0,598.49,35.0,275.06,221.05999999999997,128.0,67.0,69.96432998321364,164.53,385.59,195,61.0,-99.0,0.31
07:34:57,164.08,107.0,197.56,27.0,163.64,22.0,236.67,42.0,180.82,33.47999999999999,129.0,69.0,67.9176245903816,164.08,197.56,198,60.0,3.0,0.3
07:34:58,164.0,26.0,197.0,4.0,163.0,2.0,198.0,10.0,180.5,33.0,28.0,14.0,65.131306604428,164.0,197.0,42,14.0,-156.0,0.33
07:34:59,164.0,90.0,195.08,13.0,163.0,9.0,227.42,26.0,179.54,31.080000000000013,99.0,39.0,62.24347291082019,164.0,195.07999999999998,138,60.0,96.0,0.43
07:35:00,166.0,32.0,191.23,13.0,164.0,64.0,194.73,11.0,178.62,25.22999999999999,96.0,24.0,42.57898448765557,166.0,191.23,120,72.0,-18.0,0.6
07:35:01,166.0,37.0,189.71,45.0,164.0,41.0,325.45,55.0,177.86,23.710000000000008,78.0,100.0,1.2452790851924864,166.0,189.71,178,-22.0,58.0,-0.12
07:35:02,166.0,16.0,188.54,26.0,164.0,101.0,245.05,38.0,177.27,22.539999999999992,117.0,64.0,1.2928340960920046,166.0,188.54,181,53.0,3.0,0.29
07:35:03,166.0,22.0,187.64,22.0,164.0,154.0,478.95,42.0,176.82,21.639999999999986,176.0,64.0,1.0837988743389022,166.0,187.64,240,112.0,59.0,0.47
07:35:04,166.0,8.0,186.5,8.0,164.0,56.0,317.0,16.0,176.25,20.5,64.0,24.0,0.9177853779716065,166.0,186.5,88,40.0,-152.0,0.45
07:35:05,164.22,54.0,184.9,40.0,163.84,50.0,185.69,26.0,174.56,20.680000000000007,104.0,66.0,1.2607021852994202,164.22,184.9,170,38.0,82.0,0.22
07:35:06,162.22,54.0,181.57,28.0,160.12,50.0,182.71,28.0,171.9,19.349999999999994,104.0,56.0,2.1899429216349686,162.22,181.57,160,48.0,-10.0,0.3
07:35:07,162.97,127.0,177.67,24.0,161.83,48.0,178.75,24.0,170.32,14.699999999999989,175.0,48.0,2.7962653665236368,162.97,177.67,223,127.0,63.0,0.57
07:35:08,163.71,62.0,174.28,36.0,161.33,48.0,175.62,26.0,168.99,10.569999999999993,110.0,62.0,2.9871608594148547,163.71,174.28,172,48.0,-51.0,0.28
07:35:09,164.0,144.0,172.22,18.0,161.0,24.0,173.36,22.0,168.11,8.219999999999999,168.0,40.0,2.553787383479802,164.0,172.22,208,128.0,36.0,0.62
07:35:10,165.9,20.0,171.15,26.0,164.38,80.0,172.18,22.0,168.53,5.25,100.0,48.0,1.5444254595224025,165.9,171.15000000000003,148,52.0,-60.0,0.35
07:35:11,165.23,44.0,168.67,27.0,164.38,74.0,170.33,36.0,166.95,3.4399999999999977,118.0,63.0,1.2324771803247898,165.23,168.66999999999996,181,55.0,33.0,0.3
07:35:12,163.75,156.0,168.33,24.0,162.0,24.0,172.17,24.0,166.04,4.5800000000000125,180.0,48.0,1.2079238386676976,163.75,168.33,228,132.0,47.0,0.58
07:35:13,163.0,125.0,166.2,20.0,162.0,20.0,167.2,20.0,164.6,3.1999999999999886,145.0,40.0,1.5920521348316599,163.0,166.2,185,105.0,-43.0,0.57
07:35:14,163.0,120.0,164.8,20.0,162.0,20.0,165.8,20.0,163.9,1.8000000000000114,140.0,40.0,1.848980800339019,163.0,164.8,180,100.0,-5.0,0.56
07:35:15,163.0,78.0,177.12,32.0,162.0,18.0,268.43,35.0,170.06,14.120000000000005,96.0,67.0,2.4123225323372917,163.0,177.12,163,29.0,-17.0,0.18
07:35:16,164.27,63.0,261.8,40.0,162.52,25.0,445.9,40.0,213.03,97.53,88.0,80.0,21.1006677619458,164.27,261.8,168,8.0,5.0,0.05
07:35:19,162.0,27.0,409.82,39.0,160.0,9.0,431.4,35.0,285.91,247.82,36.0,74.0,84.61669545662943,162.0,409.82,110,-38.0,50.0,-0.35
07:35:20,165.08,52.0,273.45,58.0,160.75,52.0,280.0,64.0,219.26,108.36999999999998,104.0,122.0,70.82786986772909,165.07999999999998,273.45,226,-18.0,116.0,-0.08
07:35:21,166.0,56.0,271.52,62.0,162.0,42.0,272.62,64.0,218.76,105.51999999999998,98.0,126.0,69.36901707534831,166.0,271.52,224,-28.0,-2.0,-0.12
07:35:22,166.0,44.0,269.19,53.0,162.0,33.0,270.52,46.0,217.59,103.19,77.0,99.0,63.086939456594145,166.0,269.19,176,-22.0,-48.0,-0.12
07:35:23,166.0,16.0,238.57,60.0,162.0,39.0,243.27,51.0,202.28,72.57,55.0,111.0,32.71976390501596,166.0,238.57,166,-56.0,-10.0,-0.34
07:35:24,166.0,10.0,221.91,44.0,162.0,28.0,224.29,42.0,193.95,55.91,38.0,86.0,11.582498435138717,166.0,221.90999999999997,124,-48.0,-42.0,-0.39
07:35:25,162.95,21.0,218.3,47.0,160.14,29.0,218.96,50.0,190.63,55.35000000000002,50.0,97.0,13.069073035223001,162.95,218.3,147,-47.0,23.0,-0.32
07:35:26,160.71,28.0,215.53,43.0,159.14,73.0,217.45,51.0,188.12,54.81999999999999,101.0,94.0,11.927901324205997,160.71,215.53000000000003,195,7.0,48.0,0.04
07:35:27,159.26,77.0,210.18,62.0,157.29,65.0,211.25,65.0,184.72,50.920000000000016,142.0,127.0,6.696876137423892,159.26,210.18,269,15.0,74.0,0.06
07:35:28,159.0,38.0,206.0,16.0,153.0,12.0,207.09,22.0,182.5,47.0,50.0,38.0,4.564562410571138,159.0,206.0,88,12.0,-168.0,0.14
07:35:29,163.79,57.0,187.3,66.0,157.11,38.0,187.77,65.0,175.55,23.51000000000002,95.0,131.0,5.801726467182015,163.79,187.3,226,-36.0,138.0,-0.16
07:35:30,166.0,54.0,170.38,56.0,159.0,36.0,171.61,54.0,168.19,4.3799999999999955,90.0,110.0,7.9619740014648395,166.0,170.37999999999997,200,-20.0,-26.0,-0.1
07:35:31,160.31,32.0,165.31,35.0,138.72,25.0,166.89,38.0,162.81,5.0,57.0,73.0,9.296511711389588,160.31,165.31,130,-16.0,-70.0,-0.12
07:35:32,159.0,16.0,160.4,10.0,125.0,24.0,161.25,8.0,159.7,1.4000000000000057,40.0,18.0,9.324727878067296,159.0,160.4,58,22.0,-72.0,0.38
07:35:33,124.1,31.0,157.55,20.0,89.34,32.0,158.95,19.0,140.82,33.45000000000002,63.0,39.0,12.987880119557918,124.1,157.55,102,24.0,44.0,0.24
07:35:35,156.53,87.0,166.5,24.0,135.23,47.0,208.5,24.0,161.51,9.969999999999999,134.0,48.0,13.082978636381313,156.53,166.5,182,86.0,49.0,0.47
07:35:36,160.17,54.0,166.0,22.0,159.18,98.0,326.15,47.0,163.08,5.8300000000000125,152.0,69.0,13.13947563641753,160.16999999999996,166.0,221,83.0,39.0,0.38
07:35:37,163.0,6.0,258.69,16.0,160.0,36.0,356.83,30.0,210.84,95.69,42.0,46.0,29.877179920467846,163.0,258.69,88,-4.0,-133.0,-0.05
07:35:38,166.67,6.0,298.71,21.0,161.38,16.0,414.5,30.0,232.69,132.04,22.0,51.0,39.967244713640206,166.67,298.71,73,-29.0,-15.0,-0.4
07:35:41,163.0,27.0,327.0,24.0,161.08,39.0,579.14,42.0,245.0,164.0,66.0,66.0,16.088204685420383,163.0,327.0,132,0.0,39.0,0.0
07:35:42,160.0,48.0,242.5,12.0,159.0,80.0,353.16,19.0,201.25,82.5,128.0,31.0,19.990285890901685,160.0,242.5,159,97.0,27.0,0.61
07:35:43,159.87,52.0,225.0,11.0,158.62,104.0,226.0,22.0,192.43,65.13,156.0,33.0,27.552374307852038,159.87,225.0,189,123.0,30.0,0.65
07:35:44,159.0,35.0,224.2,5.0,106.58,38.0,342.2,10.0,191.6,65.19999999999999,73.0,15.0,26.33615822400809,159.0,224.2,88,58.0,-101.0,0.66
07:35:45,161.07,29.0,224.0,7.0,128.31,61.0,286.0,35.0,192.53,62.93000000000001,90.0,42.0,22.94650888479535,161.07,224.0,132,48.0,44.0,0.36
07:35:46,159.0,78.0,222.08,13.0,72.87,69.0,614.2,41.0,190.54,63.08000000000001,147.0,54.0,4.3120586730696715,159.0,222.07999999999998,201,93.0,69.0,0.46
07:35:47,159.0,46.0,198.87,15.0,104.5,66.0,584.29,21.0,178.93,39.870000000000005,112.0,36.0,5.799787065056503,159.0,198.87,148,76.0,-53.0,0.51
07:35:48,120.96,57.0,165.5,40.0,111.78,77.0,366.82,22.0,143.23,44.540000000000006,134.0,62.0,20.939320189538147,120.96,165.5,196,72.0,48.0,0.37
07:35:49,163.0,17.0,176.5,8.0,116.14,56.0,458.44,9.0,169.75,13.5,73.0,17.0,20.00707824746036,163.0,176.5,90,56.0,-106.0,0.62
07:35:50,163.0,30.0,265.88,16.0,100.41,51.0,516.56,9.0,214.44,102.88,81.0,25.0,26.236954282080834,163.0,265.88,106,56.0,16.0,0.53
07:35:51,163.0,45.0,414.85,26.0,158.58,76.0,601.46,13.0,288.92,251.85000000000002,121.0,39.0,56.330821314800595,163.0,414.85,160,82.0,54.0,0.51
07:35:52,166.46,35.0,335.29,14.0,160.94,31.0,426.66,41.0,250.87,168.83,66.0,55.0,59.02858519395486,166.46,335.29,121,11.0,-39.0,0.09
07:35:53,168.0,22.0,296.87,15.0,164.0,8.0,361.59,17.0,232.43,128.87,30.0,32.0,44.093612575972706,168.0,296.87,62,-2.0,-59.0,-0.03
07:35:54,168.0,10.0,300.14,7.0,164.0,5.0,509.0,8.0,234.07,132.14,15.0,15.0,28.15652730717999,168.0,300.14,30,0.0,-32.0,0.0
07:35:58,163.47,38.0,179.6,10.0,163.8,20.0,315.12,34.0,171.54,16.129999999999995,58.0,44.0,24.95669509370171,163.47,179.6,102,14.0,20.0,0.14
07:35:59,163.83,29.0,177.04,57.0,162.23,26.0,257.16,19.0,170.43,13.20999999999998,55.0,76.0,7.406053604991044,163.83,177.04,131,-21.0,29.0,-0.16
07:36:00,164.08,24.0,175.75,16.0,161.77,31.0,177.02,56.0,169.92,11.669999999999987,55.0,72.0,6.605932939411519,164.08,175.75,127,-17.0,-4.0,-0.13
07:36:01,161.89,57.0,173.48,23.0,160.86,42.0,176.84,58.0,167.69,11.590000000000003,99.0,81.0,3.3870237672628525,161.89,173.48,180,18.0,53.0,0.1
07:36:02,162.0,46.0,172.35,46.0,161.0,30.0,173.14,28.0,167.17,10.349999999999994,76.0,74.0,1.8571079667063441,162.0,172.35,150,2.0,-30.0,0.01
07:36:03,161.7,20.0,172.0,55.0,160.45,33.0,173.0,44.0,166.85,10.300000000000011,53.0,99.0,1.6469729809576479,161.7,172.0,152,-46.0,2.0,-0.3
07:36:04,162.24,21.0,172.16,101.0,160.65,37.0,173.06,72.0,167.2,9.919999999999987,58.0,173.0,1.2409794518866002,162.24,172.16,231,-115.0,79.0,-0.5
07:36:05,160.0,140.0,171.52,29.0,144.38,128.0,172.92,38.0,165.76,11.52000000000001,268.0,67.0,0.7216855270857985,160.0,171.52,335,201.0,104.0,0.6
07:36:06,160.56,72.0,166.98,53.0,159.67,72.0,168.53,17.0,163.77,6.4199999999999875,144.0,70.0,1.4533925828919638,160.56,166.97999999999996,214,74.0,-121.0,0.35
07:36:07,160.4,15.0,163.17,23.0,159.53,34.0,164.87,15.0,161.79,2.769999999999982,49.0,38.0,2.270997578159386,160.4,163.17,87,11.0,-127.0,0.13
07:36:08,159.25,32.0,169.87,23.0,137.64,58.0,223.08,26.0,164.56,10.620000000000005,90.0,49.0,2.042726119675856,159.25,169.87,139,41.0,52.0,0.29
07:36:09,159.0,36.0,374.33,12.0,129.9,21.0,514.95,37.0,266.67,215.32999999999998,57.0,49.0,45.95154132344201,159.0,374.33,106,8.0,-33.0,0.08
07:36:10,164.62,32.0,266.0,11.0,152.87,23.0,421.72,36.0,215.31,101.38,55.0,47.0,46.23908952390817,164.62,266.0,102,8.0,-4.0,0.08
07:36:11,168.0,36.0,197.27,33.0,162.33,36.0,374.08,37.0,182.64,29.27000000000001,72.0,70.0,43.81878626799233,168.0,197.27,142,2.0,40.0,0.01
07:36:12,168.0,32.0,196.0,24.0,167.0,8.0,197.0,40.0,182.0,28.0,40.0,64.0,40.42168267155625,168.0,196.0,104,-24.0,-38.0,-0.23
07:36:13,168.0,24.0,196.0,18.0,167.0,6.0,255.67,30.0,182.0,28.0,30.0,48.0,36.962256830447856,168.0,196.0,78,-18.0,-26.0,-0.23
07:36:22,167.17,127.0,189.0,33.0,166.65,102.0,355.36,55.0,178.09,21.830000000000013,229.0,88.0,1.0387877550306266,167.17,189.0,317,141.0,153.0,0.44
07:36:23,167.0,114.0,188.83,18.0,166.0,48.0,272.0,28.0,177.92,21.830000000000013,162.0,46.0,0.7140728254190223,167.0,188.83,208,116.0,-109.0,0.56
07:36:24,167.0,152.0,282.41,34.0,166.0,64.0,428.28,32.0,224.71,115.41000000000003,216.0,66.0,20.670697375753846,167.0,282.41,282,150.0,74.0,0.53
07:36:25,167.0,168.0,191.22,45.0,166.0,88.0,225.92,48.0,179.11,24.22,256.0,93.0,20.659119777957553,167.0,191.22,349,163.0,67.0,0.47
07:36:26,167.0,60.0,184.33,24.0,166.0,48.0,193.0,24.0,175.67,17.330000000000013,108.0,48.0,21.06210815659243,167.0,184.33,156,60.0,-168.0,0.38
07:36:27,167.0,120.0,182.92,48.0,166.0,96.0,196.5,48.0,174.96,15.919999999999987,216.0,96.0,21.439972714534825,167.0,182.92,312,120.0,156.0,0.38
07:36:28,167.0,90.0,181.67,36.0,166.0,72.0,344.44,36.0,174.33,14.669999999999987,162.0,72.0,21.85416390530642,167.0,181.67,234,90.0,-78.0,0.38
07:36:29,167.04,104.0,181.0,48.0,166.2,100.0,458.43,49.0,174.02,13.960000000000008,204.0,97.0,2.0519673486689403,167.04,181.0,301,107.0,67.0,0.36
07:36:30,168.0,8.0,180.5,16.0,167.0,40.0,241.47,17.0,174.25,12.5,48.0,33.0,0.6700223876886258,168.0,180.5,81,15.0,-168.0,0.19
07:36:31,168.0,18.0,179.89,36.0,167.0,90.0,217.12,34.0,173.94,11.889999999999986,108.0,70.0,0.402181551049004,168.0,179.89,178,38.0,97.0,0.21
07:36:32,167.07,61.0,178.77,52.0,166.19,108.0,375.46,39.0,172.92,11.700000000000017,169.0,91.0,0.5664538816218281,167.07,178.77,260,78.0,82.0,0.3
07:36:33,167.0,55.0,177.64,44.0,166.0,88.0,492.67,46.0,172.32,10.639999999999986,143.0,90.0,0.8298795093293265,167.0,177.64,233,53.0,-27.0,0.23
07:36:34,167.0,52.0,177.0,48.0,166.0,96.0,226.0,36.0,172.0,10.0,148.0,84.0,0.9846217547895855,167.0,177.0,232,64.0,-1.0,0.28
07:36:35,167.0,32.0,175.78,36.0,166.0,64.0,197.43,28.0,171.39,8.780000000000001,96.0,64.0,0.9699896906695832,167.0,175.78,160,32.0,-72.0,0.2
07:36:36,167.17,35.0,174.11,45.0,166.12,64.0,176.0,36.0,170.64,6.940000000000026,99.0,81.0,0.8752028336366876,167.17,174.11,180,18.0,20.0,0.1
07:36:37,166.17,87.0,172.38,56.0,163.59,122.0,174.46,52.0,169.27,6.210000000000008,209.0,108.0,1.2186180697848454,166.17,172.37999999999997,317,101.0,137.0,0.32
07:36:38,164.75,96.0,168.63,46.0,162.9,78.0,170.19,53.0,166.69,3.8799999999999955,174.0,99.0,2.111319492641249,164.75,168.63,273,75.0,-44.0,0.27
07:36:39,163.0,116.0,165.83,53.0,162.0,132.0,167.27,55.0,164.42,2.8300000000000125,248.0,108.0,2.8916033614602092,163.0,165.82999999999998,356,140.0,83.0,0.39
07:36:40,163.0,28.0,197.12,33.0,162.0,140.0,310.67,42.0,180.06,34.120000000000005,168.0,75.0,6.000110832310245,163.0,197.12,243,93.0,-113.0,0.38
07:36:41,162.0,172.0,223.71,28.0,160.0,72.0,353.96,47.0,192.86,61.71000000000001,244.0,75.0,11.80921885646988,162.0,223.71,319,169.0,76.0,0.53
07:36:42,162.0,75.0,218.74,54.0,160.0,78.0,219.74,39.0,190.37,56.74000000000001,153.0,93.0,13.100959888496755,162.0,218.74,246,60.0,-73.0,0.24
07:36:43,162.32,37.0,211.45,22.0,161.0,60.0,213.11,45.0,186.89,49.129999999999995,97.0,67.0,11.40719728943083,162.32,211.45,164,30.0,-82.0,0.18
07:36:44,162.0,182.0,209.11,36.0,160.0,78.0,213.2,50.0,185.56,47.110000000000014,260.0,86.0,4.894800302361167,162.0,209.11,346,174.0,168.0,0.5
07:36:45,164.86,84.0,207.83,48.0,161.89,222.0,210.0,24.0,186.35,42.97,306.0,72.0,3.0951785085830044,164.86,207.83,378,234.0,32.0,0.62
07:36:46,166.0,48.0,206.62,32.0,162.0,216.0,210.0,16.0,186.31,40.620000000000005,264.0,48.0,1.8904443921985696,166.0,206.62,312,216.0,-66.0,0.69
07:36:47,166.0,34.0,182.71,21.0,162.0,189.0,200.73,26.0,174.36,16.710000000000008,223.0,47.0,5.35064762435327,166.0,182.71,270,176.0,-42.0,0.65
07:36:48,166.0,20.0,168.86,35.0,162.0,270.0,170.48,29.0,167.43,2.8600000000000136,290.0,64.0,8.672754464413261,166.0,168.86,354,226.0,84.0,0.64
07:36:49,162.0,380.0,164.0,74.0,160.0,114.0,165.28,58.0,163.0,2.0,494.0,132.0,10.691732787532777,162.0,164.0,626,362.0,168.0,0.58
07:36:50,162.1,116.0,163.93,30.0,160.97,70.0,347.0,36.0,163.02,1.8300000000000125,186.0,66.0,9.822882978026708,162.1,163.93,252,120.0,-168.0,0.48
07:36:51,164.45,44.0,353.78,46.0,162.07,110.0,539.87,39.0,259.12,189.32999999999998,154.0,85.0,41.47910413690242,164.45,353.78,239,69.0,-13.0,0.29
07:36:52,167.0,24.0,455.0,30.0,163.0,12.0,525.0,24.0,311.0,288.0,36.0,54.0,68.5661554996339,167.0,455.0,90,-18.0,-149.0,-0.2
07:36:54,167.0,48.0,360.44,57.0,163.0,24.0,494.8,51.0,263.72,193.44,72.0,108.0,61.87528165592408,167.0,360.43999999999994,180,-36.0,65.0,-0.2
07:36:55,167.13,23.0,319.38,32.0,164.0,16.0,397.26,31.0,243.25,152.25,39.0,63.0,33.290720929410995,167.13,319.38,102,-24.0,-78.0,-0.24
07:36:56,167.0,16.0,264.24,37.0,163.0,16.0,344.06,34.0,215.62,97.24000000000001,32.0,71.0,43.80022374371996,167.0,264.24,103,-39.0,1.0,-0.38
07:36:57,167.76,58.0,235.73,44.0,164.45,22.0,238.0,44.0,201.74,67.97,80.0,88.0,45.61720311461399,167.76,235.73,168,-8.0,65.0,-0.05
07:36:58,168.0,110.0,234.0,40.0,167.0,20.0,407.3,40.0,201.0,66.0,130.0,80.0,27.555812091099206,168.0,234.0,210,50.0,42.0,0.24
07:37:03,167.56,48.0,178.17,48.0,166.56,54.0,238.08,48.0,172.86,10.609999999999985,102.0,96.0,12.195862003155339,167.56,178.17,198,6.0,0.0,0.03
07:37:09,167.29,21.0,173.0,44.0,163.08,102.0,241.71,17.0,170.14,5.710000000000008,123.0,61.0,1.0366195059013523,167.29,173.0,184,62.0,107.0,0.34
07:37:10,167.0,9.0,171.89,36.0,163.0,90.0,557.0,26.0,169.44,4.889999999999986,99.0,62.0,1.274958822870692,167.0,171.89,161,37.0,-23.0,0.23
07:37:11,163.0,56.0,170.0,28.0,162.0,7.0,580.2,20.0,166.5,7.0,63.0,48.0,2.1808026045511215,163.0,170.0,111,15.0,-50.0,0.14
07:37:12,163.0,134.0,169.38,52.0,162.0,13.0,290.84,31.0,166.19,6.3799999999999955,147.0,83.0,2.3438792631059426,163.0,169.38,230,64.0,119.0,0.28
07:37:13,164.29,28.0,168.0,56.0,162.42,115.0,456.08,53.0,166.14,3.710000000000008,143.0,109.0,1.9450758340021255,164.29,168.0,252,34.0,22.0,0.13
07:37:14,162.12,130.0,167.31,65.0,161.02,102.0,188.75,48.0,164.72,5.189999999999998,232.0,113.0,1.7313058655304252,162.12,167.31,345,119.0,93.0,0.34
07:37:15,163.22,92.0,166.3,54.0,161.52,83.0,167.2,50.0,164.76,3.0800000000000125,175.0,104.0,0.8530064478190599,163.22,166.3,279,71.0,-66.0,0.25
07:37:16,162.19,54.0,165.89,35.0,160.87,62.0,703.43,21.0,164.04,3.6999999999999886,116.0,56.0,0.9524704719944496,162.19,165.89,172,60.0,-107.0,0.35
07:37:17,162.0,56.0,164.26,31.0,160.0,40.0,561.79,19.0,163.13,2.259999999999991,96.0,50.0,1.1042282372869676,162.0,164.26,146,46.0,-26.0,0.32
07:37:18,162.0,84.0,164.0,48.0,160.0,48.0,538.33,24.0,163.0,2.0,132.0,72.0,0.841130192076386,162.0,164.0,204,60.0,58.0,0.29
07:37:19,161.74,38.0,199.41,34.0,160.8,50.0,422.75,16.0,180.57,37.66999999999999,88.0,50.0,7.563911025390209,161.74,199.41,138,38.0,-66.0,0.28
07:37:24,162.0,144.0,368.67,36.0,161.0,24.0,421.45,33.0,265.33,206.67000000000002,168.0,69.0,87.767478772036,162.0,368.67,237,99.0,3.0,0.42
07:37:25,167.0,10.0,282.0,20.0,162.0,120.0,283.0,50.0,224.5,115.0,130.0,70.0,114.22498785292049,167.0,282.0,200,60.0,-37.0,0.3
07:37:26,166.47,17.0,212.65,34.0,162.29,140.0,245.0,62.0,189.56,46.18000000000001,157.0,96.0,120.09742366095902,166.47,212.65,253,61.0,53.0,0.24
07:37:27,162.65,74.0,194.68,37.0,161.63,142.0,211.7,53.0,178.66,32.03,216.0,90.0,92.10504834155363,162.65,194.68,306,126.0,53.0,0.41
07:37:28,162.0,110.0,191.27,44.0,161.0,110.0,191.85,41.0,176.64,29.27000000000001,220.0,85.0,37.8736665771876,162.0,191.27,305,135.0,-1.0,0.44
07:37:29,162.0,70.0,187.43,35.0,161.0,70.0,188.39,31.0,174.71,25.430000000000007,140.0,66.0,20.76222483261355,162.0,187.43,206,74.0,-99.0,0.36
07:37:30,162.0,110.0,184.63,49.0,161.0,110.0,185.82,55.0,173.32,22.629999999999995,220.0,104.0,6.460938012394554,162.0,184.62999999999997,324,116.0,118.0,0.36
07:37:31,162.39,144.0,179.19,48.0,161.13,150.0,180.63,65.0,170.79,16.80000000000001,294.0,113.0,3.023281329947415,162.39,179.18999999999997,407,181.0,83.0,0.44
07:37:32,166.0,84.0,171.91,33.0,162.06,96.0,172.57,42.0,168.95,5.909999999999997,180.0,75.0,3.06157965762945,166.0,171.91,255,105.0,-152.0,0.41
07:37:33,166.0,72.0,168.24,34.0,163.0,22.0,168.91,45.0,167.12,2.240000000000009,94.0,79.0,3.100204831944542,166.0,168.24,173,15.0,-82.0,0.09
07:37:34,164.8,10.0,168.53,19.0,162.23,26.0,169.57,21.0,166.66,3.7299999999999898,36.0,40.0,2.7478118567350607,164.8,168.53,76,-4.0,-97.0,-0.05
07:37:35,163.0,16.0,166.03,34.0,162.0,86.0,167.12,25.0,164.51,3.030000000000001,102.0,59.0,2.380153356406979,163.0,166.03,161,43.0,85.0,0.27
07:37:36,162.24,66.0,164.41,61.0,161.63,136.0,165.57,47.0,163.33,2.1699999999999875,202.0,108.0,2.2179111794697217,162.24,164.41,310,94.0,149.0,0.3
07:37:37,162.09,99.0,163.73,45.0,161.25,107.0,296.0,38.0,162.91,1.6399999999999864,206.0,83.0,1.91068835763919,162.09,163.73,289,123.0,-21.0,0.43
07:37:38,162.14,42.0,164.86,21.0,161.26,68.0,421.14,28.0,163.5,2.7200000000000273,110.0,49.0,1.5047491485356042,162.14,164.86,159,61.0,-130.0,0.38
07:37:39,162.0,26.0,164.0,15.0,161.0,50.0,391.6,20.0,163.0,2.0,76.0,35.0,0.6392573816698071,162.0,164.0,111,41.0,-48.0,0.37
07:37:40,166.57,42.0,379.53,30.0,161.09,44.0,516.5,32.0,273.05,212.95999999999998,86.0,62.0,49.13370706551663,166.57,379.53,148,24.0,37.0,0.16
07:37:41,168.0,79.0,449.41,41.0,162.0,11.0,506.55,44.0,308.71,281.41,90.0,85.0,71.09509638505297,168.0,449.41,175,5.0,27.0,0.03
07:37:44,168.0,36.0,215.0,36.0,167.0,9.0,255.0,36.0,191.5,47.0,45.0,72.0,53.38981335423376,168.0,215.0,117,-27.0,-5.0,-0.23
07:37:45,163.15,33.0,231.0,34.0,161.24,25.0,261.56,36.0,197.08,67.85,58.0,70.0,62.91656872398505,163.15,231.0,128,-12.0,11.0,-0.09
07:37:46,160.0,40.0,252.25,16.0,159.0,40.0,254.0,16.0,206.12,92.25,80.0,32.0,58.24433878069144,160.0,252.25,112,48.0,-16.0,0.43
07:37:47,160.0,55.0,248.0,22.0,159.0,51.0,250.82,22.0,204.0,88.0,106.0,44.0,25.94941078329106,160.0,248.0,150,62.0,38.0,0.41
07:37:48,160.0,65.0,244.55,40.0,159.0,56.0,245.38,52.0,202.28,84.55000000000001,121.0,92.0,5.899938982734776,160.0,244.55,213,29.0,63.0,0.14
07:37:49,161.92,26.0,239.09,35.0,160.0,40.0,243.83,30.0,200.5,77.17000000000002,66.0,65.0,3.446342989313683,161.92000000000002,239.09,131,1.0,-82.0,0.01
07:37:50,162.15,78.0,239.33,27.0,160.8,60.0,241.13,39.0,200.74,77.18,138.0,66.0,2.357990670038975,162.15,239.33000000000004,204,72.0,73.0,0.35
07:37:51,162.0,96.0,223.67,49.0,160.0,48.0,222.11,36.0,192.84,61.66999999999999,144.0,85.0,4.278892380043405,162.0,223.67,229,59.0,25.0,0.26
07:37:52,162.21,71.0,191.58,38.0,161.26,76.0,213.2,51.0,176.9,29.370000000000005,147.0,89.0,10.58142334471118,162.21,191.58,236,58.0,7.0,0.25
07:37:53,162.68,74.0,188.14,50.0,161.76,91.0,190.22,41.0,175.41,25.45999999999998,165.0,91.0,12.404987706564,162.68,188.14,256,74.0,20.0,0.29
07:37:54,162.0,52.0,184.44,27.0,160.0,27.0,185.58,36.0,173.22,22.439999999999998,79.0,63.0,12.233369118930776,162.0,184.44,142,16.0,-114.0,0.11
07:37:55,163.46,37.0,179.53,38.0,160.73,33.0,182.09,32.0,171.49,16.069999999999993,70.0,70.0,8.563998482018459,163.46,179.53,140,0.0,-2.0,0.0
07:37:56,168.0,31.0,176.34,47.0,162.0,52.0,178.36,44.0,172.17,8.340000000000003,83.0,91.0,2.2651865265400084,168.0,176.34,174,-8.0,34.0,-0.05
07:37:57,163.41,34.0,172.64,50.0,160.62,52.0,173.74,74.0,168.03,9.22999999999999,86.0,124.0,2.6993480694456826,163.41,172.64,210,-38.0,36.0,-0.18
07:37:58,162.0,36.0,167.63,30.0,160.0,36.0,168.58,48.0,164.82,5.6299999999999955,72.0,78.0,3.4639616048712436,162.0,167.63,150,-6.0,-60.0,-0.04
07:37:59,162.38,26.0,164.75,12.0,160.83,36.0,167.87,52.0,163.57,2.3700000000000045,62.0,64.0,3.850516848427485,162.38,164.75,126,-2.0,-24.0,-0.02
07:38:00,160.34,29.0,163.57,7.0,159.39,46.0,167.48,23.0,161.96,3.2299999999999898,75.0,30.0,4.054263188302602,160.33999999999997,163.57,105,45.0,-21.0,0.43
07:38:01,160.0,64.0,162.03,32.0,159.0,84.0,166.3,56.0,161.02,2.030000000000001,148.0,88.0,2.74172391024837,160.0,162.03,236,60.0,131.0,0.25
07:38:02,160.0,24.0,221.43,28.0,159.0,56.0,267.05,38.0,190.71,61.43000000000001,80.0,66.0,12.548088699081768,160.0,221.43,146,14.0,-90.0,0.1
07:38:05,164.0,16.0,389.13,31.0,160.0,24.0,539.62,32.0,276.56,225.13,40.0,63.0,103.0011284889633,164.0,389.13,103,-23.0,74.0,-0.22
07:38:06,162.29,14.0,311.0,40.0,157.93,30.0,481.8,40.0,236.64,148.71,44.0,80.0,85.6298232510141,162.29,311.0,124,-36.0,21.0,-0.29
07:38:07,162.57,7.0,289.4,20.0,159.43,14.0,403.8,20.0,225.99,126.82999999999998,21.0,40.0,76.00012414463485,162.57,289.4,61,-19.0,-63.0,-0.31
07:38:08,162.4,10.0,170.74,23.0,159.4,20.0,194.0,16.0,166.57,8.340000000000003,30.0,39.0,81.22480144635593,162.4,170.74,69,-9.0,8.0,-0.13
07:38:09,159.12,17.0,167.67,12.0,157.86,14.0,171.78,18.0,163.39,8.549999999999983,31.0,30.0,48.42756394864374,159.12,167.67,61,1.0,-8.0,0.02
07:38:10,159.87,23.0,164.74,39.0,157.0,35.0,166.24,21.0,162.31,4.8700000000000045,58.0,60.0,37.04578518536214,159.87,164.74,118,-2.0,57.0,-0.02
07:38:11,160.38,29.0,163.0,13.0,151.22,27.0,181.71,34.0,161.69,2.6200000000000045,56.0,47.0,28.01396437493291,160.38,163.0,103,9.0,-15.0,0.09
07:38:12,164.28,18.0,415.27,37.0,163.48,63.0,702.09,33.0,289.77,250.98999999999998,81.0,70.0,56.50539691038368,164.28,415.27,151,11.0,48.0,0.07
07:38:13,167.0,6.0,395.91,22.0,164.0,48.0,703.4,20.0,281.45,228.91000000000003,54.0,42.0,67.5170594738839,167.0,395.91,96,12.0,-55.0,0.12
07:38:14,167.67,27.0,286.0,48.0,164.12,75.0,506.27,44.0,226.83,118.33000000000001,102.0,92.0,61.890136532406885,167.66999999999996,286.0,194,10.0,98.0,0.05
07:38:15,168.0,46.0,292.22,45.0,167.0,11.0,341.6,50.0,230.11,124.22000000000003,57.0,95.0,51.42535366917716,168.0,292.22,152,-38.0,-42.0,-0.25
07:38:17,167.0,16.0,228.19,47.0,166.57,49.0,297.6,43.0,197.6,61.19,65.0,90.0,39.428158085307096,167.0,228.19,155,-25.0,9.0,-0.16
07:38:18,164.0,54.0,360.9,41.0,162.0,9.0,521.0,35.0,262.45,196.89999999999998,63.0,76.0,32.68301776152212,164.0,360.9,139,-13.0,-16.0,-0.09
07:38:19,164.0,58.0,206.43,37.0,162.0,10.0,312.97,39.0,185.22,42.43000000000001,68.0,76.0,35.33318793995212,164.0,206.43,144,-8.0,5.0,-0.06
07:38:20,166.4,20.0,219.0,16.0,163.88,17.0,262.89,19.0,192.7,52.599999999999994,37.0,35.0,34.0889201941039,166.4,219.0,72,2.0,-72.0,0.03
07:38:24,163.0,8.0,430.95,19.0,162.0,8.0,522.0,8.0,296.97,267.95,16.0,27.0,69.2346544008121,163.0,430.95,43,-11.0,-1.0,-0.26
07:38:25,163.0,6.0,204.95,21.0,162.0,6.0,313.17,12.0,183.98,41.94999999999999,12.0,33.0,72.82403016861875,163.0,204.95,45,-21.0,2.0,-0.47
07:38:26,163.06,63.0,172.79,29.0,161.02,45.0,208.18,44.0,167.93,9.72999999999999,108.0,73.0,87.41915493757607,163.06,172.79,181,35.0,136.0,0.19
07:38:27,164.02,121.0,169.17,41.0,161.25,118.0,172.32,31.0,166.59,5.149999999999977,239.0,72.0,75.05682867001492,164.02,169.17,311,167.0,130.0,0.54
07:38:28,164.78,18.0,168.31,32.0,163.68,85.0,182.0,19.0,166.55,3.530000000000001,103.0,51.0,56.69828198455405,164.78,168.31,154,52.0,-157.0,0.34
07:38:29,164.0,92.0,167.0,45.0,161.89,81.0,332.89,36.0,165.5,3.0,173.0,81.0,7.801368469700231,164.0,167.0,254,92.0,100.0,0.36
07:38:30,164.0,70.0,166.0,35.0,162.5,72.0,167.0,35.0,165.0,2.0,142.0,70.0,1.132753282951296,164.0,166.0,212,72.0,-42.0,0.34
07:38:31,163.68,113.0,195.63,62.0,162.86,126.0,291.34,58.0,179.66,31.94999999999999,239.0,120.0,6.187046953113772,163.68,195.63,359,119.0,147.0,0.33
07:38:32,163.0,108.0,273.17,29.0,161.39,33.0,306.0,36.0,218.09,110.17000000000002,141.0,65.0,22.703018521774233,163.0,273.17,206,76.0,-153.0,0.37
07:38:33,163.0,72.0,272.0,18.0,162.0,36.0,274.0,24.0,217.5,109.0,108.0,42.0,26.80415639411197,163.0,272.0,150,66.0,-56.0,0.44
07:38:34,163.0,156.0,229.33,39.0,162.0,78.0,253.39,46.0,196.17,66.33000000000001,234.0,85.0,23.322088885861135,163.0,229.33,319,149.0,168.0,0.47
07:38:35,163.0,108.0,212.46,24.0,162.0,54.0,235.0,24.0,187.73,49.46000000000001,162.0,48.0,17.408984749261016,163.0,212.46,210,114.0,-109.0,0.54
07:38:36,163.0,96.0,183.14,21.0,162.0,48.0,198.0,14.0,173.07,20.139999999999986,144.0,35.0,19.44784101127948,163.0,183.14,179,109.0,-31.0,0.61
07:38:37,163.0,134.0,165.96,26.0,162.0,66.0,166.96,26.0,164.48,2.960000000000008,200.0,52.0,20.693879529948333,163.0,165.96,252,148.0,73.0,0.59
07:38:38,163.0,118.0,200.93,42.0,162.0,84.0,451.75,53.0,181.96,37.93000000000001,202.0,95.0,12.365608355435716,163.0,200.92999999999998,297,107.0,45.0,0.36
07:38:39,162.6,75.0,207.21,43.0,161.69,64.0,294.87,55.0,184.9,44.610000000000014,139.0,98.0,9.541277168179526,162.6,207.21,237,41.0,-60.0,0.17
07:38:40,162.52,46.0,169.44,27.0,160.67,36.0,171.0,36.0,165.98,6.9199999999999875,82.0,63.0,9.191801782024477,162.52,169.44,145,19.0,-92.0,0.13
07:38:41,163.85,26.0,226.54,26.0,161.13,46.0,349.33,36.0,195.19,62.69,72.0,62.0,13.084327265856045,163.84999999999997,226.54,134,10.0,-11.0,0.07
07:38:42,162.55,22.0,275.0,9.0,160.57,28.0,326.0,36.0,218.77,112.44999999999999,50.0,45.0,19.494954475453717,162.55,275.0,95,5.0,-39.0,0.05
07:38:43,164.25,40.0,174.65,46.0,162.25,59.0,234.67,36.0,169.45,10.400000000000006,99.0,82.0,21.392528368568676,164.25,174.65,181,17.0,86.0,0.09
07:38:47,162.84,25.0,366.0,45.0,160.64,44.0,387.0,36.0,264.42,203.16,69.0,81.0,44.20992626096544,162.84,366.0,150,-12.0,19.0,-0.08
07:38:48,160.28,58.0,366.0,25.0,159.27,22.0,387.0,20.0,263.14,205.72,80.0,45.0,47.525101998838274,160.28,366.0,125,35.0,-25.0,0.28
07:38:49,162.0,126.0,339.33,45.0,159.91,75.0,387.0,36.0,250.67,177.32999999999998,201.0,81.0,39.443525197425814,162.0,339.33,282,120.0,157.0,0.43
07:38:50,163.0,140.0,330.6,30.0,160.0,140.0,346.22,41.0,246.8,167.60000000000002,280.0,71.0,14.23026984986405,163.0,330.6,351,209.0,69.0,0.6
07:38:51,163.0,98.0,333.71,7.0,160.16,76.0,336.0,35.0,248.36,170.70999999999998,174.0,42.0,8.434395058327887,163.0,333.71,216,132.0,-135.0,0.61
07:38:52,163.0,119.0,248.43,49.0,162.0,33.0,285.79,39.0,205.71,85.43,152.0,88.0,21.783834143693742,163.0,248.43,240,64.0,24.0,0.27
07:38:53,163.0,99.0,266.07,46.0,162.0,33.0,289.0,32.0,214.53,103.07,132.0,78.0,21.3556463259712,163.0,266.07,210,54.0,-30.0,0.26
07:38:54,163.0,79.0,291.0,33.0,162.0,54.0,333.0,11.0,227.0,128.0,133.0,44.0,19.013827862899465,163.0,291.0,177,89.0,-33.0,0.5
07:38:55,163.96,25.0,289.59,27.0,162.2,46.0,317.27,11.0,226.78,125.62999999999997,71.0,38.0,16.07179299269301,163.96,289.59,109,33.0,-68.0,0.3
07:38:56,167.0,28.0,234.59,58.0,163.0,42.0,287.62,52.0,200.79,67.59,70.0,110.0,11.95000292886935,167.0,234.58999999999997,180,-40.0,71.0,-0.22
07:38:57,167.0,16.0,228.67,36.0,163.38,24.0,287.36,28.0,197.83,61.66999999999999,40.0,64.0,13.844649869172844,167.0,228.66999999999996,104,-24.0,-76.0,-0.23
07:38:58,167.0,20.0,279.05,38.0,164.0,30.0,282.55,40.0,223.03,112.05000000000001,50.0,78.0,14.52536849790689,167.0,279.05,128,-28.0,24.0,-0.22
07:38:59,167.0,26.0,221.59,29.0,164.0,39.0,251.81,31.0,194.29,54.59,65.0,60.0,15.169762028456251,167.0,221.58999999999997,125,5.0,-3.0,0.04
07:39:00,167.0,21.0,192.83,35.0,164.0,33.0,193.49,37.0,179.91,25.830000000000013,54.0,72.0,15.560218507463302,167.0,192.83,126,-18.0,1.0,-0.14
07:39:01,164.27,22.0,186.29,34.0,163.17,36.0,188.53,34.0,175.28,22.019999999999982,58.0,68.0,18.7512484917674,164.27,186.29,126,-10.0,0.0,-0.08
07:39:02,162.81,27.0,182.11,38.0,160.78,78.0,183.72,32.0,172.46,19.30000000000001,105.0,70.0,20.799416578356578,162.81,182.11,175,35.0,49.0,0.2
07:39:03,162.0,39.0,178.35,37.0,160.0,156.0,181.45,33.0,170.18,16.349999999999994,195.0,70.0,9.5832630142361,162.0,178.35,265,125.0,90.0,0.47
07:39:04,162.0,24.0,174.04,24.0,160.0,96.0,175.25,16.0,168.02,12.039999999999992,120.0,40.0,4.632666618701519,162.0,174.04,160,80.0,-105.0,0.5
07:39:05,165.43,42.0,169.44,27.0,161.06,51.0,170.8,15.0,167.44,4.009999999999991,93.0,42.0,3.2462100979502457,165.43,169.44,135,51.0,-25.0,0.38
07:39:06,167.0,153.0,168.06,16.0,166.0,32.0,169.62,16.0,167.53,1.0600000000000023,185.0,32.0,2.1702257947125774,167.0,168.06,217,153.0,82.0,0.71
07:39:07,167.0,142.0,169.82,33.0,166.0,36.0,459.59,41.0,168.41,2.819999999999993,178.0,74.0,1.1131172445150102,167.0,169.82,252,104.0,35.0,0.41
07:39:08,167.0,88.0,169.38,40.0,166.0,32.0,688.0,18.0,168.19,2.3799999999999955,120.0,58.0,0.4199642842398707,167.0,169.38,178,62.0,-74.0,0.35
07:39:09,167.0,115.0,168.09,55.0,166.0,44.0,303.0,16.0,167.55,1.0900000000000034,159.0,71.0,0.4433734318125161,167.0,168.09,230,88.0,52.0,0.38
07:39:10,167.45,44.0,448.53,38.0,166.0,44.0,588.6,15.0,307.99,281.08,88.0,53.0,62.64240959605566,167.45,448.53,141,35.0,-89.0,0.25
07:39:11,167.78,18.0,461.0,20.0,165.5,16.0,623.0,5.0,314.39,293.22,34.0,25.0,78.43428893028846,167.78,461.0,59,9.0,-82.0,0.15
07:39:12,163.45,22.0,461.0,28.0,161.43,28.0,623.0,7.0,312.23,297.55,50.0,35.0,78.72347045195569,163.45,461.0,85,15.0,26.0,0.18
07:39:13,164.29,14.0,387.5,16.0,159.96,25.0,466.18,34.0,275.89,223.21,39.0,50.0,62.390742903093546,164.29,387.5,89,-11.0,4.0,-0.12
07:39:16,151.69,39.0,217.9,40.0,136.95,20.0,559.41,27.0,184.8,66.21000000000001,59.0,67.0,78.02729169976351,151.69,217.9,126,-8.0,48.0,-0.06
07:39:17,162.92,49.0,338.5,16.0,158.95,21.0,462.55,11.0,250.71,175.58,70.0,27.0,61.64132323368792,162.92,338.5,97,43.0,-29.0,0.44
07:39:18,163.0,60.0,325.0,14.0,159.03,37.0,358.19,16.0,244.0,162.0,97.0,30.0,52.98666549236705,163.0,325.0,127,67.0,30.0,0.53
07:39:19,163.0,60.0,308.11,18.0,160.2,10.0,318.33,12.0,235.56,145.11,70.0,30.0,53.182654879198985,163.0,308.11,100,40.0,-27.0,0.4
07:39:20,163.0,51.0,307.5,16.0,162.0,8.0,323.62,8.0,235.25,144.5,59.0,24.0,26.107468854715954,163.0,307.5,83,35.0,-17.0,0.42
07:39:21,163.0,54.0,307.0,18.0,162.0,9.0,402.47,15.0,235.0,144.0,63.0,33.0,7.034310911521721,163.0,307.0,96,30.0,13.0,0.31
07:39:22,165.74,35.0,306.83,24.0,162.33,12.0,363.4,15.0,236.29,141.08999999999997,47.0,39.0,3.8209357492578184,165.74,306.83,86,8.0,-10.0,0.09
07:39:23,167.0,11.0,265.09,22.0,163.0,11.0,342.2,30.0,216.05,98.08999999999997,22.0,52.0,8.722932419775004,167.0,265.09,74,-30.0,-12.0,-0.41
07:39:24,167.64,22.0,199.14,28.0,164.87,15.0,283.9,20.0,183.39,31.5,37.0,48.0,22.75779602685577,167.64,199.14000000000001,85,-11.0,11.0,-0.13
07:39:25,166.88,16.0,169.8,20.0,161.91,22.0,171.0,10.0,168.34,2.920000000000016,38.0,30.0,30.710427056620123,166.88,169.8,68,8.0,-17.0,0.12
07:39:26,162.0,7.0,168.14,14.0,160.0,28.0,410.09,22.0,165.07,6.139999999999986,35.0,36.0,31.154659683585045,162.0,168.14000000000001,71,-1.0,3.0,-0.01
07:39:27,166.0,14.0,168.0,14.0,162.0,7.0,434.0,28.0,167.0,2.0,21.0,42.0,21.441493651329733,166.0,168.0,63,-21.0,-8.0,-0.33
07:39:28,166.0,14.0,168.0,14.0,162.0,7.0,414.58,19.0,167.0,2.0,21.0,33.0,7.487065513271724,166.0,168.0,54,-12.0,-9.0,-0.22
07:39:29,166.0,14.0,167.9,20.0,162.0,10.0,371.23,26.0,166.95,1.9000000000000057,24.0,46.0,1.1663061347803017,166.0,167.9,70,-22.0,16.0,-0.31
07:39:30,164.0,14.0,314.82,34.0,160.4,35.0,399.73,37.0,239.41,150.82,49.0,71.0,32.61463827792685,164.0,314.82,120,-22.0,50.0,-0.18
07:39:31,160.0,8.0,213.83,18.0,159.0,8.0,363.5,8.0,186.92,53.83000000000001,16.0,26.0,31.372349768546297,160.0,213.83,42,-10.0,-78.0,-0.24
07:39:32,160.0,2.0,195.0,6.0,159.0,2.0,308.0,2.0,177.5,35.0,4.0,8.0,30.1559335786509,160.0,195.0,12,-4.0,-30.0,-0.33
07:39:33,160.0,8.0,192.14,28.0,159.0,11.0,230.0,22.0,176.07,32.139999999999986,19.0,50.0,28.85501429561252,160.0,192.14000000000001,69,-31.0,57.0,-0.45
07:39:34,163.62,13.0,265.87,23.0,158.12,16.0,296.0,13.0,214.74,102.25,29.0,36.0,27.452919152614594,163.62,265.87,65,-7.0,-4.0,-0.11
07:39:35,160.76,17.0,281.0,9.0,152.0,16.0,355.2,15.0,220.88,120.24000000000001,33.0,24.0,21.14874038802304,160.76,281.0,57,9.0,-8.0,0.16
07:39:36,162.0,40.0,280.62,8.0,159.0,8.0,419.0,8.0,221.31,118.62,48.0,16.0,23.26049763010221,162.0,280.62,64,32.0,7.0,0.5
07:39:37,162.0,37.0,278.17,18.0,159.88,8.0,292.52,29.0,220.08,116.17000000000002,45.0,47.0,19.49174261065395,162.0,278.17,92,-2.0,28.0,-0.02
07:39:38,162.0,28.0,225.46,50.0,160.0,14.0,240.09,53.0,193.73,63.46000000000001,42.0,103.0,11.71588536987196,162.0,225.46,145,-61.0,53.0,-0.42
07:39:39,162.56,27.0,216.23,26.0,161.14,14.0,217.35,23.0,189.39,53.66999999999999,41.0,49.0,16.07118135047902,162.56,216.23,90,-8.0,-55.0,-0.09
07:39:40,167.0,30.0,215.29,42.0,163.0,50.0,216.22,36.0,191.14,48.28999999999999,80.0,78.0,16.11460983083333,167.0,215.29000000000002,158,2.0,68.0,0.01
07:39:41,167.0,51.0,209.32,74.0,163.1,78.0,210.65,75.0,188.16,42.31999999999999,129.0,149.0,13.346596944539694,167.0,209.32,278,-20.0,120.0,-0.07
07:39:42,167.0,28.0,204.47,68.0,164.0,28.0,206.48,58.0,185.74,37.47,56.0,126.0,3.0183058161827354,167.0,204.47,182,-70.0,-96.0,-0.38
07:39:43,167.0,28.0,197.8,56.0,164.0,28.0,199.1,60.0,182.4,30.80000000000001,56.0,116.0,3.4012909313971775,167.0,197.8,172,-60.0,-10.0,-0.35
07:39:44,165.07,28.0,191.47,45.0,163.18,55.0,193.2,49.0,178.27,26.400000000000006,83.0,94.0,5.004619865684778,165.07,191.47,177,-11.0,5.0,-0.06
07:39:45,166.0,40.0,187.08,38.0,164.0,20.0,188.63,19.0,176.54,21.080000000000013,60.0,57.0,4.888028232325333,166.0,187.08,117,3.0,-60.0,0.03
07:39:46,166.77,52.0,186.7,27.0,165.54,26.0,187.1,21.0,176.74,19.92999999999998,78.0,48.0,4.008755417833777,166.77,186.7,126,30.0,9.0,0.24
07:39:47,167.0,120.0,183.76,34.0,166.0,60.0,184.57,40.0,175.38,16.75999999999999,180.0,74.0,2.7352659834125093,167.0,183.76,254,106.0,128.0,0.42
07:39:48,167.0,76.0,181.86,42.0,166.0,48.0,182.43,21.0,174.43,14.860000000000014,124.0,63.0,1.4552903490421072,167.0,181.86,187,61.0,-67.0,0.33
07:39:49,167.0,32.0,179.11,19.0,166.0,32.0,180.19,16.0,173.05,12.110000000000014,64.0,35.0,1.5338741799822124,167.0,179.11,99,29.0,-88.0,0.29
07:39:50,167.0,32.0,176.0,16.0,166.0,32.0,179.0,40.0,171.5,9.0,64.0,56.0,2.0314649886269662,167.0,176.0,120,8.0,21.0,0.07
07:39:51,166.73,55.0,172.21,19.0,165.78,45.0,173.44,32.0,169.47,5.480000000000018,100.0,51.0,2.353131955504989,166.73,172.21,151,49.0,31.0,0.32
07:39:52,166.0,31.0,168.43,14.0,164.0,11.0,169.29,14.0,167.21,2.430000000000007,42.0,28.0,2.8651038375633995,166.0,168.43,70,14.0,-81.0,0.2
07:39:53,164.67,12.0,166.06,17.0,163.05,42.0,167.46,13.0,165.36,1.3900000000000148,54.0,30.0,3.1153442827434734,164.67,166.06,84,24.0,14.0,0.29
07:39:54,162.21,57.0,165.0,12.0,161.88,51.0,167.0,6.0,163.61,2.789999999999992,108.0,18.0,3.1484996426908665,162.21,165.0,126,90.0,42.0,0.71
07:39:55,162.0,180.0,164.31,29.0,160.59,17.0,165.35,20.0,163.16,2.3100000000000023,197.0,49.0,2.6176840909526278,162.0,164.31,246,148.0,120.0,0.6
07:39:56,162.0,191.0,163.12,26.0,160.0,14.0,164.55,33.0,162.56,1.1200000000000045,205.0,59.0,1.8949274392514752,162.0,163.12,264,146.0,18.0,0.55
07:39:57,162.0,139.0,163.0,13.0,160.0,13.0,323.58,38.0,162.5,1.0,152.0,51.0,1.1674416473765403,162.0,163.0,203,101.0,-61.0,0.5
07:39:58,161.9,40.0,246.12,16.0,159.78,9.0,416.58,24.0,204.01,84.22,49.0,40.0,18.364914102712817,161.9,246.12,89,9.0,-114.0,0.1
07:39:59,162.9,60.0,259.64,22.0,161.86,29.0,423.0,22.0,211.27,96.73999999999998,89.0,44.0,24.727677812524355,162.9,259.64,133,45.0,44.0,0.34
07:40:00,163.0,42.0,211.0,14.0,162.0,21.0,573.88,16.0,187.0,48.0,63.0,30.0,22.716742063949297,163.0,211.0,93,33.0,-40.0,0.35
07:40:03,168.0,288.0,380.67,27.0,162.0,20.0,425.42,19.0,274.33,212.67000000000002,308.0,46.0,59.76245418320699,168.0,380.67,354,262.0,168.0,0.74
07:40:04,168.0,168.0,269.0,28.0,162.0,91.0,339.0,8.0,218.5,101.0,259.0,36.0,58.32567633555494,168.0,269.0,295,223.0,-59.0,0.76
07:40:05,168.0,240.0,336.32,19.0,162.2,148.0,355.58,31.0,252.16,168.32,388.0,50.0,42.30710673161069,168.0,336.32,438,338.0,143.0,0.77
07:40:06,168.0,336.0,254.44,16.0,167.0,42.0,296.05,21.0,211.22,86.44,378.0,37.0,42.137479516458065,168.0,254.44,415,341.0,-23.0,0.82
07:40:07,168.0,188.0,229.62,8.0,167.0,24.0,230.62,8.0,198.81,61.620000000000005,212.0,16.0,31.260713843416173,168.0,229.62,228,196.0,-168.0,0.86
07:40:08,168.0,286.0,226.54,13.0,167.0,39.0,227.69,13.0,197.27,58.53999999999999,325.0,26.0,22.260506957389133,168.0,226.54,351,299.0,123.0,0.85
07:40:09,168.0,242.0,225.0,12.0,167.0,36.0,226.0,12.0,196.5,57.0,278.0,24.0,23.67154768915575,168.0,225.0,302,254.0,-49.0,0.84
07:40:10,168.0,180.0,197.0,12.0,167.0,27.0,225.67,9.0,182.5,29.0,207.0,21.0,10.19459906028635,168.0,197.0,228,186.0,-74.0,0.82
07:40:11,168.0,320.0,223.75,16.0,167.0,48.0,225.06,16.0,195.88,55.75,368.0,32.0,6.627199257604605,168.0,223.75,400,336.0,168.0,0.84
07:40:12,168.0,140.0,221.86,7.0,167.0,21.0,223.0,7.0,194.93,53.860000000000014,161.0,14.0,6.162120576554468,168.0,221.85999999999999,175,147.0,-168.0,0.84
07:40:13,168.0,209.0,218.91,11.0,167.0,33.0,220.64,11.0,193.45,50.91,242.0,22.0,5.79042917234957,168.0,218.90999999999997,264,220.0,89.0,0.83
07:40:14,168.0,209.0,207.0,20.0,167.0,33.0,210.47,17.0,187.5,39.0,242.0,37.0,5.693247755016389,168.0,207.0,279,205.0,15.0,0.73
07:40:15,168.0,200.0,200.73,11.0,167.0,33.0,202.93,14.0,184.36,32.72999999999999,233.0,25.0,5.033649769302457,168.0,200.73,258,208.0,-21.0,0.81
07:40:16,168.0,192.0,198.58,12.0,167.0,36.0,199.58,12.0,183.29,30.580000000000013,228.0,24.0,5.265902581704476,168.0,198.58,252,204.0,-6.0,0.81
07:40:17,168.0,256.0,195.19,16.0,167.0,48.0,196.62,16.0,181.59,27.189999999999998,304.0,32.0,4.669771943040172,168.0,195.19,336,272.0,84.0,0.81
07:40:24,168.0,74.0,169.0,10.0,167.0,30.0,170.0,10.0,168.5,1.0,104.0,20.0,3.3006408468695665,168.0,169.0,124,84.0,-109.0,0.68
07:40:25,168.0,26.0,169.29,7.0,167.0,21.0,246.0,15.0,168.64,1.289999999999992,47.0,22.0,1.7760968442136935,168.0,169.29,69,25.0,-55.0,0.36
07:40:26,168.0,28.0,170.0,10.0,167.0,30.0,407.5,18.0,169.0,2.0,58.0,28.0,0.6039205245947173,168.0,170.0,86,30.0,17.0,0.35
07:40:27,168.0,11.0,169.27,11.0,167.0,33.0,296.43,14.0,168.64,1.2700000000000102,44.0,25.0,0.21981810668622515,168.0,169.27,69,19.0,-17.0,0.28
07:40:28,167.36,14.0,242.78,9.0,166.45,33.0,414.88,16.0,205.07,75.41999999999999,47.0,25.0,16.26844798989806,167.35999999999999,242.78,72,22.0,3.0,0.31
07:40:30,166.63,27.0,235.33,15.0,165.83,41.0,587.29,24.0,200.98,68.70000000000002,68.0,39.0,52.155689718380486,166.63,235.33,107,29.0,6.0,0.27
07:40:31,166.4,55.0,279.12,42.0,164.71,34.0,500.26,46.0,222.76,112.72,89.0,88.0,47.448090056397085,166.4,279.12,177,1.0,70.0,0.01
07:40:32,168.0,36.0,385.42,60.0,166.0,48.0,598.67,60.0,276.71,217.42000000000002,84.0,120.0,43.38380031762944,168.0,385.42,204,-36.0,27.0,-0.18
07:40:34,168.0,17.0,265.33,43.0,167.0,11.0,461.06,31.0,216.66,97.32999999999998,28.0,74.0,56.94230808458621,168.0,265.33,102,-46.0,-6.0,-0.45
07:40:35,168.0,8.0,272.25,40.0,167.0,8.0,556.5,40.0,220.12,104.25,16.0,80.0,53.23476843191795,168.0,272.25,96,-64.0,-6.0,-0.67
07:40:36,168.0,16.0,239.47,58.0,167.0,16.0,277.77,74.0,203.73,71.47,32.0,132.0,56.69691852296677,168.0,239.47,164,-100.0,68.0,-0.61
07:40:37,168.0,10.0,196.35,46.0,167.0,10.0,212.29,34.0,182.17,28.349999999999994,20.0,80.0,61.6681240998942,168.0,196.35,100,-60.0,-64.0,-0.6
07:40:38,168.0,13.0,211.62,39.0,167.0,13.0,286.0,65.0,189.81,43.620000000000005,26.0,104.0,16.48353633174571,168.0,211.62,130,-78.0,30.0,-0.6
07:40:39,168.0,11.0,210.09,33.0,167.0,11.0,390.45,55.0,189.05,42.09,22.0,88.0,15.121606396146747,168.0,210.09,110,-66.0,-20.0,-0.6
07:40:40,168.0,12.0,206.7,40.0,167.0,12.0,259.05,56.0,187.35,38.69999999999999,24.0,96.0,8.01393286720027,168.0,206.7,120,-72.0,10.0,-0.6
07:40:41,168.0,10.0,202.76,42.0,167.0,10.0,203.58,33.0,185.38,34.75999999999999,20.0,75.0,3.0768035361388266,168.0,202.76,95,-55.0,-25.0,-0.58
07:40:42,167.67,12.0,199.63,54.0,166.67,12.0,200.94,34.0,183.65,31.960000000000008,24.0,88.0,2.5522774143881937,167.67,199.63,112,-64.0,17.0,-0.57
07:40:43,164.0,10.0,197.15,41.0,163.0,10.0,198.52,29.0,180.57,33.150000000000006,20.0,70.0,3.2907749847107324,164.0,197.15,90,-50.0,-22.0,-0.56
07:40:44,162.41,44.0,195.95,40.0,160.8,61.0,196.59,34.0,179.18,33.53999999999999,105.0,74.0,3.3634550688242784,162.41,195.95,179,31.0,89.0,0.17
07:40:45,162.0,84.0,188.8,30.0,160.0,96.0,189.46,39.0,175.4,26.80000000000001,180.0,69.0,3.9028745816387533,162.0,188.8,249,111.0,70.0,0.45
07:40:46,162.91,44.0,182.54,26.0,162.0,67.0,183.34,29.0,172.72,19.629999999999995,111.0,55.0,4.303955157759443,162.91,182.54,166,56.0,-83.0,0.34
07:40:47,167.0,8.0,179.5,16.0,166.0,40.0,180.5,16.0,173.25,12.5,48.0,32.0,3.5152282998414006,167.0,179.5,80,16.0,-86.0,0.2
07:40:48,167.0,15.0,172.79,48.0,166.0,75.0,174.0,36.0,169.9,5.789999999999992,90.0,84.0,3.455531796989814,167.0,172.79,174,6.0,94.0,0.03
07:40:49,166.26,27.0,169.0,22.0,164.22,63.0,171.25,40.0,167.63,2.740000000000009,90.0,62.0,3.0375072016391353,166.26,169.0,152,28.0,-22.0,0.18
07:40:50,162.62,58.0,166.6,30.0,160.77,91.0,168.5,24.0,164.61,3.9799999999999898,149.0,54.0,3.6029668330434883,162.62,166.6,203,95.0,51.0,0.47
07:40:51,164.16,37.0,345.6,40.0,161.24,55.0,586.22,45.0,254.88,181.44000000000003,92.0,85.0,38.60440816797994,164.16,345.6,177,7.0,-26.0,0.04
07:40:52,168.0,48.0,266.32,28.0,164.0,12.0,309.85,46.0,217.16,98.32,60.0,74.0,39.935023851251024,168.0,266.32,134,-14.0,-43.0,-0.1
07:40:53,168.0,42.0,195.87,46.0,164.0,13.0,196.53,19.0,181.93,27.870000000000005,55.0,65.0,38.38958543667783,168.0,195.87,120,-10.0,-14.0,-0.08
07:40:54,168.0,25.0,193.38,13.0,164.0,13.0,195.0,52.0,180.69,25.379999999999995,38.0,65.0,36.25612541350749,168.0,193.38,103,-27.0,-17.0,-0.26
07:40:55,168.0,16.0,191.5,16.0,164.0,16.0,195.0,64.0,179.75,23.5,32.0,80.0,33.06892000050775,168.0,191.5,112,-48.0,9.0,-0.43
07:40:56,168.0,14.0,190.48,23.0,164.0,14.0,194.74,47.0,179.24,22.47999999999999,28.0,70.0,16.470307525969115,168.0,190.48,98,-42.0,-14.0,-0.43
07:40:57,168.0,7.0,189.43,28.0,164.0,7.0,191.0,7.0,178.71,21.430000000000007,14.0,35.0,1.2732556695345707,168.0,189.43,49,-21.0,-49.0,-0.43
07:40:58,165.62,116.0,187.05,38.0,162.95,21.0,188.18,17.0,176.34,21.430000000000007,137.0,55.0,1.6295183337424992,165.62,187.05,192,82.0,143.0,0.43
07:40:59,167.0,108.0,185.0,8.0,164.0,8.0,186.0,32.0,176.0,18.0,116.0,40.0,1.7218797867458029,167.0,185.0,156,76.0,-36.0,0.49
07:41:03,167.2,25.0,178.31,16.0,162.19,103.0,180.61,23.0,172.76,11.110000000000014,128.0,39.0,1.3964168432120705,167.2,178.31,167,89.0,39.0,0.53
07:41:04,164.0,15.0,175.62,32.0,162.0,165.0,177.5,16.0,169.81,11.620000000000005,180.0,48.0,2.5856005105212003,164.0,175.62,228,132.0,61.0,0.58
07:41:05,162.19,31.0,173.0,28.0,161.02,65.0,174.0,14.0,167.6,10.810000000000002,96.0,42.0,3.312939782128422,162.19,173.0,138,54.0,-90.0,0.39
07:41:06,162.01,68.0,172.86,28.0,160.38,69.0,173.6,20.0,167.44,10.850000000000023,137.0,48.0,3.288157538806592,162.01,172.85999999999999,185,89.0,47.0,0.48
07:41:07,163.0,53.0,170.29,14.0,162.0,101.0,171.05,42.0,166.64,7.289999999999992,154.0,56.0,2.4821563206237087,163.0,170.29,210,98.0,25.0,0.47
07:41:08,163.0,50.0,167.69,13.0,162.0,56.0,168.12,17.0,165.35,4.689999999999998,106.0,30.0,1.629776058240426,163.0,167.69,136,76.0,-74.0,0.56
07:41:09,162.03,66.0,163.53,19.0,160.24,118.0,164.62,29.0,162.78,1.5,184.0,48.0,1.9891505724844256,162.03,163.53,232,136.0,96.0,0.59
07:41:10,162.0,35.0,214.79,38.0,160.0,92.0,344.68,37.0,188.39,52.78999999999999,127.0,75.0,10.364774478974963,162.0,214.79,202,52.0,-30.0,0.26
07:41:11,160.62,26.0,386.0,15.0,159.33,36.0,502.91,11.0,273.31,225.38,62.0,26.0,46.98142324366078,160.62,386.0,88,36.0,-114.0,0.41
07:41:13,159.83,42.0,367.54,13.0,157.03,67.0,596.43,23.0,263.69,207.71,109.0,36.0,85.75050133964187,159.83,367.54,145,73.0,-2.0,0.5
07:41:14,149.39,28.0,285.44,27.0,129.45,31.0,328.0,9.0,217.42,136.05,59.0,36.0,73.88207576943077,149.39000000000001,285.44,95,23.0,-50.0,0.24
07:41:15,163.63,19.0,323.7,23.0,154.43,42.0,569.85,13.0,243.66,160.07,61.0,36.0,62.88744095604381,163.63,323.7,97,25.0,2.0,0.26
07:41:17,161.08,26.0,445.0,16.0,142.0,14.0,484.43,14.0,303.04,283.91999999999996,40.0,30.0,55.22487093692384,161.07999999999998,445.0,70,10.0,34.0,0.14
07:41:18,159.0,36.0,218.05,20.0,124.0,16.0,303.17,18.0,188.53,59.05000000000001,52.0,38.0,68.49457095273985,159.0,218.05,90,14.0,20.0,0.16
07:41:19,159.0,32.0,163.14,21.0,127.3,40.0,164.25,24.0,161.07,4.139999999999986,72.0,45.0,81.18190223196257,159.0,163.14,117,27.0,27.0,0.23
07:41:20,159.0,36.0,225.76,25.0,126.58,38.0,185.8,20.0,192.38,66.75999999999999,74.0,45.0,85.46860786276996,159.0,225.76,119,29.0,2.0,0.24
07:41:21,162.0,33.0,282.43,21.0,156.86,28.0,367.21,19.0,222.21,120.43,61.0,40.0,54.570416252764424,162.0,282.43,101,21.0,-18.0,0.21
07:41:22,167.57,131.0,192.0,16.0,162.67,27.0,299.6,53.0,179.79,24.430000000000007,158.0,69.0,22.244383111248695,167.57,192.0,227,89.0,126.0,0.39
07:41:23,168.0,144.0,182.2,30.0,164.0,18.0,297.03,66.0,175.1,14.199999999999989,162.0,96.0,23.079682623467974,168.0,182.2,258,66.0,31.0,0.26
07:41:24,168.0,40.0,173.14,22.0,164.0,6.0,174.33,30.0,170.57,5.139999999999986,46.0,52.0,20.779358748527518,168.0,173.14,98,-6.0,-160.0,-0.06
07:41:25,168.0,60.0,170.07,42.0,164.0,10.0,172.11,18.0,169.04,2.069999999999993,70.0,60.0,22.129956393992586,168.0,170.07,130,10.0,32.0,0.08
07:41:26,168.0,55.0,169.91,46.0,164.0,10.0,172.43,14.0,168.96,1.9099999999999966,65.0,60.0,4.689026551431224,168.0,169.91,125,5.0,-5.0,0.04
07:41:27,166.21,33.0,170.08,13.0,160.67,24.0,224.73,33.0,168.14,3.8700000000000045,57.0,46.0,2.7902723881424283,166.21,170.07999999999998,103,11.0,-22.0,0.11
07:41:28,165.34,29.0,168.55,11.0,160.77,26.0,227.91,33.0,166.95,3.210000000000008,55.0,44.0,1.3276934887360659,165.33999999999997,168.55,99,11.0,-4.0,0.11
07:41:29,161.8,20.0,168.0,6.0,159.2,20.0,304.83,30.0,164.9,6.199999999999989,40.0,36.0,1.7267947185561965,161.8,168.0,76,4.0,-23.0,0.05
07:41:30,159.8,15.0,167.67,6.0,125.0,21.0,737.0,18.0,163.73,7.869999999999976,36.0,24.0,2.1891847797833206,159.8,167.67,60,12.0,-16.0,0.2
07:41:31,159.0,28.0,167.0,7.0,144.0,14.0,591.26,23.0,163.0,8.0,42.0,30.0,2.1617886113208313,159.0,167.0,72,12.0,12.0,0.17
07:41:32,162.25,16.0,166.14,7.0,158.11,19.0,182.62,16.0,164.2,3.8899999999999864,35.0,23.0,1.5066286868493741,162.25,166.14000000000001,58,12.0,-14.0,0.21
07:41:33,164.0,11.0,165.0,6.0,159.2,20.0,175.78,9.0,164.5,1.0,31.0,15.0,0.7333348485092513,164.0,165.0,46,16.0,-12.0,0.35
07:41:34,164.0,9.0,165.0,9.0,159.0,36.0,203.74,31.0,164.5,1.0,45.0,40.0,0.6348070573317368,164.0,165.0,85,5.0,39.0,0.06
07:41:35,156.92,13.0,164.11,28.0,137.44,25.0,197.74,19.0,160.52,7.190000000000026,38.0,47.0,1.695488130314977,156.92,164.10999999999999,85,-9.0,0.0,-0.11
07:41:36,160.0,51.0,162.55,11.0,145.86,14.0,227.73,11.0,161.27,2.5500000000000114,65.0,22.0,1.9418599331670146,160.0,162.55,87,43.0,2.0,0.49
07:41:37,160.0,33.0,170.22,9.0,143.0,27.0,343.6,15.0,165.11,10.219999999999999,60.0,24.0,2.1173922640926044,160.0,170.22,84,36.0,-3.0,0.43
07:41:38,160.0,21.0,230.0,9.0,121.0,13.0,432.89,27.0,195.0,70.0,34.0,36.0,14.514246449610527,160.0,230.0,70,-2.0,-14.0,-0.03
07:41:39,160.56,27.0,279.73,22.0,127.45,22.0,370.4,15.0,220.14,119.17000000000002,49.0,37.0,26.39783457028281,160.56,279.73,86,12.0,16.0,0.14
07:41:40,162.0,28.0,264.39,18.0,160.0,30.0,532.21,28.0,213.19,102.38999999999999,58.0,46.0,26.98001056337833,162.0,264.39,104,12.0,18.0,0.12
07:41:41,162.0,22.0,211.23,26.0,160.0,33.0,452.78,23.0,186.62,49.22999999999999,55.0,49.0,21.91695393981564,162.0,211.23,104,6.0,0.0,0.06
07:41:42,166.0,52.0,389.67,30.0,163.57,28.0,529.34,38.0,277.83,223.67000000000002,80.0,68.0,35.77535226940434,166.0,389.67,148,12.0,44.0,0.08
07:41:45,166.0,24.0,342.61,49.0,164.0,24.0,488.45,51.0,254.31,176.61,48.0,100.0,84.98923078837626,166.0,342.61,148,-52.0,56.0,-0.35
07:41:46,167.06,17.0,302.25,40.0,164.33,30.0,303.28,58.0,234.65,135.19,47.0,98.0,71.10966235329677,167.06,302.25,145,-51.0,-3.0,-0.35
07:41:47,165.82,17.0,269.79,43.0,164.48,42.0,290.98,55.0,217.81,103.97000000000003,59.0,98.0,81.3149581565402,165.82,269.79,157,-39.0,12.0,-0.25
07:41:48,167.0,9.0,185.0,45.0,147.33,21.0,265.07,43.0,176.0,18.0,30.0,88.0,83.75576266741248,167.0,185.0,118,-58.0,-39.0,-0.49
07:41:49,159.0,10.0,175.0,50.0,123.14,14.0,265.0,50.0,167.0,16.0,24.0,100.0,37.539925812393115,159.0,175.0,124,-76.0,6.0,-0.61
07:41:50,159.0,8.0,173.44,36.0,128.0,8.0,191.93,30.0,166.22,14.439999999999998,16.0,66.0,31.742016791628078,159.0,173.44,82,-50.0,-42.0,-0.61
07:41:51,159.0,11.0,172.0,55.0,114.52,21.0,174.0,33.0,165.5,13.0,32.0,88.0,22.380651911863854,159.0,172.0,120,-56.0,38.0,-0.47
07:41:52,163.0,10.0,170.69,36.0,128.06,36.0,171.61,44.0,166.85,7.689999999999998,46.0,80.0,4.337277948209843,163.0,170.69,126,-34.0,6.0,-0.27
07:41:54,121.0,10.0,162.73,26.0,107.1,50.0,163.12,34.0,141.87,41.72999999999999,60.0,60.0,15.681571030991886,121.0,162.73,120,0.0,-30.0,0.0
07:41:55,134.68,19.0,159.25,32.0,123.05,44.0,161.8,35.0,146.97,24.569999999999993,63.0,67.0,14.534181091483928,134.68,159.25,130,-4.0,10.0,-0.03
07:41:56,122.45,22.0,157.48,25.0,73.5,4.0,158.37,19.0,139.97,35.02999999999999,26.0,44.0,12.544884216287358,122.45,157.48,70,-18.0,-60.0,-0.26
07:41:59,127.73,41.0,153.36,11.0,121.2,25.0,159.0,55.0,140.55,25.63000000000001,66.0,66.0,10.401965198945287,127.73,153.36,132,0.0,49.0,0.0
07:42:00,130.87,23.0,151.0,7.0,129.23,26.0,159.0,35.0,140.93,20.129999999999995,49.0,42.0,9.111206286769637,130.87,151.0,91,7.0,-41.0,0.08
07:42:02,136.0,14.0,377.08,13.0,134.0,35.0,319.52,27.0,256.54,241.07999999999998,49.0,40.0,54.83945039841335,136.0,377.08,89,9.0,-28.0,0.1
07:42:03,164.0,25.0,414.0,25.0,157.53,19.0,694.0,15.0,289.0,250.0,44.0,40.0,73.00795059443863,164.0,414.0,84,4.0,-5.0,0.05
07:42:04,163.83,60.0,244.47,60.0,162.79,57.0,367.4,75.0,204.15,80.63999999999999,117.0,135.0,66.67923852294636,163.83,244.47,252,-18.0,168.0,-0.07
07:42:05,163.08,26.0,249.07,29.0,162.29,17.0,373.47,34.0,206.07,85.98999999999998,43.0,63.0,56.20341777863652,163.07999999999998,249.07,106,-20.0,-146.0,-0.19
07:42:06,165.91,11.0,187.0,35.0,162.4,10.0,262.0,28.0,176.45,21.090000000000003,21.0,63.0,45.36117469819257,165.91,187.0,84,-42.0,-22.0,-0.5
07:42:07,167.0,10.0,202.41,17.0,163.0,5.0,238.82,22.0,184.71,35.41,15.0,39.0,44.817142702318336,167.0,202.41,54,-24.0,-30.0,-0.44
07:42:08,167.0,14.0,206.71,7.0,163.0,7.0,213.0,35.0,186.86,39.71000000000001,21.0,42.0,12.906723829074316,167.0,206.71,63,-21.0,9.0,-0.33
07:42:09,167.0,28.0,204.11,55.0,163.0,14.0,205.48,44.0,185.55,37.110000000000014,42.0,99.0,10.931922063388487,167.0,204.11,141,-57.0,78.0,-0.4
07:42:10,167.0,12.0,202.31,26.0,163.0,6.0,203.36,28.0,184.65,35.31,18.0,54.0,4.119390731650278,167.0,202.31,72,-36.0,-69.0,-0.5
07:42:11,167.0,14.0,200.12,34.0,163.0,7.0,201.65,23.0,183.56,33.120000000000005,21.0,57.0,1.2268373975405673,167.0,200.12,78,-36.0,6.0,-0.46
07:42:12,167.0,16.0,181.45,22.0,163.0,8.0,191.61,18.0,174.23,14.449999999999989,24.0,40.0,5.0335524234885325,167.0,181.45,64,-16.0,-14.0,-0.25
07:42:13,167.0,16.0,171.39,28.0,163.0,8.0,173.75,20.0,169.2,4.389999999999986,24.0,48.0,7.305003080082344,167.0,171.39000000000001,72,-24.0,8.0,-0.33
07:42:14,167.0,20.0,170.95,42.0,163.0,10.0,171.89,18.0,168.98,3.9499999999999886,30.0,60.0,7.591978003130502,167.0,170.95,90,-30.0,18.0,-0.33
07:42:15,165.63,19.0,169.52,21.0,161.33,21.0,170.96,57.0,167.58,3.890000000000015,40.0,78.0,6.568538650264793,165.63,169.52,118,-38.0,28.0,-0.32
07:42:16,162.63,19.0,165.78,18.0,160.16,38.0,168.86,42.0,164.2,3.1500000000000057,57.0,60.0,3.616575728507316,162.63,165.78,117,-3.0,-1.0,-0.03
07:42:17,162.95,19.0,164.19,21.0,161.0,10.0,170.17,18.0,163.57,1.240000000000009,29.0,39.0,2.6584544382086803,162.95,164.19,68,-10.0,-49.0,-0.15
07:42:18,160.26,23.0,163.57,7.0,159.65,23.0,171.0,35.0,161.92,3.3100000000000023,46.0,42.0,2.930682514369915,160.26,163.57,88,4.0,20.0,0.05
07:42:22,141.62,13.0,154.3,10.0,122.1,10.0,155.55,11.0,147.96,12.680000000000007,23.0,21.0,21.163447734244002,141.62,154.3,44,2.0,-168.0,0.05
07:42:23,146.47,17.0,240.73,22.0,123.44,25.0,669.77,30.0,193.6,94.25999999999999,42.0,52.0,32.91973754451982,146.47,240.73,94,-10.0,50.0,-0.11
07:42:24,165.27,22.0,266.12,48.0,148.33,30.0,333.47,32.0,215.7,100.85,52.0,80.0,45.605303200395916,165.27,266.12,132,-28.0,38.0,-0.21
07:42:25,164.53,34.0,192.52,33.0,101.71,35.0,236.97,30.0,178.52,27.99000000000001,69.0,63.0,35.67156963185136,164.53,192.52,132,6.0,0.0,0.05
07:42:26,165.29,28.0,173.12,16.0,157.37,38.0,201.25,40.0,169.21,7.8300000000000125,66.0,56.0,25.493362273344953,165.29,173.12,122,10.0,-10.0,0.08
07:42:27,164.0,66.0,171.67,30.0,152.08,59.0,312.02,47.0,167.83,7.6699999999999875,125.0,77.0,20.016052807684183,164.0,171.67,202,48.0,80.0,0.24
07:42:28,164.0,36.0,168.22,18.0,113.87,39.0,298.0,27.0,166.11,4.219999999999999,75.0,45.0,20.813229686908514,164.0,168.22,120,30.0,-82.0,0.25
07:42:29,164.0,34.0,271.2,30.0,142.7,66.0,323.82,33.0,217.6,107.19999999999999,100.0,63.0,21.640869437247883,164.0,271.2,163,37.0,43.0,0.23
07:42:30,164.4,30.0,210.5,36.0,144.83,58.0,266.17,36.0,187.45,46.099999999999994,88.0,72.0,21.870525828155273,164.4,210.5,160,16.0,-3.0,0.1
07:42:31,165.88,17.0,174.64,33.0,162.13,45.0,213.82,33.0,170.26,8.759999999999991,62.0,66.0,21.725898140238222,165.88,174.64,128,-4.0,-32.0,-0.03
07:42:32,164.0,24.0,173.38,24.0,161.69,32.0,297.4,20.0,168.69,9.379999999999995,56.0,44.0,21.590135942138172,164.0,173.38,100,12.0,-28.0,0.12
07:42:33,164.0,39.0,172.15,39.0,163.0,39.0,537.61,31.0,168.08,8.150000000000006,78.0,70.0,21.24233579435195,164.0,172.15,148,8.0,48.0,0.05
07:42:34,164.0,24.0,171.0,24.0,163.0,24.0,426.0,24.0,167.5,7.0,48.0,48.0,8.47818553701327,164.0,171.0,96,0.0,-52.0,0.0
07:42:35,164.0,20.0,170.62,24.0,163.0,24.0,367.09,22.0,167.31,6.6200000000000045,44.0,46.0,1.1873373572944517,164.0,170.62,90,-2.0,-6.0,-0.02
07:42:36,164.0,14.0,169.0,21.0,163.0,21.0,402.6,20.0,166.5,5.0,35.0,41.0,0.8248211927612604,164.0,169.0,76,-6.0,-14.0,-0.08
07:42:37,162.2,30.0,167.0,30.0,162.55,22.0,415.3,30.0,164.6,4.800000000000011,52.0,60.0,1.3526344665242558,162.2,167.0,112,-8.0,36.0,-0.07
07:42:38,160.89,54.0,166.44,27.0,159.22,55.0,225.25,24.0,163.67,5.550000000000011,109.0,51.0,1.7007145557178873,160.89,166.44,160,58.0,48.0,0.36
07:42:39,161.0,48.0,165.0,24.0,159.38,56.0,182.06,17.0,163.0,4.0,104.0,41.0,1.838050597788872,161.0,165.0,145,63.0,-15.0,0.43
07:42:40,161.0,54.0,276.97,31.0,160.0,63.0,429.97,31.0,218.98,115.97000000000003,117.0,62.0,24.425431418912883,161.0,276.97,179,55.0,34.0,0.31
07:42:41,166.23,52.0,297.46,61.0,162.52,54.0,452.67,51.0,231.84,131.23,106.0,112.0,34.07837026619667,166.23,297.46,218,-6.0,39.0,-0.03
07:42:46,167.29,56.0,281.38,40.0,165.29,56.0,288.17,60.0,224.33,114.09,112.0,100.0,22.81956222191573,167.29,281.38,212,12.0,-4.0,0.06
07:42:47,167.0,96.0,277.14,36.0,164.0,73.0,278.17,60.0,222.07,110.13999999999999,169.0,96.0,26.805123017809517,167.0,277.14,265,73.0,53.0,0.28
07:42:48,167.29,84.0,271.91,56.0,164.58,62.0,272.6,20.0,219.6,104.62000000000003,146.0,76.0,24.989594434482534,167.29,271.91,222,70.0,-43.0,0.32
07:43:00,167.28,50.0,200.59,51.0,165.63,65.0,201.34,53.0,183.93,33.31,115.0,104.0,6.689561271115026,167.28,200.59,219,11.0,75.0,0.05
07:43:01,167.0,22.0,198.42,43.0,166.0,66.0,199.82,40.0,182.71,31.419999999999987,88.0,83.0,2.2190020279413467,167.0,198.42,171,5.0,-48.0,0.03
07:43:02,166.13,76.0,196.68,66.0,164.54,111.0,197.34,53.0,181.41,30.55000000000001,187.0,119.0,1.6422941271313787,166.13,196.68,306,68.0,135.0,0.22
07:43:03,166.0,60.0,194.7,30.0,164.0,80.0,197.0,50.0,180.35,28.69999999999999,140.0,80.0,1.8700000000031836,166.0,194.7,220,60.0,-86.0,0.27
07:43:04,166.0,85.0,189.21,48.0,164.0,112.0,192.48,50.0,177.6,23.210000000000008,197.0,98.0,2.4217555615739443,166.0,189.21,295,99.0,75.0,0.34
07:43:05,165.21,99.0,184.44,45.0,163.9,174.0,185.91,53.0,174.83,19.22999999999999,273.0,98.0,3.1631313599054387,165.21,184.44,371,175.0,76.0,0.47
07:43:06,164.0,312.0,179.47,62.0,163.0,144.0,180.56,61.0,171.73,15.469999999999999,456.0,123.0,3.9794195556664804,164.0,179.47,579,333.0,168.0,0.58
07:43:07,165.11,144.0,176.67,45.0,163.61,93.0,177.53,45.0,170.89,11.559999999999974,237.0,90.0,3.9675055135468065,165.11,176.67,327,147.0,-168.0,0.45
07:43:08,168.0,104.0,173.36,42.0,166.0,42.0,174.79,42.0,170.68,5.360000000000014,146.0,84.0,2.9937317849178733,168.0,173.36,230,62.0,-97.0,0.27
07:43:09,168.0,96.0,170.75,48.0,166.0,48.0,173.0,48.0,169.38,2.75,144.0,96.0,2.0420994099284933,168.0,170.75,240,48.0,10.0,0.2
07:43:10,168.0,48.0,169.53,45.0,166.05,41.0,174.0,57.0,168.77,1.5300000000000011,89.0,102.0,1.1962650208178154,168.0,169.53,191,-13.0,-49.0,-0.07
07:43:11,166.04,28.0,172.23,56.0,165.78,27.0,211.67,72.0,169.13,6.189999999999998,55.0,128.0,0.9544893923104086,166.04,172.23,183,-73.0,-8.0,-0.4
07:43:12,164.0,130.0,176.16,44.0,163.0,60.0,323.24,34.0,170.08,12.159999999999997,190.0,78.0,0.7672483300948663,164.0,176.16,268,112.0,85.0,0.42
07:43:13,164.0,91.0,173.0,14.0,163.0,42.0,175.0,35.0,168.5,9.0,133.0,49.0,0.6088267405708084,164.0,173.0,182,84.0,-86.0,0.46
07:43:14,164.0,156.0,171.67,24.0,163.0,72.0,175.0,60.0,167.83,7.6699999999999875,228.0,84.0,0.8306443282383666,164.0,171.67,312,144.0,130.0,0.46
07:43:15,164.0,130.0,170.4,20.0,163.0,60.0,175.0,50.0,167.2,6.400000000000006,190.0,70.0,1.1203436972800311,164.0,170.4,260,120.0,-52.0,0.46
07:43:16,164.0,81.0,166.57,14.0,163.0,42.0,175.0,35.0,165.29,2.569999999999993,123.0,49.0,1.7569433684773015,164.0,166.57,172,74.0,-88.0,0.43
07:43:17,164.0,72.0,167.75,24.0,163.0,72.0,353.23,35.0,165.88,3.75,144.0,59.0,1.3359827843343337,164.0,167.75,203,85.0,31.0,0.42
07:43:18,164.22,18.0,176.0,22.0,163.16,50.0,393.82,22.0,170.11,11.780000000000001,68.0,44.0,1.886549760816612,164.22,176.0,112,24.0,-91.0,0.21
07:43:19,163.35,23.0,176.0,18.0,163.23,13.0,189.0,18.0,169.67,12.650000000000006,36.0,36.0,2.1814559358457384,163.35,176.0,72,0.0,-40.0,0.0
07:43:20,163.0,30.0,339.62,32.0,162.0,10.0,402.54,26.0,251.31,176.62,40.0,58.0,37.437595008226815,163.0,339.62,98,-18.0,26.0,-0.18
07:43:21,163.0,18.0,209.86,7.0,162.0,6.0,334.0,11.0,186.43,46.860000000000014,24.0,18.0,35.89444385973967,163.0,209.85999999999999,42,6.0,-56.0,0.14
07:43:22,163.0,30.0,185.36,14.0,162.0,10.0,189.88,16.0,174.18,22.360000000000014,40.0,30.0,34.750094963899016,163.0,185.35999999999999,70,10.0,28.0,0.14
07:43:23,163.44,27.0,182.73,15.0,162.84,32.0,183.81,27.0,173.09,19.289999999999992,59.0,42.0,34.339517760154976,163.44,182.73,101,17.0,31.0,0.17
07:43:24,164.0,10.0,179.46,13.0,163.0,30.0,181.65,17.0,171.73,15.460000000000008,40.0,30.0,34.03156211518946,164.0,179.46,70,10.0,-31.0,0.14
07:43:25,161.33,18.0,177.26,19.0,160.47,38.0,179.45,11.0,169.3,15.929999999999978,56.0,30.0,6.673337246087941,161.33,177.26,86,26.0,16.0,0.3
07:43:26,161.8,30.0,174.87,15.0,160.5,24.0,186.81,16.0,168.33,13.069999999999993,54.0,31.0,2.4749202007398967,161.8,174.87,85,23.0,-1.0,0.27
07:43:27,162.0,56.0,172.0,42.0,161.0,28.0,174.0,14.0,167.0,10.0,84.0,56.0,2.48794091570373,162.0,172.0,140,28.0,55.0,0.2
07:43:28,162.0,44.0,170.0,33.0,161.0,22.0,174.0,11.0,166.0,8.0,66.0,44.0,2.2134746440912694,162.0,170.0,110,22.0,-30.0,0.2
07:43:29,162.0,40.0,170.0,33.0,161.0,22.0,174.0,11.0,166.0,8.0,62.0,44.0,1.46009588727481,162.0,170.0,106,18.0,-4.0,0.17
07:43:30,163.57,42.0,168.5,22.0,161.44,25.0,170.13,60.0,166.04,4.930000000000007,67.0,82.0,1.0196960331578497,163.57,168.5,149,-15.0,43.0,-0.1
07:43:31,164.0,42.0,166.05,38.0,162.0,63.0,168.71,28.0,165.03,2.0500000000000114,105.0,66.0,0.6966921845685397,164.0,166.05,171,39.0,22.0,0.23
07:43:32,162.86,70.0,168.03,36.0,161.33,120.0,176.0,37.0,165.44,5.1699999999999875,190.0,73.0,0.45057740737788277,162.86,168.03,263,117.0,92.0,0.44
07:43:33,162.0,56.0,170.57,42.0,160.0,108.0,175.36,28.0,166.29,8.569999999999993,164.0,70.0,0.5128840025183837,162.0,170.57,234,94.0,-29.0,0.4
07:43:34,160.82,40.0,169.29,42.0,159.99,84.0,225.0,28.0,165.06,8.469999999999999,124.0,70.0,0.5718129064996548,160.82,169.29,194,54.0,-40.0,0.28
07:43:35,163.04,50.0,168.85,39.0,160.71,65.0,305.97,35.0,165.94,5.810000000000002,115.0,74.0,0.552783863765591,163.04,168.85,189,41.0,-5.0,0.22
07:43:36,163.4,30.0,220.74,27.0,160.12,75.0,363.38,32.0,192.07,57.34,105.0,59.0,11.810184164526405,163.4,220.74,164,46.0,-25.0,0.28
07:43:37,163.0,33.0,315.0,14.0,160.3,46.0,514.35,43.0,239.0,152.0,79.0,57.0,31.91660335938029,163.0,315.0,136,22.0,-28.0,0.16
07:43:38,163.19,26.0,330.74,23.0,160.54,39.0,563.65,43.0,246.97,167.55,65.0,66.0,39.225657037199234,163.19,330.74,131,-1.0,-5.0,-0.01
07:43:39,161.5,16.0,304.81,31.0,160.14,28.0,317.0,20.0,233.15,143.31,44.0,51.0,34.8542125144143,161.5,304.81,95,-7.0,-36.0,-0.07
07:43:40,161.0,30.0,228.42,31.0,160.0,60.0,262.8,40.0,194.71,67.41999999999999,90.0,71.0,25.855417227342205,161.0,228.42,161,19.0,66.0,0.12
07:43:41,165.57,70.0,189.27,15.0,160.57,28.0,190.22,18.0,177.42,23.700000000000017,98.0,33.0,30.408187219891115,165.57,189.27,131,65.0,-30.0,0.5
07:43:42,166.0,73.0,186.41,17.0,161.0,24.0,189.21,19.0,176.21,20.409999999999997,97.0,36.0,32.58417437959677,166.0,186.41,133,61.0,2.0,0.46
07:43:43,166.0,22.0,176.93,15.0,163.5,12.0,179.55,22.0,171.47,10.930000000000007,34.0,37.0,25.367970356337075,166.0,176.93,71,-3.0,-62.0,-0.04
07:43:44,164.53,17.0,175.86,14.0,160.92,26.0,355.06,31.0,170.19,11.330000000000013,43.0,45.0,9.828550249147542,164.53,175.85999999999999,88,-2.0,17.0,-0.02
07:43:45,159.94,17.0,176.29,28.0,149.0,50.0,442.78,36.0,168.11,16.349999999999994,67.0,64.0,3.983641550143175,159.94,176.29,131,3.0,43.0,0.02
07:43:46,162.0,22.0,174.6,20.0,159.0,10.0,532.06,17.0,168.3,12.599999999999994,32.0,37.0,3.299981818136315,162.0,174.6,69,-5.0,-62.0,-0.07
07:43:47,162.0,33.0,171.43,28.0,159.0,11.0,289.5,24.0,166.71,9.430000000000007,44.0,52.0,1.873067003615572,162.0,171.43,96,-8.0,27.0,-0.08
07:43:48,162.0,19.0,167.6,20.0,159.0,8.0,169.71,28.0,164.8,5.599999999999994,27.0,48.0,2.0054849787609075,162.0,167.6,75,-21.0,-21.0,-0.28
07:43:49,161.6,30.0,164.38,32.0,154.11,18.0,166.0,38.0,162.99,2.780000000000001,48.0,70.0,2.2682967178122975,161.6,164.38,118,-22.0,43.0,-0.19
07:43:50,124.0,24.0,153.02,54.0,66.92,39.0,155.47,30.0,138.51,29.02000000000001,63.0,84.0,12.322449837595126,124.0,153.02,147,-21.0,29.0,-0.14
07:43:52,133.29,21.0,153.43,14.0,96.53,19.0,154.43,14.0,143.36,20.140000000000015,40.0,28.0,12.741847197328397,133.29,153.43,68,12.0,-31.0,0.18
07:43:53,135.5,12.0,154.0,8.0,76.0,12.0,155.0,8.0,144.75,18.5,24.0,16.0,9.757418716037174,135.5,154.0,40,8.0,-28.0,0.2
07:43:54,138.44,27.0,154.0,18.0,79.67,27.0,155.0,18.0,146.22,15.560000000000002,54.0,36.0,3.0978008328616604,138.44,154.0,90,18.0,50.0,0.2
07:43:55,143.93,91.0,154.0,34.0,139.17,121.0,155.0,34.0,148.97,10.069999999999993,212.0,68.0,3.0774746140422766,143.93,154.0,280,144.0,168.0,0.51
07:43:56,147.6,20.0,154.0,10.0,144.0,65.0,155.0,10.0,150.8,6.400000000000006,85.0,20.0,3.044642836207733,147.6,154.0,105,65.0,-168.0,0.62
07:43:57,151.08,38.0,154.11,18.0,149.9,30.0,155.22,18.0,152.6,3.030000000000001,68.0,36.0,3.2187217960034573,151.08,154.11,104,32.0,-1.0,0.31
