Time,Bid1_Price,Bid1_Volume,Ask1_Price,Ask1_Volume,Bid2_Price,Bid2_Volume,Ask2_Price,Ask2_Volume,Mid-Price,Bid_Ask_Spread,Market_Depth_Bid,Market_Depth_Ask,Historical_Volatility,Weighted_Avg_Bid_Price,Weighted_Avg_Ask_Price,Total_volume,Cumulative_Volume_Difference,Total_Volume_Change_Corrected,Order_imbalance
07:30:06,136.9,58.0,149.24,25.0,134.82,17.0,151.17,23.0,143.07,12.340000000000003,75.0,48.0,142.1236846201223,136.9,149.24,123,27.0,85.0,0.22
07:30:07,145.0,72.0,147.83,29.0,143.0,65.0,174.8,25.0,146.41,2.8300000000000125,137.0,54.0,162.1532708581606,145.0,147.83,191,83.0,68.0,0.43
07:30:08,145.0,25.0,147.47,19.0,143.0,35.0,180.92,13.0,146.24,2.469999999999999,60.0,32.0,147.96174083187853,145.0,147.47,92,28.0,-99.0,0.3
07:30:09,145.0,7.0,147.45,11.0,143.0,35.0,240.71,7.0,146.23,2.4499999999999886,42.0,18.0,85.30067262337379,145.0,147.45,60,24.0,-32.0,0.4
07:30:10,145.93,46.0,150.0,13.0,143.8,25.0,339.8,15.0,147.97,4.069999999999993,71.0,28.0,1.7848753457851636,145.93,150.0,99,43.0,39.0,0.43
07:30:11,146.0,18.0,150.0,6.0,145.0,6.0,251.0,18.0,148.0,4.0,24.0,24.0,0.9293815147675809,146.0,150.0,48,0.0,-51.0,0.0
07:30:12,143.0,25.0,149.2,5.0,141.0,5.0,243.62,13.0,146.1,6.199999999999989,30.0,18.0,0.9847690084439547,143.0,149.2,48,12.0,0.0,0.25
07:30:13,143.0,45.0,149.0,9.0,141.0,9.0,249.57,23.0,146.0,6.0,54.0,32.0,1.0302669556924042,143.0,149.0,86,22.0,38.0,0.26
07:30:14,143.0,35.0,149.0,7.0,141.0,7.0,308.0,7.0,146.0,6.0,42.0,14.0,1.0698037203112045,143.0,149.0,56,28.0,-30.0,0.5
07:30:15,143.0,18.0,149.0,6.0,141.38,8.0,410.18,22.0,146.0,6.0,26.0,28.0,0.8843076387726829,143.0,149.0,54,-2.0,-2.0,-0.04
07:30:16,143.0,10.0,149.0,5.0,142.0,15.0,261.5,8.0,146.0,6.0,25.0,13.0,0.04472135945764224,143.0,149.0,38,12.0,-16.0,0.32
07:30:17,143.0,12.0,148.05,20.0,142.0,18.0,161.38,21.0,145.53,5.050000000000011,30.0,41.0,0.2101903898653579,143.0,148.05,71,-11.0,33.0,-0.15
07:30:18,143.0,20.0,148.0,40.0,142.0,38.0,160.97,31.0,145.5,5.0,58.0,71.0,0.2658571044598225,143.0,148.0,129,-13.0,58.0,-0.1
07:30:19,143.4,20.0,145.39,46.0,142.07,29.0,148.89,27.0,144.4,1.9899999999999807,49.0,73.0,0.65381954696368,143.4,145.39,122,-24.0,-7.0,-0.2
07:30:20,143.0,20.0,144.0,50.0,142.0,30.0,148.0,30.0,143.5,1.0,50.0,80.0,1.017339667953559,143.0,144.0,130,-30.0,8.0,-0.23
07:30:21,143.0,24.0,144.0,60.0,142.0,36.0,148.0,36.0,143.5,1.0,60.0,96.0,1.008702136406939,143.0,144.0,156,-36.0,26.0,-0.23
07:30:22,142.22,23.0,144.0,80.0,141.4,30.0,148.0,48.0,143.11,1.7800000000000011,53.0,128.0,0.9620395002243756,142.22,144.0,181,-75.0,25.0,-0.41
07:30:23,141.0,16.0,142.5,52.0,140.0,16.0,144.32,76.0,141.75,1.5,32.0,128.0,0.9639865144243683,141.0,142.5,160,-96.0,-21.0,-0.6
07:30:24,140.58,12.0,142.29,41.0,139.26,27.0,145.56,48.0,141.44,1.7099999999999795,39.0,89.0,0.991236601418694,140.58,142.29,128,-50.0,-32.0,-0.39
07:30:25,139.31,26.0,143.43,28.0,138.68,38.0,145.0,14.0,141.37,4.1200000000000045,64.0,42.0,0.9976622674994362,139.31,143.43,106,22.0,-22.0,0.21
07:30:26,140.25,32.0,142.74,23.0,138.8,30.0,144.6,15.0,141.49,2.490000000000009,62.0,38.0,0.7287111910710262,140.25,142.74,100,24.0,-6.0,0.24
07:30:27,139.0,32.0,143.5,16.0,136.69,16.0,145.54,26.0,141.25,4.5,48.0,42.0,0.18547236988884158,139.0,143.5,90,6.0,-10.0,0.07
07:30:28,139.0,11.0,141.55,11.0,136.0,11.0,144.83,12.0,140.27,2.5500000000000114,22.0,23.0,0.5078188653370483,139.0,141.55,45,-1.0,-45.0,-0.02
07:30:29,139.0,8.0,140.0,8.0,136.0,8.0,144.0,16.0,139.5,1.0,16.0,24.0,0.8619048671357231,139.0,140.0,40,-8.0,-5.0,-0.2
07:30:30,136.0,9.0,140.0,9.0,127.92,13.0,144.0,18.0,138.0,4.0,22.0,27.0,1.4189326974850893,136.0,140.0,49,-5.0,9.0,-0.1
07:30:31,136.43,14.0,144.0,20.0,125.6,10.0,145.0,40.0,140.21,7.569999999999993,24.0,60.0,1.2052924956176945,136.43,144.0,84,-36.0,35.0,-0.43
07:30:32,139.3,30.0,144.0,13.0,137.6,10.0,145.0,40.0,141.65,4.699999999999989,40.0,53.0,1.3287324787150867,139.3,144.0,93,-13.0,9.0,-0.14
07:30:33,141.0,33.0,144.0,11.0,138.0,11.0,145.0,37.0,142.5,3.0,44.0,48.0,1.7730397626653258,141.0,144.0,92,-4.0,-1.0,-0.04
07:30:34,142.2,41.0,144.32,19.0,139.57,23.0,146.94,80.0,143.26,2.1200000000000045,64.0,99.0,2.0813048791544837,142.2,144.32,163,-35.0,71.0,-0.21
07:30:35,143.74,19.0,145.0,72.0,141.24,17.0,372.57,23.0,144.37,1.259999999999991,36.0,95.0,1.580275292470331,143.74,145.0,131,-59.0,-32.0,-0.45
07:30:36,143.33,12.0,145.0,60.0,141.42,38.0,301.8,20.0,144.17,1.6699999999999875,50.0,80.0,1.140767285642497,143.33,145.0,130,-30.0,-1.0,-0.23
07:30:37,143.0,8.0,145.0,48.0,142.0,96.0,355.11,19.0,144.0,2.0,104.0,67.0,0.7722370102449889,143.0,145.0,171,37.0,41.0,0.22
07:30:38,143.0,10.0,145.0,60.0,142.0,120.0,244.5,24.0,144.0,2.0,130.0,84.0,0.4199404719625104,143.0,145.0,214,46.0,43.0,0.21
07:30:39,143.0,7.0,145.0,42.0,142.0,84.0,147.0,21.0,144.0,2.0,91.0,63.0,0.16392071251699242,143.0,145.0,154,28.0,-60.0,0.18
07:30:40,142.2,40.0,143.95,21.0,141.85,104.0,145.0,72.0,143.08,1.75,144.0,93.0,0.436692111208915,142.2,143.95,237,51.0,83.0,0.22
07:30:41,142.0,88.0,143.0,11.0,140.31,26.0,145.0,66.0,142.5,1.0,114.0,77.0,0.6937434684320598,142.0,143.0,191,37.0,-46.0,0.19
07:30:42,142.0,78.0,144.29,52.0,141.0,48.0,145.58,36.0,143.14,2.289999999999992,126.0,88.0,0.6489067729590808,142.0,144.29,214,38.0,23.0,0.18
07:30:43,142.0,79.0,143.0,65.0,140.38,32.0,145.62,39.0,142.5,1.0,111.0,104.0,0.6156947295472037,142.0,143.0,215,7.0,1.0,0.03
07:30:44,142.0,27.0,145.04,48.0,140.0,34.0,146.95,59.0,143.52,3.039999999999992,61.0,107.0,0.4424025316295263,142.0,145.04,168,-46.0,-47.0,-0.27
07:30:45,142.0,10.0,143.9,20.0,139.08,76.0,146.0,30.0,142.95,1.9000000000000057,86.0,50.0,0.43648596769222386,142.0,143.9,136,36.0,-32.0,0.26
07:30:46,144.65,52.0,145.6,45.0,139.43,70.0,148.7,89.0,145.13,0.9499999999999886,122.0,134.0,1.0094404390513365,144.65,145.6,256,-12.0,120.0,-0.05
07:30:47,142.0,20.0,147.03,33.0,139.83,29.0,164.51,49.0,144.52,5.030000000000001,49.0,82.0,1.0896467317402185,142.0,147.03,131,-33.0,-125.0,-0.25
07:30:48,140.69,52.0,148.0,56.0,139.46,69.0,298.86,28.0,144.35,7.310000000000002,121.0,84.0,0.8600174416790158,140.69,148.0,205,37.0,74.0,0.18
07:30:49,142.75,48.0,148.0,48.0,141.75,48.0,235.5,28.0,145.38,5.25,96.0,76.0,0.9474861476518324,142.75,148.0,172,20.0,-33.0,0.12
07:30:50,144.2,59.0,147.52,63.0,142.32,56.0,175.76,34.0,145.86,3.3200000000000216,115.0,97.0,0.6209428315006775,144.2,147.52,212,18.0,40.0,0.08
07:30:51,144.15,34.0,148.0,108.0,141.05,95.0,322.31,45.0,146.07,3.8499999999999943,129.0,153.0,0.7751322467760362,144.15,148.0,282,-24.0,70.0,-0.09
07:30:52,145.92,25.0,148.0,54.0,142.13,15.0,316.22,18.0,146.96,2.0800000000000125,40.0,72.0,0.9581388208355063,145.92,148.0,112,-32.0,-170.0,-0.29
07:30:53,145.17,36.0,147.63,67.0,141.9,21.0,171.71,21.0,146.4,2.460000000000008,57.0,88.0,0.5917600865148241,145.17,147.63,145,-31.0,33.0,-0.21
07:30:54,141.0,15.0,147.0,25.0,140.0,20.0,148.6,5.0,144.0,6.0,35.0,30.0,1.1186241549296325,141.0,147.0,65,5.0,-80.0,0.08
07:30:55,141.5,48.0,147.0,55.0,140.22,41.0,149.0,11.0,144.25,5.5,89.0,66.0,1.3297104948040532,141.5,147.0,155,23.0,90.0,0.15
07:30:56,142.0,64.0,147.0,40.0,141.0,24.0,149.0,8.0,144.5,5.0,88.0,48.0,1.3571735334849575,142.0,147.0,136,40.0,-19.0,0.29
07:30:57,142.0,64.0,147.0,40.0,141.0,24.0,149.0,8.0,144.5,5.0,88.0,48.0,0.9562949335806682,142.0,147.0,136,40.0,0.0,0.29
07:30:58,143.0,13.0,147.0,65.0,142.0,104.0,149.0,13.0,145.0,4.0,117.0,78.0,0.3708099243440819,143.0,147.0,195,39.0,59.0,0.2
07:30:59,143.0,9.0,146.11,36.0,142.0,72.0,146.7,37.0,144.56,3.1100000000000136,81.0,73.0,0.2724334781043955,143.0,146.11,154,8.0,-41.0,0.05
07:31:00,142.08,52.0,143.48,29.0,141.73,44.0,145.71,41.0,142.78,1.3999999999999773,96.0,70.0,0.8577412197114354,142.08,143.48,166,26.0,12.0,0.16
07:31:01,141.89,54.0,142.96,52.0,140.6,30.0,146.6,25.0,142.43,1.0700000000000216,84.0,77.0,1.1630047291357266,141.89,142.96,161,7.0,-5.0,0.04
07:31:02,141.0,22.0,142.09,55.0,140.0,44.0,147.6,15.0,141.55,1.0900000000000034,66.0,70.0,1.462952494099544,141.0,142.09,136,-4.0,-25.0,-0.03
07:31:03,141.0,26.0,144.98,41.0,140.0,52.0,147.14,37.0,142.99,3.9799999999999898,78.0,78.0,1.0970733794929517,141.0,144.98,156,0.0,20.0,0.0
07:31:04,141.0,26.0,144.62,39.0,140.0,52.0,146.09,67.0,142.81,3.6200000000000045,78.0,106.0,0.5747347214081501,141.0,144.62,184,-28.0,28.0,-0.15
07:31:05,141.04,25.0,145.45,66.0,140.04,50.0,266.95,42.0,143.25,4.409999999999997,75.0,108.0,0.6614227090084609,141.04,145.45,183,-33.0,-1.0,-0.18
07:31:06,140.03,74.0,145.39,46.0,139.25,16.0,150.93,58.0,142.71,5.359999999999985,90.0,104.0,0.6546143903032416,140.03,145.39,194,-14.0,11.0,-0.07
07:31:07,140.0,63.0,146.45,55.0,139.0,13.0,185.54,41.0,143.23,6.449999999999989,76.0,96.0,0.24273442275877405,140.0,146.45,172,-20.0,-22.0,-0.12
07:31:08,141.67,18.0,147.0,30.0,139.5,6.0,407.0,12.0,144.33,5.3300000000000125,24.0,42.0,0.6424017434534205,141.67,147.0,66,-18.0,-106.0,-0.27
07:31:09,143.56,52.0,147.0,70.0,141.53,30.0,360.3,40.0,145.28,3.4399999999999977,82.0,110.0,1.0342630226358742,143.56,147.0,192,-28.0,126.0,-0.15
07:31:10,145.0,33.0,147.0,55.0,144.0,11.0,450.38,32.0,146.0,2.0,44.0,87.0,1.371477305678727,145.0,147.0,131,-43.0,-61.0,-0.33
07:31:11,145.0,33.0,147.0,55.0,144.0,11.0,396.55,44.0,146.0,2.0,44.0,99.0,1.1890206053688297,145.0,147.0,143,-55.0,12.0,-0.38
07:31:12,145.0,18.0,147.0,30.0,144.0,6.0,177.0,24.0,146.0,2.0,24.0,54.0,0.7356765593598501,145.0,147.0,78,-30.0,-65.0,-0.38
07:31:13,145.0,27.0,147.0,45.0,144.0,9.0,162.0,36.0,146.0,2.0,36.0,81.0,0.3219937887467516,145.0,147.0,117,-45.0,39.0,-0.38
07:31:14,144.3,10.0,146.64,28.0,143.07,15.0,160.55,31.0,145.47,2.339999999999975,25.0,59.0,0.23702320559700832,144.3,146.64000000000001,84,-34.0,-33.0,-0.4
07:31:15,143.09,22.0,144.65,48.0,142.07,54.0,153.11,18.0,143.87,1.5600000000000023,76.0,66.0,0.9223177326667764,143.09,144.65,142,10.0,58.0,0.07
07:31:16,142.03,72.0,144.0,57.0,140.53,19.0,147.6,15.0,143.01,1.9699999999999989,91.0,72.0,1.3577002614685374,142.03,144.0,163,19.0,21.0,0.12
07:31:17,142.0,50.0,146.35,26.0,140.0,10.0,252.95,21.0,144.17,4.349999999999994,60.0,47.0,1.2162154414378332,142.0,146.35,107,13.0,-56.0,0.12
07:31:18,142.0,55.0,146.0,44.0,140.0,11.0,147.26,35.0,144.0,4.0,66.0,79.0,0.8849745759014382,142.0,146.0,145,-13.0,38.0,-0.09
07:31:19,142.0,45.0,144.11,36.0,140.0,21.0,147.0,36.0,143.06,2.1100000000000136,66.0,72.0,0.5465985729875749,142.0,144.11,138,-6.0,-7.0,-0.04
07:31:20,141.54,79.0,144.71,82.0,138.92,50.0,147.16,75.0,143.13,3.170000000000016,129.0,157.0,0.5626099892395169,141.54,144.71,286,-28.0,148.0,-0.1
07:31:21,139.0,52.0,146.48,29.0,138.0,125.0,147.7,30.0,142.74,7.47999999999999,177.0,59.0,0.6274950198942649,139.0,146.48,236,118.0,-50.0,0.5
07:31:22,140.0,21.0,145.0,36.0,138.01,137.0,146.0,17.0,142.5,5.0,158.0,53.0,0.5703332359175779,140.0,145.0,211,105.0,-25.0,0.5
07:31:23,142.0,77.0,144.09,44.0,139.0,11.0,146.0,25.0,143.05,2.0900000000000034,88.0,69.0,0.26763781495199157,142.0,144.09,157,19.0,-54.0,0.12
07:31:24,142.0,88.0,144.0,56.0,139.0,14.0,146.0,44.0,143.0,2.0,102.0,100.0,0.2596728711134071,142.0,144.0,202,2.0,45.0,0.01
07:31:25,142.0,30.0,144.7,66.0,138.13,78.0,145.83,58.0,143.35,2.6999999999999886,108.0,124.0,0.32275377610845046,142.0,144.7,232,-16.0,30.0,-0.07
07:31:26,142.0,12.0,145.0,60.0,138.52,142.0,146.0,48.0,143.5,3.0,154.0,108.0,0.3850324661534595,142.0,145.0,262,46.0,30.0,0.18
07:31:27,142.0,9.0,145.0,45.0,139.0,108.0,146.0,36.0,143.5,3.0,117.0,81.0,0.24135036770667917,142.0,145.0,198,36.0,-64.0,0.18
07:31:28,142.0,9.0,145.0,45.0,139.0,108.0,146.0,36.0,143.5,3.0,117.0,81.0,0.21679483386861093,142.0,145.0,198,36.0,0.0,0.18
07:31:29,142.89,44.0,145.0,40.0,139.68,57.0,146.0,32.0,143.94,2.1100000000000136,101.0,72.0,0.22320394259970394,142.89,145.0,173,29.0,-25.0,0.17
07:31:30,143.0,130.0,145.0,50.0,142.0,10.0,146.0,40.0,144.0,2.0,140.0,90.0,0.2583021486399273,143.0,145.0,230,50.0,57.0,0.22
07:31:31,143.21,182.0,145.0,70.0,142.0,14.0,147.0,56.0,144.11,1.789999999999992,196.0,126.0,0.2894822965087158,143.21,145.0,322,70.0,92.0,0.22
07:31:32,144.0,113.0,145.0,70.0,142.0,14.0,148.0,56.0,144.5,1.0,127.0,126.0,0.35888716888721983,144.0,145.0,253,1.0,-69.0,0.0
07:31:33,144.0,54.0,145.0,45.0,142.99,153.0,148.0,36.0,144.5,1.0,207.0,81.0,0.27166155412902787,144.0,145.0,288,126.0,35.0,0.44
07:31:34,144.0,36.0,145.0,30.0,143.0,114.0,146.0,12.0,144.5,1.0,150.0,42.0,0.24681977228688112,144.0,145.0,192,108.0,-96.0,0.56
07:31:35,144.0,48.0,145.38,16.0,143.0,152.0,147.71,28.0,144.69,1.3799999999999955,200.0,44.0,0.21224985274833857,144.0,145.38,244,156.0,52.0,0.64
07:31:36,144.0,30.0,145.44,9.0,143.0,95.0,147.88,17.0,144.72,1.4399999999999977,125.0,26.0,0.11278297740195223,144.0,145.44,151,99.0,-93.0,0.66
07:31:37,143.23,172.0,145.54,50.0,142.96,178.0,174.69,42.0,144.38,2.3100000000000023,350.0,92.0,0.1432480366066413,143.23,145.54,442,258.0,169.5,0.58
07:31:38,143.0,131.0,147.0,40.0,142.0,7.0,217.0,14.0,145.0,4.0,138.0,54.0,0.23668544524669288,143.0,147.0,192,84.0,-170.5,0.44
07:31:39,143.0,187.0,146.41,37.0,142.0,11.0,193.81,47.0,144.7,3.4099999999999966,198.0,84.0,0.21959052800977624,143.0,146.41,282,114.0,90.0,0.4
07:31:40,143.0,205.0,144.38,26.0,142.0,13.0,147.61,64.0,143.69,1.3799999999999955,218.0,90.0,0.5022150933531153,143.0,144.38,308,128.0,26.0,0.42
07:31:41,144.79,33.0,147.0,44.0,143.06,71.0,149.0,33.0,145.89,2.210000000000008,104.0,77.0,0.8098580122413983,144.79,147.0,181,27.0,-127.0,0.15
07:31:42,145.0,5.0,147.0,20.0,142.8,5.0,149.0,15.0,146.0,2.0,10.0,35.0,0.9463773031891045,145.0,147.0,45,-25.0,-136.0,-0.56
07:31:43,145.0,12.0,147.0,48.0,144.0,12.0,149.0,36.0,146.0,2.0,24.0,84.0,1.0332618254786219,145.0,147.0,108,-60.0,63.0,-0.56
07:31:44,145.0,8.0,146.75,32.0,144.0,8.0,148.38,26.0,145.88,1.75,16.0,58.0,1.0089945490394516,145.0,146.75,74,-42.0,-34.0,-0.57
07:31:45,144.33,9.0,146.0,36.0,142.67,9.0,147.0,36.0,145.17,1.6699999999999875,18.0,72.0,0.35024277293218875,144.33,146.0,90,-54.0,16.0,-0.6
07:31:46,144.0,16.0,145.56,64.0,142.0,16.0,147.0,64.0,144.78,1.5600000000000023,32.0,128.0,0.558999105537117,144.0,145.56,160,-96.0,70.0,-0.6
07:31:47,144.0,9.0,145.0,36.0,142.0,9.0,147.0,12.0,144.5,1.0,18.0,48.0,0.6610446278364194,144.0,145.0,66,-30.0,-94.0,-0.45
07:31:48,143.14,14.0,145.32,40.0,140.24,68.0,154.9,30.0,144.23,2.180000000000007,82.0,70.0,0.6434050046366628,143.14,145.32,152,12.0,86.0,0.08
07:31:49,140.25,48.0,145.08,39.0,139.9,67.0,147.0,37.0,142.66,4.8300000000000125,115.0,76.0,0.9639346450832158,140.25,145.08,191,39.0,39.0,0.2
07:31:50,140.0,42.0,145.0,24.0,139.0,8.0,147.0,40.0,142.5,5.0,50.0,64.0,1.0727441447017318,140.0,145.0,114,-14.0,-77.0,-0.12
07:31:51,140.0,32.0,144.25,24.0,139.0,8.0,147.0,48.0,142.12,4.25,40.0,72.0,1.0838450073658894,140.0,144.25,112,-32.0,-2.0,-0.29
07:31:52,140.76,116.0,144.0,45.0,139.82,39.0,147.0,78.0,142.38,3.240000000000009,155.0,123.0,0.835296354590427,140.76,144.0,278,32.0,166.0,0.12
07:31:53,141.23,105.0,143.83,36.0,139.98,45.0,147.0,72.0,142.53,2.6000000000000227,150.0,108.0,0.20376457001189746,141.23,143.83,258,42.0,-20.0,0.16
07:31:54,142.6,50.0,147.0,60.0,139.3,10.0,148.0,70.0,144.8,4.400000000000006,60.0,130.0,1.0931514076247835,142.6,147.0,190,-70.0,-68.0,-0.37
07:31:55,143.0,65.0,147.0,110.0,140.0,13.0,148.0,59.0,145.0,4.0,78.0,169.0,1.4097801246974373,143.0,147.0,247,-91.0,57.0,-0.37
07:31:56,144.73,111.0,147.0,150.0,143.49,63.0,148.0,45.0,145.86,2.2700000000000102,174.0,195.0,1.5668375793271487,144.73,147.0,369,-21.0,122.0,-0.06
07:31:57,145.0,29.0,147.0,80.0,144.0,40.0,148.0,24.0,146.0,2.0,69.0,104.0,1.3918764312939476,145.0,147.0,173,-35.0,-170.5,-0.2
07:31:58,145.0,24.0,147.0,80.0,144.0,40.0,148.0,24.0,146.0,2.0,64.0,104.0,0.5840547919428378,145.0,147.0,168,-40.0,-5.0,-0.24
07:31:59,144.6,53.0,146.81,94.0,143.6,50.0,147.29,84.0,145.71,2.210000000000008,103.0,178.0,0.41674932512405233,144.6,146.81,281,-75.0,113.0,-0.27
07:32:00,144.83,84.0,146.93,87.0,142.78,36.0,164.38,73.0,145.88,2.0999999999999943,120.0,160.0,0.11999999996382249,144.83,146.93,280,-40.0,-1.0,-0.14
07:32:01,144.0,21.0,145.77,13.0,140.0,7.0,146.67,18.0,144.88,1.7700000000000102,28.0,31.0,0.4702977779995947,144.0,145.77,59,-3.0,-170.5,-0.05
07:32:02,144.0,20.0,147.0,29.0,142.45,22.0,241.69,32.0,145.5,3.0,42.0,61.0,0.4412255658859475,144.0,147.0,103,-19.0,44.0,-0.18
07:32:03,143.17,24.0,145.58,60.0,141.12,16.0,146.51,57.0,144.38,2.410000000000025,40.0,117.0,0.6250599971134254,143.17,145.58,157,-77.0,54.0,-0.49
07:32:04,143.0,12.0,145.17,30.0,140.0,6.0,146.22,27.0,144.08,2.1699999999999875,18.0,57.0,0.7506530490123139,143.0,145.17,75,-39.0,-82.0,-0.52
07:32:05,143.0,22.0,146.0,60.0,140.0,12.0,148.35,34.0,144.5,3.0,34.0,94.0,0.5463698381055969,143.0,146.0,128,-60.0,53.0,-0.47
07:32:06,143.0,11.0,146.0,55.0,140.82,39.0,148.0,44.0,144.5,3.0,50.0,99.0,0.5358357957355473,143.0,146.0,149,-49.0,21.0,-0.33
07:32:07,143.0,9.0,145.78,45.0,141.2,15.0,147.97,33.0,144.39,2.780000000000001,24.0,78.0,0.1720465053163621,143.0,145.78,102,-54.0,-47.0,-0.53
07:32:08,143.0,12.0,144.42,60.0,140.0,12.0,145.25,40.0,143.71,1.4199999999999875,24.0,100.0,0.340631765975499,143.0,144.42,124,-76.0,22.0,-0.61
07:32:09,140.13,46.0,143.82,61.0,139.25,16.0,144.39,46.0,141.98,3.6899999999999977,62.0,107.0,1.0778821827972,140.13,143.82,169,-45.0,45.0,-0.27
07:32:10,140.0,48.0,141.6,47.0,139.0,21.0,142.53,43.0,140.8,1.5999999999999943,69.0,90.0,1.6230927268618205,140.0,141.6,159,-21.0,-10.0,-0.13
07:32:11,140.0,32.0,142.0,32.0,139.0,8.0,143.0,8.0,141.0,2.0,40.0,40.0,1.6101024812078937,140.0,142.0,80,0.0,-79.0,0.0
07:32:12,140.74,47.0,142.0,24.0,139.94,47.0,145.78,23.0,141.37,1.259999999999991,94.0,47.0,1.1727616978704125,140.74,142.0,141,47.0,61.0,0.33
07:32:13,141.0,40.0,142.0,24.0,140.0,32.0,143.0,8.0,141.5,1.0,72.0,32.0,0.4590206966923539,141.0,142.0,104,40.0,-37.0,0.38
07:32:14,140.88,34.0,142.05,19.0,139.96,25.0,143.25,8.0,141.47,1.170000000000016,59.0,27.0,0.31140006421314015,140.88,142.05,86,32.0,-18.0,0.37
07:32:15,140.0,36.0,143.0,9.0,139.0,9.0,144.0,18.0,141.5,3.0,45.0,27.0,0.2125323504597348,140.0,143.0,72,18.0,-14.0,0.25
07:32:16,139.0,9.0,143.0,9.0,138.0,54.0,144.0,18.0,141.0,4.0,63.0,27.0,0.2125323504597348,139.0,143.0,90,36.0,18.0,0.4
07:32:17,140.91,22.0,143.0,11.0,139.0,11.0,144.0,22.0,141.95,2.0900000000000034,33.0,33.0,0.33619934561495957,140.91,143.0,66,0.0,-24.0,0.0
07:32:18,140.5,8.0,143.8,10.0,136.23,26.0,145.75,32.0,142.15,3.3000000000000114,34.0,42.0,0.4502554830226028,140.5,143.8,76,-8.0,10.0,-0.11
07:32:19,139.62,13.0,144.0,26.0,136.63,38.0,146.0,91.0,141.81,4.3799999999999955,51.0,117.0,0.44874268795370137,139.62,144.0,168,-66.0,92.0,-0.39
07:32:20,141.88,113.0,144.0,34.0,139.94,17.0,146.0,119.0,142.94,2.1200000000000045,130.0,153.0,0.6964553108361632,141.88,144.0,283,-23.0,115.0,-0.08
07:32:21,143.0,13.0,144.0,26.0,142.0,169.0,146.0,91.0,143.5,1.0,182.0,117.0,0.7228761996302427,143.0,144.0,299,65.0,16.0,0.22
07:32:22,142.02,159.0,144.0,30.0,141.29,51.0,146.0,105.0,143.01,1.9799999999999898,210.0,135.0,0.6867823527085175,142.02,144.0,345,75.0,46.0,0.22
07:32:23,141.81,97.0,143.96,25.0,136.49,43.0,145.95,86.0,142.89,2.1500000000000057,140.0,111.0,0.6199596761014712,141.81,143.96,251,29.0,-94.0,0.12
07:32:24,140.09,70.0,144.64,28.0,138.72,79.0,146.0,98.0,142.36,4.549999999999983,149.0,126.0,0.40540103600241656,140.09,144.64,275,23.0,24.0,0.08
07:32:25,141.94,70.0,144.11,56.0,140.83,24.0,145.51,41.0,143.03,2.170000000000016,94.0,97.0,0.4073941580236918,141.94,144.11,191,-3.0,-84.0,-0.02
07:32:26,143.0,35.0,144.67,45.0,139.86,21.0,146.17,53.0,143.83,1.6699999999999875,56.0,98.0,0.5264788694637597,143.0,144.67,154,-42.0,-37.0,-0.27
07:32:27,143.92,36.0,145.0,73.0,142.14,14.0,147.0,42.0,144.46,1.0800000000000125,50.0,115.0,0.8291742880672586,143.92,145.0,165,-65.0,11.0,-0.39
07:32:28,143.0,7.0,145.0,31.0,139.0,7.0,146.69,13.0,144.0,2.0,14.0,44.0,0.8358408939456393,143.0,145.0,58,-30.0,-107.0,-0.52
07:32:29,143.0,15.0,144.05,74.0,135.08,151.0,145.72,57.0,143.53,1.0500000000000114,166.0,131.0,0.5333385416336007,143.0,144.05,297,35.0,169.5,0.12
07:32:30,135.23,105.0,145.52,27.0,134.81,63.0,146.56,36.0,140.37,10.29000000000002,168.0,63.0,1.6382215967297724,135.23,145.52,231,105.0,-66.0,0.45
07:32:31,135.31,145.0,144.0,83.0,135.11,73.0,159.11,37.0,139.66,8.689999999999998,218.0,120.0,2.2197364708432947,135.31,144.0,338,98.0,107.0,0.29
07:32:32,142.0,9.0,143.8,30.0,139.0,18.0,177.35,51.0,142.9,1.8000000000000114,27.0,81.0,1.9519912909620873,142.0,143.8,108,-54.0,-170.5,-0.5
07:32:33,139.0,24.0,142.2,20.0,136.0,24.0,143.78,36.0,140.6,3.1999999999999886,48.0,56.0,1.6966643745867394,139.0,142.2,104,-8.0,-4.0,-0.08
07:32:34,139.92,154.0,141.48,21.0,137.8,30.0,142.67,30.0,140.7,1.5600000000000023,184.0,51.0,1.21798193746532,139.92,141.48,235,133.0,131.0,0.57
07:32:35,140.0,140.0,172.74,38.0,139.0,22.0,176.65,40.0,156.37,32.74000000000001,162.0,78.0,6.99110005649983,140.0,172.74,240,84.0,5.0,0.35
07:32:36,140.0,90.0,144.0,9.0,139.0,18.0,309.44,25.0,142.0,4.0,108.0,34.0,6.696191454848937,140.0,144.0,142,74.0,-98.0,0.52
07:32:37,140.0,130.0,142.75,24.0,139.0,26.0,167.23,13.0,141.38,2.75,156.0,37.0,6.821121608649996,140.0,142.75,193,119.0,51.0,0.62
07:32:38,140.0,100.0,141.5,20.0,139.0,20.0,144.3,10.0,140.75,1.5,120.0,30.0,6.801577023013993,140.0,141.5,150,90.0,-43.0,0.6
07:32:39,140.0,80.0,141.0,16.0,139.0,16.0,145.0,8.0,140.5,1.0,96.0,24.0,6.82813664186591,140.0,141.0,120,72.0,-30.0,0.6
07:32:40,140.0,90.0,141.0,18.0,139.0,18.0,145.0,9.0,140.5,1.0,108.0,27.0,0.6525948206902261,140.0,141.0,135,81.0,15.0,0.6
07:32:41,140.0,80.0,141.0,16.0,139.0,30.0,145.0,8.0,140.5,1.0,110.0,24.0,0.3812872932470894,140.0,141.0,134,86.0,-1.0,0.64
07:32:42,140.0,90.0,144.47,15.0,139.0,52.0,145.93,14.0,142.23,4.469999999999999,142.0,29.0,0.7535449555213612,140.0,144.47,171,113.0,37.0,0.66
07:32:43,140.0,40.0,145.0,8.0,139.0,16.0,146.0,8.0,142.5,5.0,56.0,16.0,1.025953215303557,140.0,145.0,72,40.0,-99.0,0.56
07:32:44,140.0,40.0,145.0,8.0,139.0,16.0,146.0,8.0,142.5,5.0,56.0,16.0,1.0519410629839128,140.0,145.0,72,40.0,0.0,0.56
07:32:45,140.0,35.0,145.0,7.0,139.0,14.0,146.0,7.0,142.5,5.0,49.0,14.0,0.872112378075062,140.0,145.0,63,35.0,-9.0,0.56
07:32:46,140.0,70.0,142.09,56.0,139.0,28.0,143.3,46.0,141.04,2.0900000000000034,98.0,102.0,0.6336244944695139,140.0,142.09,200,-4.0,137.0,-0.02
07:32:47,139.88,33.0,141.0,45.0,138.44,32.0,142.0,27.0,140.44,1.1200000000000045,65.0,72.0,0.9870562293971618,139.88,141.0,137,-7.0,-63.0,-0.05
07:32:48,140.0,18.0,141.0,45.0,139.0,18.0,143.2,15.0,140.5,1.0,36.0,60.0,1.034543377530274,140.0,141.0,96,-24.0,-41.0,-0.25
07:32:49,139.4,10.0,141.0,32.0,137.29,14.0,145.0,7.0,140.2,1.5999999999999943,24.0,39.0,0.9266498799394302,139.4,141.0,63,-15.0,-33.0,-0.24
07:32:50,139.0,22.0,140.26,46.0,135.0,22.0,141.57,35.0,139.63,1.259999999999991,44.0,81.0,0.5115857699269792,139.0,140.26,125,-37.0,62.0,-0.3
07:32:51,133.08,96.0,142.75,20.0,123.15,81.0,192.0,34.0,137.92,9.669999999999987,177.0,54.0,1.072809395928201,133.08,142.75,231,123.0,106.0,0.53
07:32:52,134.15,52.0,145.0,20.0,133.73,44.0,324.5,32.0,139.58,10.849999999999994,96.0,52.0,0.9984888582211839,134.15,145.0,148,44.0,-83.0,0.3
07:32:53,134.0,48.0,144.93,15.0,133.0,16.0,383.58,24.0,139.47,10.930000000000007,64.0,39.0,0.853317057131673,134.0,144.93,103,25.0,-45.0,0.24
07:32:54,134.86,21.0,143.2,10.0,134.09,44.0,144.2,10.0,139.03,8.339999999999975,65.0,20.0,0.7145138207144015,134.86,143.2,85,45.0,-18.0,0.53
07:32:55,137.81,47.0,143.44,16.0,136.64,73.0,167.74,23.0,140.62,5.6299999999999955,120.0,39.0,0.9777678661072174,137.81,143.44,159,81.0,74.0,0.51
07:32:56,142.94,16.0,151.8,10.0,141.78,9.0,201.32,19.0,147.37,8.860000000000014,25.0,29.0,3.490362445361727,142.94,151.8,54,-4.0,-105.0,-0.07
07:32:57,143.79,14.0,182.03,67.0,142.0,14.0,348.4,40.0,162.91,38.24000000000001,28.0,107.0,10.098504839826065,143.79,182.03,135,-79.0,81.0,-0.59
07:32:58,144.67,18.0,182.0,70.0,142.96,49.0,455.43,56.0,163.33,37.33000000000001,67.0,126.0,11.805440271332095,144.67,182.0,193,-59.0,58.0,-0.31
07:32:59,142.89,27.0,166.35,34.0,140.94,17.0,267.65,51.0,154.62,23.460000000000008,44.0,85.0,9.86836105946621,142.89,166.35,129,-41.0,-64.0,-0.32
07:33:00,144.67,15.0,178.77,48.0,140.57,21.0,333.44,39.0,161.72,34.10000000000002,36.0,87.0,6.906087894024255,144.67,178.77,123,-51.0,-6.0,-0.41
07:33:01,142.0,16.0,181.0,80.0,140.0,43.0,330.89,57.0,161.5,39.0,59.0,137.0,3.548961820023975,142.0,181.0,196,-78.0,73.0,-0.4
07:33:02,145.21,14.0,180.5,40.0,141.09,22.0,305.13,31.0,162.86,35.28999999999999,36.0,71.0,3.5416493332892096,145.21,180.5,107,-35.0,-89.0,-0.33
07:33:03,147.0,20.0,178.62,40.0,145.0,32.0,383.4,30.0,162.81,31.620000000000005,52.0,70.0,3.455592568574586,147.0,178.62,122,-18.0,15.0,-0.15
07:33:04,147.0,20.0,178.0,50.0,145.0,40.0,342.71,31.0,162.5,31.0,60.0,81.0,0.6300158728059801,147.0,178.0,141,-21.0,19.0,-0.15
07:33:05,146.4,40.0,177.93,70.0,145.38,64.0,212.29,56.0,162.16,31.53,104.0,126.0,0.55935677343486,146.4,177.93,230,-22.0,89.0,-0.1
07:33:06,146.0,36.0,176.44,45.0,145.0,36.0,197.0,36.0,161.22,30.439999999999998,72.0,81.0,0.6706713054749457,146.0,176.44,153,-9.0,-77.0,-0.06
07:33:07,146.0,14.0,175.0,25.0,145.0,20.0,197.0,20.0,160.5,29.0,34.0,45.0,0.9564099539358415,146.0,175.0,79,-11.0,-74.0,-0.14
07:33:08,146.0,11.0,173.82,55.0,145.0,44.0,393.28,36.0,159.91,27.819999999999993,55.0,91.0,1.089642143085362,146.0,173.82,146,-36.0,67.0,-0.25
07:33:09,146.0,11.0,198.78,49.0,145.0,44.0,461.38,26.0,172.39,52.78,55.0,75.0,5.185694746124894,146.0,198.77999999999997,130,-20.0,-16.0,-0.15
07:33:10,145.5,18.0,365.83,24.0,144.63,57.0,743.17,48.0,255.67,220.32999999999998,75.0,72.0,41.538019572434905,145.5,365.83,147,3.0,17.0,0.02
07:33:11,145.0,27.0,268.78,18.0,144.0,63.0,558.0,36.0,206.89,123.77999999999997,90.0,54.0,40.85904208372957,145.0,268.78,144,36.0,-3.0,0.25
07:33:12,146.58,36.0,286.07,54.0,144.82,40.0,375.5,28.0,216.33,139.48999999999998,76.0,82.0,37.939975224029624,146.58,286.07,158,-6.0,14.0,-0.04
07:33:13,145.67,9.0,174.19,31.0,144.07,45.0,244.38,32.0,159.93,28.52000000000001,54.0,63.0,37.93439758319593,145.67,174.19,117,-9.0,-41.0,-0.08
07:33:14,144.55,47.0,173.0,55.0,143.73,77.0,266.43,28.0,158.78,28.44999999999999,124.0,83.0,40.97813807385569,144.55,173.0,207,41.0,90.0,0.2
07:33:15,144.0,84.0,171.9,48.0,143.0,84.0,219.11,28.0,157.95,27.900000000000006,168.0,76.0,29.07848826882142,144.0,171.9,244,92.0,37.0,0.38
07:33:16,144.0,45.0,169.91,55.0,143.0,77.0,171.33,15.0,156.95,25.909999999999997,122.0,70.0,25.929069015296065,144.0,169.91,192,52.0,-52.0,0.27
07:33:17,144.0,57.0,167.57,87.0,143.0,133.0,169.28,79.0,155.79,23.569999999999993,190.0,166.0,1.6008122938020068,144.0,167.57,356,24.0,164.0,0.07
07:33:18,144.0,39.0,160.88,64.0,143.0,91.0,163.84,63.0,152.44,16.879999999999995,130.0,127.0,2.470904692615206,144.0,160.88,257,3.0,-99.0,0.01
07:33:19,144.0,30.0,156.9,50.0,143.0,70.0,158.0,50.0,150.45,12.900000000000006,100.0,100.0,3.161562904638803,144.0,156.9,200,0.0,-57.0,0.0
07:33:20,144.0,36.0,154.11,56.0,143.0,84.0,156.46,24.0,149.05,10.110000000000014,120.0,80.0,3.3832203593600627,144.0,154.10999999999999,200,40.0,0.0,0.2
07:33:21,144.0,39.0,150.56,57.0,143.0,91.0,151.67,45.0,147.28,6.560000000000002,130.0,102.0,3.2772351151525254,144.0,150.56,232,28.0,32.0,0.12
07:33:22,144.29,49.0,146.0,65.0,143.03,79.0,147.08,49.0,145.14,1.710000000000008,128.0,114.0,2.815789409737386,144.29,146.0,242,14.0,10.0,0.06
07:33:23,143.79,68.0,145.23,65.0,142.85,91.0,227.6,20.0,144.51,1.4399999999999977,159.0,85.0,2.5216125792812587,143.79,145.23,244,74.0,2.0,0.3
07:33:24,143.0,39.0,144.85,26.0,142.0,49.0,164.2,25.0,143.92,1.8499999999999943,88.0,51.0,2.13453742061124,143.0,144.85,139,37.0,-105.0,0.27
07:33:25,143.0,75.0,197.88,32.0,142.0,105.0,286.19,47.0,170.44,54.879999999999995,180.0,79.0,11.353251516635627,143.0,197.88,259,101.0,120.0,0.39
07:33:26,143.44,45.0,267.85,27.0,141.91,76.0,475.51,41.0,205.65,124.41000000000003,121.0,68.0,26.895999144854017,143.44,267.85,189,53.0,-70.0,0.28
07:33:27,145.0,20.0,340.89,27.0,143.0,50.0,622.67,39.0,242.94,195.89,70.0,66.0,42.60556266498526,145.0,340.88999999999993,136,4.0,-53.0,0.03
07:33:28,145.5,12.0,282.6,15.0,143.42,19.0,0.0,0.0,214.05,137.10000000000002,31.0,15.0,38.68503780533223,145.5,282.6,46,16.0,-90.0,0.35
07:33:29,145.9,10.0,162.0,10.0,144.09,11.0,214.5,6.0,153.95,16.099999999999994,21.0,16.0,35.47506349536226,145.9,162.0,37,5.0,-9.0,0.14
07:33:30,145.0,8.0,166.38,24.0,143.0,40.0,400.71,14.0,155.69,21.379999999999995,48.0,38.0,38.7410232182887,145.0,166.38,86,10.0,49.0,0.12
07:33:31,144.17,24.0,260.53,47.0,142.61,62.0,369.5,24.0,202.35,116.35999999999999,86.0,71.0,38.53018011896628,144.17,260.53,157,15.0,71.0,0.1
07:33:32,143.5,12.0,251.04,28.0,142.27,33.0,301.18,11.0,197.27,107.53999999999999,45.0,39.0,27.919909025639498,143.5,251.04,84,6.0,-73.0,0.07
07:33:33,143.0,26.0,176.51,43.0,142.0,104.0,245.31,52.0,159.76,33.50999999999999,130.0,95.0,23.90114808957905,143.0,176.51,225,35.0,141.0,0.16
07:33:34,143.0,14.0,154.0,35.0,142.0,56.0,288.86,21.0,148.5,11.0,70.0,56.0,25.125833916508885,143.0,154.0,126,14.0,-99.0,0.11
07:33:35,143.0,18.0,152.67,45.0,142.0,72.0,230.18,22.0,147.83,9.669999999999987,90.0,67.0,26.656477074061915,143.0,152.67,157,23.0,31.0,0.15
07:33:36,142.04,46.0,152.0,45.0,140.18,88.0,295.75,24.0,147.02,9.960000000000008,134.0,69.0,21.43548996407571,142.04,152.0,203,65.0,46.0,0.32
07:33:37,142.0,40.0,149.14,22.0,140.0,100.0,180.77,44.0,145.57,7.139999999999986,140.0,66.0,5.7090568397934405,142.0,149.14,206,74.0,3.0,0.36
07:33:38,141.7,66.0,148.71,51.0,139.94,143.0,200.75,57.0,145.2,7.010000000000019,209.0,108.0,1.4203274270367718,141.7,148.71,317,101.0,111.0,0.32
07:33:39,140.03,93.0,142.61,44.0,139.0,69.0,145.4,20.0,141.32,2.5800000000000125,162.0,64.0,2.512164405446656,140.03,142.61,226,98.0,-91.0,0.43
07:33:40,140.5,100.0,144.18,22.0,139.44,54.0,156.26,34.0,142.34,3.680000000000007,154.0,56.0,2.373962931469934,140.5,144.18,210,98.0,-16.0,0.47
07:33:41,140.52,21.0,142.03,29.0,139.15,41.0,144.73,11.0,141.28,1.509999999999991,62.0,40.0,2.0952613202160575,140.52,142.03,102,22.0,-108.0,0.22
07:33:42,141.0,42.0,142.44,27.0,140.0,18.0,153.5,12.0,141.72,1.4399999999999977,60.0,39.0,1.637290444604656,141.0,142.44,99,21.0,-3.0,0.21
07:33:43,142.1,40.0,146.0,10.0,140.82,34.0,157.8,20.0,144.05,3.9000000000000057,74.0,30.0,1.148529494612043,142.1,146.0,104,44.0,5.0,0.42
07:33:44,142.0,36.0,144.55,22.0,140.0,24.0,149.14,14.0,143.27,2.5500000000000114,60.0,36.0,1.1305618072417294,142.0,144.55,96,24.0,-8.0,0.25
07:33:45,143.06,18.0,145.64,44.0,140.16,19.0,149.67,36.0,144.35,2.579999999999984,37.0,80.0,1.375946946649311,143.06,145.64,117,-43.0,21.0,-0.37
07:33:46,144.8,10.0,146.0,60.0,143.8,10.0,183.18,22.0,145.4,1.1999999999999886,20.0,82.0,1.3714481397389162,144.8,146.0,102,-62.0,-15.0,-0.61
07:33:47,144.39,18.0,145.88,68.0,142.62,29.0,222.43,42.0,145.14,1.490000000000009,47.0,110.0,0.8574205502512267,144.39,145.88,157,-63.0,55.0,-0.4
07:33:48,142.67,6.0,145.0,20.0,139.53,15.0,146.0,30.0,143.83,2.3300000000000125,21.0,50.0,0.8876767429605922,142.67,145.0,71,-29.0,-86.0,-0.41
07:33:49,140.0,18.0,144.5,32.0,139.0,63.0,145.68,50.0,142.25,4.5,81.0,82.0,1.2535270240378464,140.0,144.5,163,-1.0,92.0,-0.01
07:33:50,139.38,24.0,142.54,26.0,138.75,40.0,143.82,34.0,140.96,3.1599999999999966,64.0,60.0,1.8987706549221142,139.38,142.54,124,4.0,-39.0,0.03
07:33:51,139.0,38.0,141.55,38.0,137.0,12.0,142.54,26.0,140.28,2.5500000000000114,50.0,64.0,2.0062826321317777,139.0,141.55,114,-14.0,-10.0,-0.12
07:33:52,137.8,15.0,142.9,31.0,119.45,22.0,144.71,21.0,140.35,5.099999999999994,37.0,52.0,1.5073254459451957,137.8,142.9,89,-15.0,-25.0,-0.17
07:33:53,137.0,8.0,146.0,40.0,111.0,24.0,147.0,24.0,141.5,9.0,32.0,64.0,0.826419990074046,137.0,146.0,96,-32.0,7.0,-0.33
07:33:54,137.0,4.0,146.0,20.0,100.0,16.0,147.0,12.0,141.5,9.0,20.0,32.0,0.5934812549643196,137.0,146.0,52,-12.0,-44.0,-0.23
07:33:56,132.8,15.0,146.0,37.0,101.33,33.0,147.0,36.0,139.4,13.199999999999989,48.0,73.0,7.958800160827939,132.8,146.0,121,-25.0,24.0,-0.21
07:33:57,113.5,18.0,146.0,14.0,42.8,15.0,147.0,21.0,129.75,32.5,33.0,35.0,8.297861170204957,113.5,146.0,68,-2.0,-53.0,-0.03
07:33:58,116.7,23.0,146.0,34.0,48.12,17.0,147.0,24.0,131.35,29.299999999999997,40.0,58.0,7.524875414250756,116.7,146.0,98,-18.0,30.0,-0.18
07:33:59,124.78,23.0,145.73,37.0,68.0,32.0,146.68,31.0,135.26,20.94999999999999,55.0,68.0,6.155588517761372,124.78,145.73,123,-13.0,25.0,-0.11
07:34:00,117.7,50.0,142.57,42.0,108.47,51.0,145.41,34.0,130.14,24.86999999999999,101.0,76.0,4.103967592464092,117.7,142.57,177,25.0,54.0,0.14
07:34:01,136.78,37.0,141.0,74.0,130.13,39.0,147.0,39.0,138.89,4.219999999999999,76.0,113.0,3.9126039922276146,136.78,141.0,189,-37.0,12.0,-0.2
07:34:02,138.14,28.0,140.83,71.0,110.27,44.0,146.95,39.0,139.49,2.690000000000026,72.0,110.0,4.251426819315534,138.14,140.83,182,-38.0,-7.0,-0.21
07:34:03,136.0,16.0,141.0,56.0,100.0,56.0,417.0,32.0,138.5,5.0,72.0,88.0,3.8932544227156964,136.0,141.0,160,-16.0,-22.0,-0.1
07:34:04,136.91,23.0,245.89,63.0,118.79,42.0,458.1,40.0,191.4,108.97999999999999,65.0,103.0,24.73713059350245,136.91,245.89,168,-38.0,8.0,-0.23
07:34:05,146.85,27.0,294.18,34.0,133.92,13.0,399.5,16.0,220.51,147.33,40.0,50.0,38.11229945831126,146.85,294.18,90,-10.0,-78.0,-0.11
07:34:06,134.0,18.0,179.77,26.0,103.0,27.0,349.73,22.0,156.88,45.77000000000001,45.0,48.0,35.715511056122274,134.0,179.77,93,-3.0,3.0,-0.03
07:34:09,134.09,70.0,272.32,22.0,122.94,68.0,370.71,21.0,203.2,138.23,138.0,43.0,43.0688591676166,134.09,272.32,181,95.0,95.0,0.52
07:34:10,136.3,10.0,188.82,28.0,134.0,86.0,226.92,12.0,162.56,52.51999999999998,96.0,40.0,31.356701516581637,136.3,188.82,136,56.0,-45.0,0.41
07:34:11,134.04,73.0,158.83,18.0,128.21,29.0,257.79,24.0,146.44,24.79000000000002,102.0,42.0,31.601458352424075,134.04,158.83,144,60.0,8.0,0.42
07:34:15,134.82,71.0,224.82,28.0,121.38,45.0,292.36,42.0,179.82,90.0,116.0,70.0,19.176694709985703,134.82,224.82,186,46.0,110.0,0.25
07:34:16,143.0,32.0,336.56,27.0,140.0,28.0,379.48,29.0,239.78,193.56,60.0,56.0,45.866941036000995,143.0,336.56,116,4.0,-70.0,0.03
07:34:17,143.0,48.0,230.81,52.0,140.0,24.0,451.27,45.0,186.9,87.81,72.0,97.0,43.100053132217724,143.0,230.81,169,-25.0,53.0,-0.15
07:34:18,143.0,30.0,187.43,53.0,140.0,22.0,245.42,36.0,165.22,44.43000000000001,52.0,89.0,37.92094276254205,143.0,187.43,141,-37.0,-28.0,-0.26
07:34:19,143.0,24.0,185.5,60.0,140.0,24.0,188.0,36.0,164.25,42.5,48.0,96.0,30.939592434290226,143.0,185.5,144,-48.0,3.0,-0.33
07:34:20,143.0,26.0,183.53,43.0,140.0,26.0,185.3,61.0,163.27,40.53,52.0,104.0,32.75757515445839,143.0,183.53,156,-52.0,12.0,-0.33
07:34:21,143.21,19.0,180.1,30.0,140.3,20.0,183.11,38.0,161.66,36.889999999999986,39.0,68.0,10.502754400631874,143.21,180.1,107,-29.0,-49.0,-0.27
07:34:22,147.0,8.0,176.89,36.0,143.0,16.0,178.25,24.0,161.94,29.889999999999986,24.0,60.0,1.5102880519930635,147.0,176.89,84,-36.0,-23.0,-0.43
07:34:23,143.29,28.0,175.84,56.0,140.2,75.0,177.5,40.0,159.56,32.55000000000001,103.0,96.0,1.7787439388493216,143.29,175.84,199,7.0,115.0,0.04
07:34:24,146.0,9.0,172.78,41.0,143.0,9.0,174.65,31.0,159.39,26.78,18.0,72.0,1.658562630711727,146.0,172.78,90,-54.0,-109.0,-0.6
07:34:25,146.0,11.0,172.0,40.0,143.0,8.0,174.0,24.0,159.0,26.0,19.0,64.0,1.3788038294092324,146.0,172.0,83,-45.0,-7.0,-0.54
07:34:26,146.0,20.0,171.57,44.0,143.0,10.0,172.92,36.0,158.78,25.569999999999993,30.0,80.0,1.2712120200791424,146.0,171.57,110,-50.0,27.0,-0.45
07:34:27,146.0,44.0,168.38,92.0,143.0,22.0,172.59,76.0,157.19,22.379999999999995,66.0,168.0,0.9429899257117907,146.0,168.38,234,-102.0,124.0,-0.44
07:34:28,146.0,22.0,166.19,37.0,143.0,59.0,167.33,45.0,156.09,20.189999999999998,81.0,82.0,1.396799914087241,146.0,166.19,163,-1.0,-71.0,-0.01
07:34:29,146.0,20.0,163.8,40.0,143.0,70.0,165.32,38.0,154.9,17.80000000000001,90.0,78.0,1.750591328664232,146.0,163.8,168,12.0,5.0,0.07
07:34:30,146.0,22.0,163.78,23.0,143.0,77.0,164.67,45.0,154.89,17.78,99.0,68.0,1.6515295940414327,146.0,163.78,167,31.0,-1.0,0.19
07:34:31,146.0,20.0,160.44,18.0,143.0,70.0,160.55,22.0,153.22,14.439999999999998,90.0,40.0,1.4867649444330462,146.0,160.44,130,50.0,-37.0,0.38
07:34:32,144.35,49.0,154.29,48.0,142.35,46.0,157.9,52.0,149.32,9.939999999999998,95.0,100.0,2.644887521237052,144.35,154.29,195,-5.0,65.0,-0.03
07:34:33,141.69,61.0,152.29,63.0,140.16,113.0,153.11,55.0,146.99,10.599999999999994,174.0,118.0,3.5510744852785034,141.69,152.29,292,56.0,97.0,0.19
07:34:34,141.0,45.0,149.2,15.0,140.0,126.0,151.5,36.0,145.1,8.199999999999989,171.0,51.0,4.116033284607466,141.0,149.2,222,120.0,-70.0,0.54
07:34:35,140.69,65.0,147.0,15.0,137.89,140.0,148.9,21.0,143.85,6.310000000000002,205.0,36.0,3.7142065101441513,140.69,147.0,241,169.0,19.0,0.7
07:34:36,140.0,40.0,145.5,20.0,103.0,16.0,147.0,4.0,142.75,5.5,56.0,24.0,2.6079436343597977,140.0,145.5,80,32.0,-161.0,0.4
07:34:37,140.53,106.0,144.8,41.0,129.17,92.0,145.46,28.0,142.67,4.27000000000001,198.0,69.0,1.812048564470121,140.53,144.8,267,129.0,169.5,0.48
07:34:38,141.86,112.0,143.35,20.0,140.0,144.0,144.81,43.0,142.6,1.4899999999999807,256.0,63.0,1.0825571578436475,141.86,143.35,319,193.0,52.0,0.61
07:34:39,142.0,79.0,144.83,41.0,140.0,117.0,204.64,33.0,143.41,2.8300000000000125,196.0,74.0,0.5491629994807096,142.0,144.83,270,122.0,-49.0,0.45
07:34:40,143.41,37.0,145.0,65.0,140.22,111.0,270.56,34.0,144.2,1.5900000000000034,148.0,99.0,0.6819310815607551,143.41,145.0,247,49.0,-23.0,0.2
07:34:41,140.39,62.0,144.18,55.0,138.2,45.0,213.63,38.0,142.28,3.7900000000000205,107.0,93.0,0.7730265195959696,140.39,144.18,200,14.0,-47.0,0.07
07:34:42,140.0,24.0,177.19,27.0,137.0,21.0,593.79,19.0,158.59,37.19,45.0,46.0,6.957393908641183,140.0,177.19,91,-1.0,-109.0,-0.01
07:34:43,140.0,27.0,221.41,27.0,137.2,30.0,301.07,30.0,180.7,81.41,57.0,57.0,16.426884366793196,140.0,221.41,114,0.0,23.0,0.0
07:34:44,140.13,31.0,205.15,27.0,137.94,54.0,206.38,32.0,172.64,65.02000000000001,85.0,59.0,16.98072789959231,140.13,205.15,144,26.0,30.0,0.18
07:34:45,141.0,22.0,201.15,27.0,137.79,33.0,201.86,28.0,171.07,60.150000000000006,55.0,55.0,14.991458568131076,141.0,201.15,110,0.0,-34.0,0.0
07:34:46,139.89,45.0,198.5,42.0,126.69,89.0,200.0,28.0,169.19,58.610000000000014,134.0,70.0,7.944958778998704,139.89,198.5,204,64.0,94.0,0.31
07:34:47,143.0,18.0,197.56,25.0,124.83,70.0,199.1,20.0,170.28,54.56,88.0,45.0,4.6045662119235145,143.0,197.56,133,43.0,-71.0,0.32
07:34:48,143.0,44.0,195.12,33.0,141.0,65.0,196.19,32.0,169.06,52.120000000000005,109.0,65.0,1.4772508250085994,143.0,195.12,174,44.0,41.0,0.25
07:34:49,143.73,37.0,191.27,33.0,141.84,43.0,192.76,37.0,167.5,47.54000000000002,80.0,70.0,1.3537909735217664,143.73,191.27,150,10.0,-24.0,0.07
07:34:50,144.0,27.0,186.67,27.0,143.0,18.0,188.16,25.0,165.33,42.66999999999999,45.0,52.0,1.9200963517462994,144.0,186.66999999999996,97,-7.0,-53.0,-0.07
07:34:51,142.47,38.0,182.64,56.0,131.82,100.0,184.04,50.0,162.56,40.16999999999999,138.0,106.0,3.071641255093103,142.47,182.64000000000001,244,32.0,147.0,0.13
07:34:52,141.87,23.0,176.33,36.0,112.14,42.0,179.36,42.0,159.1,34.46000000000001,65.0,78.0,3.9744685179267383,141.87,176.33,143,-13.0,-101.0,-0.09
07:34:53,143.94,106.0,148.39,36.0,142.25,16.0,161.06,35.0,146.17,4.449999999999989,122.0,71.0,8.41433716937897,143.94,148.39,193,51.0,50.0,0.26
07:34:54,144.21,114.0,146.5,36.0,143.0,12.0,147.8,30.0,145.36,2.289999999999992,126.0,66.0,9.342014236768968,144.21,146.5,192,60.0,-1.0,0.31
07:34:55,145.75,84.0,147.85,26.0,143.0,12.0,251.94,17.0,146.8,2.0999999999999943,96.0,43.0,8.17071110736363,145.75,147.85,139,53.0,-53.0,0.38
07:34:56,146.46,125.0,332.6,53.0,146.12,50.0,480.86,70.0,239.53,186.14000000000001,175.0,123.0,40.71996156677938,146.46,332.6000000000001,298,52.0,159.0,0.17
07:34:57,148.0,80.0,303.84,45.0,147.0,19.0,465.14,22.0,225.92,155.83999999999997,99.0,67.0,47.68712645987369,148.0,303.84,166,32.0,-132.0,0.19
07:35:00,148.0,30.0,358.36,28.0,147.0,9.0,565.71,35.0,253.18,210.36,39.0,63.0,41.94765929107316,148.0,358.36,102,-24.0,-62.0,-0.24
07:35:01,147.89,27.0,205.45,55.0,146.31,26.0,556.67,36.0,176.67,57.56,53.0,91.0,59.054009855385445,147.89,205.45,144,-38.0,42.0,-0.26
07:35:02,146.27,41.0,254.44,80.0,145.77,86.0,345.75,48.0,200.35,108.16999999999999,127.0,128.0,63.346372192888545,146.27,254.44,255,-1.0,111.0,-0.0
07:35:03,145.92,95.0,330.49,37.0,144.86,43.0,458.74,46.0,238.2,184.57000000000002,138.0,83.0,52.911810307340346,145.92,330.49,221,55.0,-34.0,0.25
07:35:04,146.0,63.0,280.14,14.0,143.0,7.0,373.37,19.0,213.07,134.14,70.0,33.0,30.31136964902731,146.0,280.14,103,37.0,-118.0,0.36
07:35:05,146.0,87.0,276.44,16.0,144.64,50.0,278.71,14.0,211.22,130.44,137.0,30.0,22.2943752996126,146.0,276.44,167,107.0,64.0,0.64
07:35:06,147.05,38.0,275.0,9.0,145.47,51.0,276.0,12.0,211.03,127.94999999999999,89.0,21.0,14.021245665060365,147.05,275.0,110,68.0,-57.0,0.62
07:35:07,148.0,60.0,266.44,25.0,146.0,72.0,274.0,14.0,207.22,118.44,132.0,39.0,12.509527169320735,148.0,266.44,171,93.0,61.0,0.54
07:35:08,148.0,43.0,235.65,37.0,146.0,66.0,272.1,20.0,191.82,87.65,109.0,57.0,8.678897971515525,148.0,235.65000000000003,166,52.0,-5.0,0.31
07:35:09,148.0,11.0,269.67,18.0,146.0,60.0,270.87,15.0,208.83,121.67000000000002,71.0,33.0,8.110427239053227,148.0,269.67,104,38.0,-62.0,0.37
07:35:10,148.0,11.0,267.27,22.0,146.0,66.0,270.0,22.0,207.64,119.26999999999998,77.0,44.0,7.683844740751647,148.0,267.27,121,33.0,17.0,0.27
07:35:11,148.0,9.0,266.67,18.0,146.0,54.0,269.56,18.0,207.33,118.67000000000002,63.0,36.0,7.1549821802697,148.0,266.67,99,27.0,-22.0,0.27
07:35:12,147.18,22.0,186.68,38.0,145.74,105.0,198.64,39.0,166.93,39.5,127.0,77.0,17.956225939767496,147.18,186.68,204,50.0,105.0,0.25
07:35:13,146.0,33.0,163.41,27.0,145.0,99.0,167.56,27.0,154.7,17.409999999999997,132.0,54.0,26.17348524747862,146.0,163.41,186,78.0,-18.0,0.42
07:35:14,146.0,27.0,150.93,15.0,145.0,81.0,152.5,12.0,148.47,4.930000000000007,108.0,27.0,28.597960241947042,146.0,150.93,135,81.0,-51.0,0.6
07:35:15,146.0,24.0,148.4,20.0,145.0,72.0,150.54,13.0,147.2,2.4000000000000057,96.0,33.0,24.95845207539897,146.0,148.4,129,63.0,-6.0,0.49
07:35:16,146.0,39.0,147.09,53.0,145.0,117.0,149.0,13.0,146.55,1.0900000000000034,156.0,66.0,8.55034794613587,146.0,147.09,222,90.0,93.0,0.41
07:35:17,146.0,33.0,147.0,33.0,145.0,99.0,149.0,11.0,146.5,1.0,132.0,44.0,3.455579546181924,146.0,147.0,176,88.0,-46.0,0.5
07:35:18,145.79,42.0,147.06,34.0,144.96,101.0,149.31,13.0,146.42,1.2700000000000102,143.0,47.0,0.863984953567705,145.79,147.06,190,96.0,14.0,0.51
07:35:19,145.0,63.0,148.57,7.0,143.0,14.0,151.0,14.0,146.79,3.569999999999993,77.0,21.0,0.3157055590126324,145.0,148.57,98,56.0,-92.0,0.57
07:35:20,145.61,69.0,147.0,13.0,144.89,97.0,273.56,39.0,146.3,1.3899999999999864,166.0,52.0,0.18185158781688174,145.61,147.0,218,114.0,120.0,0.52
07:35:21,146.17,36.0,285.02,54.0,145.06,96.0,445.47,43.0,215.59,138.85,132.0,97.0,30.897397139564827,146.17,285.02,229,35.0,11.0,0.15
07:35:22,145.25,40.0,192.78,41.0,144.75,60.0,246.94,35.0,169.02,47.53,100.0,76.0,30.007766161445407,145.25,192.78,176,24.0,-53.0,0.14
07:35:23,145.26,57.0,219.9,42.0,144.59,51.0,270.53,49.0,182.58,74.64000000000001,108.0,91.0,28.79636834741469,145.26,219.90000000000003,199,17.0,23.0,0.09
07:35:24,145.11,38.0,201.08,49.0,144.23,35.0,268.27,55.0,173.09,55.97,73.0,104.0,25.205573391612926,145.11,201.08,177,-31.0,-22.0,-0.18
07:35:25,147.0,11.0,203.78,46.0,145.0,44.0,225.73,55.0,175.39,56.78,55.0,101.0,18.79996888295257,147.0,203.77999999999997,156,-46.0,-21.0,-0.29
07:35:26,144.12,48.0,201.92,64.0,143.26,131.0,213.31,61.0,173.02,57.79999999999998,179.0,125.0,5.005382103295055,144.12,201.92,304,54.0,148.0,0.18
07:35:27,143.75,48.0,178.65,60.0,142.92,175.0,187.53,55.0,161.2,34.900000000000006,223.0,115.0,7.692875275213214,143.75,178.65,338,108.0,34.0,0.32
07:35:28,143.0,96.0,146.25,40.0,141.0,56.0,169.23,35.0,144.62,3.25,152.0,75.0,12.907638436212402,143.0,146.25,227,77.0,-111.0,0.34
07:35:29,143.0,103.0,144.22,45.0,141.0,63.0,150.55,44.0,143.61,1.2199999999999989,166.0,89.0,15.100131456381044,143.0,144.22,255,77.0,28.0,0.3
07:35:30,142.6,35.0,144.88,41.0,140.93,60.0,177.57,40.0,143.74,2.280000000000001,95.0,81.0,13.340739109958982,142.6,144.88,176,14.0,-79.0,0.08
07:35:31,141.0,51.0,144.08,52.0,140.0,52.0,315.69,65.0,142.54,3.0800000000000125,103.0,117.0,7.893270551551488,141.0,144.08,220,-14.0,44.0,-0.06
07:35:32,141.0,26.0,213.85,27.0,140.0,40.0,249.7,50.0,177.43,72.85,66.0,77.0,15.13495853975127,141.0,213.85,143,-11.0,-77.0,-0.08
07:35:33,142.82,56.0,202.13,23.0,142.09,66.0,205.66,47.0,172.48,59.31,122.0,70.0,17.434295225215998,142.82,202.13,192,52.0,49.0,0.27
07:35:34,144.82,22.0,196.45,22.0,143.0,154.0,332.64,55.0,170.64,51.629999999999995,176.0,77.0,16.827613615720704,144.82,196.45,253,99.0,61.0,0.39
07:35:35,146.2,20.0,195.5,20.0,143.0,140.0,577.0,50.0,170.85,49.30000000000001,160.0,70.0,13.828903427242107,146.2,195.5,230,90.0,-23.0,0.39
07:35:36,148.0,18.0,195.0,18.0,144.09,110.0,577.0,45.0,171.5,47.0,128.0,63.0,2.8042556944736283,148.0,195.0,191,65.0,-39.0,0.34
07:35:37,148.0,16.0,195.0,16.0,143.0,112.0,577.0,40.0,171.5,47.0,128.0,56.0,0.7187349998350492,148.0,195.0,184,72.0,-7.0,0.39
07:35:38,148.0,10.0,195.0,10.0,143.0,70.0,577.0,25.0,171.5,47.0,80.0,35.0,0.4201428328413168,148.0,195.0,115,45.0,-69.0,0.39
07:35:39,148.0,18.0,182.1,20.0,143.56,117.0,537.51,39.0,165.05,34.099999999999994,135.0,59.0,2.825906934063486,148.0,182.1,194,76.0,79.0,0.39
07:35:40,145.66,64.0,400.42,38.0,143.94,163.0,551.49,49.0,273.04,254.76000000000002,227.0,87.0,46.21566963703961,145.66,400.42,314,140.0,120.0,0.45
07:35:41,145.79,95.0,268.97,31.0,143.57,176.0,284.94,52.0,207.38,123.18000000000004,271.0,83.0,45.30099424957452,145.79,268.97,354,188.0,40.0,0.53
07:35:42,145.21,70.0,248.22,27.0,143.11,178.0,255.67,33.0,196.72,103.00999999999999,248.0,60.0,43.00096998905935,145.21,248.22,308,188.0,-46.0,0.61
07:35:43,147.4,50.0,182.77,39.0,143.73,66.0,199.14,21.0,165.08,35.370000000000005,116.0,60.0,44.24478138718715,147.4,182.77,176,56.0,-132.0,0.32
07:35:44,148.0,36.0,178.87,15.0,145.0,18.0,179.47,15.0,163.43,30.870000000000005,54.0,30.0,44.58265133434735,148.0,178.87,84,24.0,-92.0,0.29
07:35:45,148.0,56.0,174.71,14.0,145.0,28.0,176.0,14.0,161.36,26.710000000000008,84.0,28.0,21.60191843332413,148.0,174.71,112,56.0,28.0,0.5
07:35:46,148.0,64.0,170.58,19.0,146.2,20.0,171.3,46.0,159.29,22.580000000000013,84.0,65.0,15.550631176900566,148.0,170.58,149,19.0,37.0,0.13
07:35:47,148.0,73.0,168.09,22.0,147.0,13.0,170.86,43.0,158.05,20.090000000000003,86.0,65.0,2.88663645095713,148.0,168.09,151,21.0,2.0,0.14
07:35:48,148.0,91.0,166.42,19.0,147.0,13.0,167.09,46.0,157.21,18.419999999999987,104.0,65.0,2.530715313897394,148.0,166.42,169,39.0,18.0,0.23
07:35:49,148.0,30.0,165.1,10.0,147.0,10.0,167.0,40.0,156.55,17.099999999999994,40.0,50.0,1.9021356418497417,148.0,165.1,90,-10.0,-79.0,-0.11
07:35:50,148.0,39.0,161.25,16.0,147.0,13.0,162.05,19.0,154.62,13.25,52.0,35.0,1.7431236330207407,148.0,161.25,87,17.0,-3.0,0.2
07:35:51,148.0,30.0,153.21,19.0,147.0,10.0,159.4,10.0,150.61,5.210000000000008,40.0,29.0,2.9653532673183873,148.0,153.21,69,11.0,-18.0,0.16
07:35:52,148.0,42.0,155.71,21.0,147.0,14.0,156.48,21.0,151.86,7.710000000000008,56.0,42.0,2.8774207200192503,148.0,155.71,98,14.0,29.0,0.14
07:35:53,148.0,36.0,151.8,15.0,147.0,12.0,152.71,21.0,149.9,3.8000000000000114,48.0,36.0,2.8027789780852284,148.0,151.8,84,12.0,-14.0,0.14
07:35:54,148.0,42.0,149.65,23.0,147.0,17.0,151.57,28.0,148.83,1.6500000000000057,59.0,51.0,2.2237648256946794,148.0,149.65,110,8.0,26.0,0.07
07:35:55,144.7,20.0,149.0,24.0,142.57,46.0,487.3,33.0,146.85,4.300000000000011,66.0,57.0,1.8955606030927565,144.7,149.0,123,9.0,13.0,0.07
07:35:56,143.7,69.0,148.0,40.0,141.28,65.0,149.0,20.0,145.85,4.300000000000011,134.0,60.0,2.3968041221588545,143.7,148.0,194,74.0,71.0,0.38
07:35:57,144.0,208.0,147.33,48.0,143.0,47.0,148.47,30.0,145.67,3.3300000000000125,255.0,78.0,1.8702138915102895,144.0,147.33,333,177.0,139.0,0.53
07:35:58,144.0,115.0,296.93,59.0,143.0,45.0,389.25,52.0,220.47,152.93,160.0,111.0,32.9701301180325,144.0,296.93,271,49.0,-62.0,0.18
07:35:59,144.0,17.0,329.43,46.0,143.0,36.0,446.19,32.0,236.72,185.43,53.0,78.0,45.53770547579213,144.0,329.43,131,-25.0,-140.0,-0.19
07:36:00,144.0,8.0,215.32,31.0,143.0,24.0,386.53,30.0,179.66,71.32,32.0,61.0,41.94906113371295,144.0,215.32,93,-29.0,-38.0,-0.31
07:36:01,143.18,22.0,264.63,38.0,141.64,44.0,369.14,42.0,203.91,121.44999999999999,66.0,80.0,35.746688378085935,143.18,264.63,146,-14.0,53.0,-0.1
07:36:02,143.0,38.0,240.0,60.0,141.0,60.0,285.88,25.0,191.5,97.0,98.0,85.0,22.69631842392025,143.0,240.0,183,13.0,37.0,0.07
07:36:03,143.0,44.0,213.27,55.0,141.0,55.0,283.0,22.0,178.14,70.27000000000001,99.0,77.0,24.01661258379257,143.0,213.27,176,22.0,-7.0,0.12
07:36:04,143.0,40.0,196.75,48.0,141.0,50.0,264.52,23.0,169.88,53.75,90.0,71.0,13.25988386072767,143.0,196.75,161,19.0,-15.0,0.12
07:36:05,144.83,41.0,247.33,21.0,142.0,40.0,297.2,20.0,196.08,102.5,81.0,41.0,13.749277071904018,144.83,247.33,122,40.0,-39.0,0.33
07:36:06,141.97,32.0,202.25,24.0,140.9,62.0,282.0,24.0,172.11,60.28,94.0,48.0,11.694589347214663,141.97,202.25,142,46.0,20.0,0.32
07:36:07,144.61,54.0,195.25,24.0,140.71,63.0,280.79,29.0,169.93,50.639999999999986,117.0,53.0,11.06432871890508,144.61,195.25,170,64.0,28.0,0.38
07:36:08,142.15,26.0,194.0,20.0,140.17,58.0,296.75,24.0,168.08,51.849999999999994,84.0,44.0,11.750435311084782,142.15,194.0,128,40.0,-42.0,0.31
07:36:09,140.94,102.0,193.46,26.0,138.67,73.0,262.0,26.0,167.2,52.52000000000001,175.0,52.0,12.110303464405353,140.94,193.46,227,123.0,99.0,0.54
07:36:10,141.0,56.0,191.14,14.0,140.0,42.0,224.0,14.0,166.07,50.139999999999986,98.0,28.0,2.3816947747327815,141.0,191.14000000000001,126,70.0,-101.0,0.56
07:36:11,141.0,136.0,188.56,43.0,140.0,102.0,214.85,61.0,164.78,47.56,238.0,104.0,1.95958413955352,141.0,188.56,342,134.0,169.5,0.39
07:36:12,141.19,106.0,183.0,28.0,140.18,88.0,205.82,33.0,162.09,41.81,194.0,61.0,2.340625984643842,141.19,183.0,255,133.0,-87.0,0.52
07:36:13,141.0,88.0,176.73,22.0,140.0,66.0,179.0,22.0,158.86,35.72999999999999,154.0,44.0,3.3541392338408085,141.0,176.73,198,110.0,-57.0,0.56
07:36:14,141.0,57.0,175.0,18.0,140.0,54.0,384.19,27.0,158.0,34.0,111.0,45.0,3.540939140961138,141.0,175.0,156,66.0,-42.0,0.42
07:36:15,141.0,60.0,174.33,24.0,140.0,72.0,479.12,48.0,157.67,33.33000000000001,132.0,72.0,3.0640251304437807,141.0,174.33,204,60.0,48.0,0.29
07:36:16,141.0,45.0,173.11,18.0,140.0,54.0,323.67,45.0,157.06,32.110000000000014,99.0,63.0,1.9844218301539054,141.0,173.11,162,36.0,-42.0,0.22
07:36:17,141.0,71.0,170.41,49.0,140.0,66.0,173.64,22.0,155.7,29.409999999999997,137.0,71.0,1.1782699181391716,141.0,170.41,208,66.0,46.0,0.32
07:36:18,145.12,34.0,166.83,24.0,140.85,82.0,169.0,60.0,155.98,21.710000000000008,116.0,84.0,1.0140611421368066,145.12,166.83,200,32.0,-8.0,0.16
07:36:19,148.0,20.0,165.33,30.0,141.0,70.0,168.14,35.0,156.67,17.330000000000013,90.0,65.0,0.7991432912762659,148.0,165.33,155,25.0,-45.0,0.16
07:36:20,148.0,26.0,163.04,46.0,142.0,56.0,164.62,32.0,155.52,15.039999999999992,82.0,78.0,0.6558048490152663,148.0,163.04,160,4.0,5.0,0.03
07:36:21,148.0,62.0,160.44,75.0,145.31,29.0,161.0,73.0,154.22,12.439999999999998,91.0,148.0,0.8956115229227667,148.0,160.44,239,-57.0,79.0,-0.24
07:36:22,148.0,42.0,156.51,69.0,146.93,54.0,157.22,37.0,152.25,8.509999999999991,96.0,106.0,1.743895065648213,148.0,156.51,202,-10.0,-37.0,-0.05
07:36:23,147.06,78.0,149.4,82.0,146.22,60.0,155.16,61.0,148.23,2.3400000000000034,138.0,143.0,3.313181250700379,147.06,149.4,281,-5.0,79.0,-0.02
07:36:24,146.0,68.0,156.11,47.0,145.0,34.0,158.56,45.0,151.05,10.110000000000014,102.0,92.0,2.8361117749469513,146.0,156.11,194,10.0,-87.0,0.05
07:36:25,146.0,52.0,151.77,26.0,145.0,26.0,153.37,38.0,148.88,5.77000000000001,78.0,64.0,2.453228485076955,146.0,151.77,142,14.0,-52.0,0.1
07:36:26,146.0,76.0,147.7,40.0,145.0,26.0,148.65,34.0,146.85,1.6999999999999886,102.0,74.0,2.1779164354936156,146.0,147.7,176,28.0,34.0,0.16
07:36:27,146.0,44.0,190.21,19.0,145.0,22.0,302.74,42.0,168.11,44.21000000000001,66.0,61.0,8.788593744165954,146.0,190.21,127,5.0,-49.0,0.04
07:36:28,146.95,19.0,296.94,34.0,145.38,16.0,448.9,31.0,221.94,149.99,35.0,65.0,31.65329888021137,146.95,296.94,100,-30.0,-27.0,-0.3
07:36:29,146.35,17.0,166.0,40.0,145.12,16.0,334.76,34.0,156.18,19.650000000000006,33.0,74.0,31.06998825233106,146.35,166.0,107,-41.0,7.0,-0.38
07:36:30,146.0,12.0,165.83,24.0,145.0,12.0,167.78,18.0,155.92,19.830000000000013,24.0,42.0,30.109371464711614,146.0,165.83,66,-18.0,-41.0,-0.27
07:36:31,146.58,43.0,163.14,28.0,145.36,28.0,166.0,70.0,154.86,16.559999999999974,71.0,98.0,28.76615233221137,146.58,163.14000000000001,169,-27.0,103.0,-0.16
07:36:32,147.0,75.0,159.92,25.0,146.0,30.0,171.6,48.0,153.46,12.919999999999987,105.0,73.0,29.908693050683272,147.0,159.92,178,32.0,9.0,0.18
07:36:33,147.0,45.0,155.5,12.0,146.0,18.0,156.6,15.0,151.25,8.5,63.0,27.0,2.029453128306077,147.0,155.5,90,36.0,-88.0,0.4
07:36:34,144.3,128.0,154.27,11.0,143.44,36.0,155.89,19.0,149.28,9.969999999999999,164.0,30.0,2.696660898220504,144.3,154.27,194,134.0,104.0,0.69
07:36:35,144.0,190.0,153.0,20.0,143.0,50.0,154.0,10.0,148.5,9.0,240.0,30.0,2.6980363229562987,144.0,153.0,270,210.0,76.0,0.78
07:36:36,144.0,114.0,151.33,6.0,143.0,30.0,153.0,12.0,147.67,7.3300000000000125,144.0,18.0,2.330572890941542,144.0,151.33,162,126.0,-108.0,0.78
07:36:37,144.0,127.0,149.29,14.0,143.0,55.0,150.47,19.0,146.64,5.289999999999992,182.0,33.0,1.7448696226342093,144.0,149.29,215,149.0,53.0,0.69
07:36:38,143.0,40.0,146.0,13.0,141.0,56.0,148.64,11.0,144.5,3.0,96.0,24.0,1.8554837644106925,143.0,146.0,120,72.0,-95.0,0.6
07:36:39,143.0,51.0,144.53,15.0,141.0,77.0,158.53,34.0,143.77,1.5300000000000011,128.0,49.0,2.0271975730036007,143.0,144.53,177,79.0,57.0,0.45
07:36:40,143.0,9.0,145.0,28.0,141.0,63.0,181.67,45.0,144.0,2.0,72.0,73.0,1.7379672033705655,143.0,145.0,145,-1.0,-32.0,-0.01
07:36:41,143.0,5.0,145.0,35.0,141.0,21.0,502.6,25.0,144.0,2.0,26.0,60.0,1.1809826416978964,143.0,145.0,86,-34.0,-59.0,-0.4
07:36:42,141.57,14.0,144.14,14.0,140.73,22.0,377.0,35.0,142.86,2.569999999999993,36.0,49.0,0.6023122113918902,141.57,144.14,85,-13.0,-1.0,-0.15
07:36:43,142.0,55.0,143.89,18.0,141.0,27.0,359.4,40.0,142.94,1.8899999999999864,82.0,58.0,0.569016695705675,142.0,143.89,140,24.0,55.0,0.17
07:36:44,142.0,37.0,143.75,16.0,141.0,30.0,333.47,38.0,142.88,1.75,67.0,54.0,0.6068607748007858,142.0,143.75,121,13.0,-19.0,0.11
07:36:45,142.0,34.0,143.82,34.0,141.0,51.0,351.42,67.0,142.91,1.8199999999999932,85.0,101.0,0.49398380539428427,142.0,143.82,186,-16.0,65.0,-0.09
07:36:46,141.34,56.0,176.04,46.0,137.38,48.0,263.29,35.0,158.69,34.69999999999999,104.0,81.0,7.062685749769102,141.34,176.04,185,23.0,-1.0,0.12
07:36:47,143.08,51.0,181.0,55.0,141.0,15.0,328.09,33.0,162.04,37.91999999999999,66.0,88.0,9.633606282176535,143.08,181.0,154,-22.0,-31.0,-0.14
07:36:48,147.0,7.0,223.39,33.0,143.0,35.0,308.65,23.0,185.2,76.38999999999999,42.0,56.0,17.409541349501158,147.0,223.39,98,-14.0,-56.0,-0.14
07:36:49,147.0,8.0,314.0,24.0,143.0,40.0,347.0,40.0,230.5,167.0,48.0,64.0,34.07443572533505,147.0,314.0,112,-16.0,14.0,-0.14
07:36:50,128.06,16.0,314.0,21.0,132.0,24.0,347.0,35.0,221.03,185.94,40.0,56.0,33.07982119056856,128.06,314.0,96,-16.0,-16.0,-0.17
07:36:52,146.0,15.0,282.56,9.0,33.43,21.0,373.23,31.0,214.28,136.56,36.0,40.0,27.877104046152066,146.0,282.56,76,-4.0,-30.0,-0.05
07:36:53,146.0,18.0,279.33,9.0,65.31,29.0,295.85,13.0,212.67,133.32999999999998,47.0,22.0,26.186117887155163,146.0,279.33,69,25.0,-7.0,0.36
07:36:54,146.0,24.0,174.44,16.0,116.58,48.0,184.75,20.0,160.22,28.439999999999998,72.0,36.0,29.913137080553554,146.0,174.44,108,36.0,39.0,0.33
07:36:55,146.0,20.0,165.5,10.0,145.0,20.0,166.5,10.0,155.75,19.5,40.0,20.0,29.56411219705386,146.0,165.5,60,20.0,-48.0,0.33
07:36:56,147.09,22.0,163.57,7.0,145.29,14.0,165.0,7.0,155.33,16.47999999999999,36.0,14.0,30.94250555465715,147.09,163.57,50,22.0,-10.0,0.44
07:36:57,147.95,74.0,159.12,16.0,145.94,32.0,160.88,16.0,153.54,11.170000000000016,106.0,32.0,25.369175587708572,147.95,159.12,138,74.0,88.0,0.54
07:36:58,146.0,20.0,156.0,10.0,145.0,20.0,157.3,10.0,151.0,10.0,40.0,20.0,3.38785625432797,146.0,156.0,60,20.0,-78.0,0.33
07:36:59,146.0,16.0,154.25,8.0,145.0,16.0,155.75,8.0,150.12,8.25,32.0,16.0,2.5232855565688848,146.0,154.25,48,16.0,-12.0,0.33
07:37:00,146.0,24.0,150.81,16.0,145.0,24.0,151.78,32.0,148.41,4.810000000000002,48.0,48.0,2.75549451097061,146.0,150.81,96,0.0,48.0,0.0
07:37:01,145.62,32.0,147.19,16.0,144.57,28.0,149.06,16.0,146.41,1.5699999999999932,60.0,32.0,2.6883135977763435,145.62,147.19,92,28.0,-4.0,0.3
07:37:02,145.0,28.0,146.13,30.0,143.95,148.0,147.57,14.0,145.57,1.1299999999999955,176.0,44.0,2.325912724069687,145.0,146.13,220,132.0,128.0,0.6
07:37:03,144.07,120.0,146.25,16.0,143.88,128.0,149.0,16.0,145.16,2.180000000000007,248.0,32.0,2.0863436917222753,144.07,146.25,280,216.0,60.0,0.77
07:37:04,144.0,177.0,147.0,19.0,143.0,30.0,253.07,15.0,145.5,3.0,207.0,34.0,1.3130308450258725,144.0,147.0,241,173.0,-39.0,0.72
07:37:05,144.76,136.0,146.55,11.0,143.94,94.0,285.45,11.0,145.65,1.7900000000000205,230.0,22.0,0.4599673901369314,144.76,146.55,252,208.0,11.0,0.83
07:37:06,145.0,47.0,204.4,10.0,144.0,110.0,482.45,22.0,174.7,59.400000000000006,157.0,32.0,13.073386324896424,145.0,204.4,189,125.0,-63.0,0.66
07:37:07,145.0,22.0,365.18,22.0,144.0,121.0,481.54,37.0,255.09,220.18,143.0,59.0,47.48882552769637,145.0,365.18,202,84.0,13.0,0.42
07:37:08,145.0,12.0,268.0,24.0,144.0,66.0,463.19,16.0,206.5,123.0,78.0,40.0,46.3368910264811,145.0,268.0,118,38.0,-84.0,0.32
07:37:09,145.0,14.0,268.0,28.0,144.0,77.0,529.0,9.0,206.5,123.0,91.0,37.0,40.88610362947272,145.0,268.0,128,54.0,10.0,0.42
07:37:10,145.0,16.0,311.57,28.0,144.0,88.0,430.71,28.0,228.29,166.57,104.0,56.0,29.78820622326865,145.0,311.57,160,48.0,32.0,0.3
07:37:11,145.62,16.0,316.56,18.0,144.23,43.0,455.14,28.0,231.09,170.94,59.0,46.0,20.22745732908562,145.62,316.56,105,13.0,-55.0,0.12
07:37:12,146.73,44.0,246.05,57.0,145.0,30.0,375.9,49.0,196.39,99.32000000000002,74.0,106.0,15.154056552619222,146.73,246.05,180,-32.0,75.0,-0.18
07:37:13,144.31,86.0,159.4,40.0,141.6,30.0,273.16,38.0,151.86,15.090000000000003,116.0,78.0,32.01453779144693,144.31,159.4,194,38.0,14.0,0.2
07:37:14,144.2,59.0,180.23,13.0,142.79,77.0,210.21,29.0,162.22,36.03,136.0,42.0,36.54766682019503,144.2,180.23,178,94.0,-16.0,0.53
07:37:15,147.0,10.0,156.3,10.0,144.0,110.0,217.68,31.0,151.65,9.300000000000011,120.0,41.0,34.5735082107672,147.0,156.3,161,79.0,-17.0,0.49
07:37:16,144.33,46.0,154.33,42.0,143.79,70.0,174.5,16.0,149.33,10.0,116.0,58.0,19.702607695429272,144.33,154.33,174,58.0,13.0,0.33
07:37:17,144.0,81.0,153.62,24.0,143.0,60.0,154.12,48.0,148.81,9.620000000000005,141.0,72.0,5.452066580663734,144.0,153.62,213,69.0,39.0,0.32
07:37:18,144.0,16.0,152.75,4.0,143.0,20.0,153.94,16.0,148.38,8.75,36.0,20.0,5.80839650850305,144.0,152.75,56,16.0,-157.0,0.29
07:37:19,145.41,68.0,149.33,15.0,143.49,49.0,150.67,15.0,147.37,3.920000000000016,117.0,30.0,1.5929908976484062,145.41,149.33,147,87.0,91.0,0.59
07:37:20,146.0,27.0,147.0,9.0,144.0,36.0,150.0,9.0,146.5,1.0,63.0,18.0,1.1386263654029505,146.0,147.0,81,45.0,-66.0,0.56
07:37:21,145.57,23.0,149.2,10.0,143.46,56.0,271.0,48.0,147.38,3.6299999999999955,79.0,58.0,0.9144779931691953,145.57,149.2,137,21.0,56.0,0.15
07:37:22,147.82,17.0,279.61,49.0,144.18,33.0,408.44,50.0,213.72,131.79000000000002,50.0,99.0,29.66331741393719,147.82,279.61,149,-49.0,12.0,-0.33
07:37:23,144.25,8.0,317.38,13.0,143.6,10.0,625.25,16.0,230.82,173.13,18.0,29.0,41.62438371916138,144.25,317.38,47,-11.0,-102.0,-0.23
07:37:24,144.0,24.0,285.95,39.0,143.0,16.0,673.12,32.0,214.97,141.95,40.0,71.0,40.493294753576,144.0,285.95,111,-31.0,64.0,-0.28
07:37:25,143.0,10.0,210.73,33.0,142.0,60.0,278.95,38.0,176.86,67.72999999999999,70.0,71.0,33.96219663095992,143.0,210.73,141,-1.0,30.0,-0.01
07:37:26,143.97,36.0,193.0,16.0,142.54,13.0,208.0,32.0,168.49,49.03,49.0,48.0,26.859949180889842,143.97,193.0,97,1.0,-44.0,0.01
07:37:27,144.0,33.0,202.56,39.0,143.0,11.0,423.8,40.0,173.28,58.56,44.0,79.0,28.120651308246504,144.0,202.56,123,-35.0,26.0,-0.28
07:37:28,144.0,24.0,167.12,24.0,143.0,8.0,169.0,32.0,155.56,23.120000000000005,32.0,56.0,22.272244386230764,144.0,167.12,88,-24.0,-35.0,-0.27
07:37:29,144.0,54.0,166.38,24.0,143.0,8.0,169.0,32.0,155.19,22.379999999999995,62.0,56.0,10.036320540914852,144.0,166.38,118,6.0,30.0,0.05
07:37:30,144.0,106.0,165.89,27.0,143.0,9.0,392.35,34.0,154.94,21.889999999999986,115.0,61.0,8.743018357523335,144.0,165.89,176,54.0,58.0,0.31
07:37:31,143.95,65.0,164.54,39.0,142.36,28.0,435.44,50.0,154.25,20.590000000000003,93.0,89.0,8.19573852681932,143.95,164.54,182,4.0,6.0,0.02
07:37:32,143.0,7.0,162.57,21.0,142.0,42.0,190.28,25.0,152.79,19.569999999999993,49.0,46.0,1.0919386429608169,143.0,162.57,95,3.0,-87.0,0.03
07:37:33,142.04,56.0,159.73,33.0,141.08,147.0,160.82,33.0,150.88,17.689999999999998,203.0,66.0,1.7888683573676578,142.04,159.73,269,137.0,169.5,0.51
07:37:34,142.67,36.0,157.4,30.0,141.62,78.0,158.4,30.0,150.03,14.730000000000018,114.0,60.0,2.1092107528626522,142.67,157.4,174,54.0,-95.0,0.31
07:37:35,143.0,30.0,154.9,30.0,142.0,60.0,156.0,30.0,148.95,11.900000000000006,90.0,60.0,2.1332135383012223,143.0,154.9,150,30.0,-24.0,0.2
07:37:36,145.8,45.0,154.0,24.0,142.78,27.0,155.0,24.0,149.9,8.199999999999989,72.0,48.0,1.4466685867854288,145.8,154.0,120,24.0,-30.0,0.2
07:37:37,146.0,60.0,153.0,30.0,143.0,60.0,154.7,30.0,149.5,7.0,120.0,60.0,0.7120884776429803,146.0,153.0,180,60.0,60.0,0.33
07:37:38,146.0,36.0,149.0,18.0,143.0,54.0,150.33,18.0,147.5,3.0,90.0,36.0,1.026951800228257,146.0,149.0,126,54.0,-54.0,0.43
07:37:39,146.67,82.0,147.91,33.0,143.65,69.0,213.12,25.0,147.29,1.240000000000009,151.0,58.0,1.1773572100225986,146.67,147.91,209,93.0,83.0,0.44
07:37:40,147.0,65.0,224.34,41.0,146.0,39.0,318.07,28.0,185.67,77.34,104.0,69.0,16.642408779981047,147.0,224.34,173,35.0,-36.0,0.2
07:37:41,145.5,26.0,427.91,35.0,143.34,41.0,604.5,24.0,286.71,282.41,67.0,59.0,60.041734068895636,145.5,427.91,126,8.0,-47.0,0.06
07:37:42,145.94,34.0,411.83,23.0,142.45,33.0,473.94,17.0,278.88,265.89,67.0,40.0,69.02264302386556,145.94,411.83,107,27.0,-19.0,0.25
07:37:43,146.69,39.0,315.0,13.0,142.67,18.0,412.46,13.0,230.85,168.31,57.0,26.0,59.84818710704588,146.69,315.0,83,31.0,-24.0,0.37
07:37:44,147.0,144.0,288.72,50.0,143.0,48.0,296.07,55.0,217.86,141.72000000000003,192.0,105.0,42.482729785172346,147.0,288.72,297,87.0,169.5,0.29
07:37:45,147.0,91.0,247.14,29.0,143.0,33.0,250.92,39.0,197.07,100.13999999999999,124.0,68.0,39.00163496572892,147.0,247.14,192,56.0,-105.0,0.29
07:37:46,142.35,40.0,239.5,24.0,141.42,57.0,247.71,28.0,190.93,97.15,97.0,52.0,35.040678789087025,142.35,239.5,149,45.0,-43.0,0.3
07:37:47,142.36,44.0,236.44,27.0,141.09,53.0,238.11,27.0,189.4,94.07999999999998,97.0,54.0,18.286371154495814,142.36,236.44,151,43.0,2.0,0.28
07:37:48,146.0,48.0,234.83,36.0,142.0,60.0,237.5,36.0,190.42,88.83000000000001,108.0,72.0,11.968221672411405,146.0,234.83000000000004,180,36.0,29.0,0.2
07:37:49,146.88,164.0,231.64,33.0,143.96,49.0,233.64,33.0,189.26,84.75999999999999,213.0,66.0,3.2368395079117898,146.88,231.64,279,147.0,99.0,0.53
07:37:50,147.0,198.0,227.71,21.0,146.0,28.0,229.29,21.0,187.36,80.71000000000001,226.0,42.0,1.3725086520597505,147.0,227.70999999999998,268,184.0,-11.0,0.69
07:37:51,147.39,270.0,226.09,33.0,146.51,49.0,227.18,33.0,186.74,78.70000000000002,319.0,66.0,1.531234795836017,147.39,226.09,385,253.0,117.0,0.66
07:37:52,148.0,168.0,224.45,20.0,147.0,40.0,226.0,24.0,186.22,76.44999999999999,208.0,44.0,1.7754999295913894,148.0,224.45,252,164.0,-133.0,0.65
07:37:53,148.0,231.0,221.14,29.0,147.0,55.0,224.55,33.0,184.57,73.13999999999999,286.0,62.0,1.7083325203189075,148.0,221.14,348,224.0,96.0,0.64
07:37:54,148.0,231.0,192.0,27.0,147.0,55.0,209.57,21.0,170.0,44.0,286.0,48.0,7.3285073514310906,148.0,192.0,334,238.0,-14.0,0.71
07:37:55,148.0,147.0,191.0,21.0,147.0,36.0,192.0,21.0,169.5,43.0,183.0,42.0,8.85277809503773,148.0,191.0,225,141.0,-109.0,0.63
07:37:56,148.0,212.0,188.08,36.0,147.0,48.0,189.25,36.0,168.04,40.08000000000001,260.0,72.0,8.929545341168282,148.0,188.08,332,188.0,107.0,0.57
07:37:57,148.0,149.0,185.22,27.0,147.0,36.0,186.22,27.0,166.61,37.22,185.0,54.0,7.2914491015147584,148.0,185.22,239,131.0,-93.0,0.55
07:37:58,148.0,148.0,182.18,51.0,147.0,68.0,184.29,51.0,165.09,34.18000000000001,216.0,102.0,2.0332412547409695,148.0,182.18,318,114.0,79.0,0.36
07:37:59,148.0,88.0,177.1,29.0,147.0,44.0,178.25,36.0,162.55,29.099999999999994,132.0,65.0,2.686702439791319,148.0,177.1,197,67.0,-121.0,0.34
07:38:00,148.0,112.0,169.29,56.0,147.0,56.0,176.25,28.0,158.64,21.289999999999992,168.0,84.0,3.707456001084924,148.0,169.29,252,84.0,55.0,0.33
07:38:01,148.0,114.0,166.12,50.0,147.0,64.0,167.45,60.0,157.06,18.120000000000005,178.0,110.0,4.086422640890257,148.0,166.12,288,68.0,36.0,0.24
07:38:02,148.0,70.0,162.1,30.0,147.0,40.0,163.29,31.0,155.05,14.099999999999994,110.0,61.0,4.0892505425787204,148.0,162.1,171,49.0,-117.0,0.29
07:38:03,148.0,56.0,159.45,22.0,147.0,28.0,160.35,26.0,153.73,11.449999999999989,84.0,48.0,3.433908851437428,148.0,159.45,132,36.0,-39.0,0.27
07:38:04,148.0,80.0,157.4,30.0,147.0,40.0,159.0,30.0,152.7,9.400000000000006,120.0,60.0,2.421162943707052,148.0,157.4,180,60.0,48.0,0.33
07:38:05,148.0,72.0,155.33,36.0,147.0,48.0,156.67,36.0,151.67,7.3300000000000125,120.0,72.0,2.1005404066525846,148.0,155.33,192,48.0,12.0,0.25
07:38:06,148.0,111.0,153.77,39.0,147.0,52.0,155.0,39.0,150.88,5.77000000000001,163.0,78.0,1.6507967773109415,148.0,153.77,241,85.0,49.0,0.35
07:38:07,148.0,113.0,150.94,54.0,147.0,60.0,152.04,49.0,149.47,2.9399999999999977,173.0,103.0,1.640624880946317,148.0,150.94,276,70.0,35.0,0.25
07:38:08,147.93,55.0,149.41,49.0,146.94,64.0,150.88,59.0,148.67,1.4799999999999898,119.0,108.0,1.628241382590448,147.93,149.41,227,11.0,-49.0,0.05
07:38:09,146.75,32.0,149.55,22.0,145.86,28.0,151.8,30.0,148.15,2.8000000000000114,60.0,52.0,1.4804121047802834,146.75,149.55,112,8.0,-115.0,0.07
07:38:10,145.83,35.0,147.32,38.0,144.73,22.0,149.2,40.0,146.57,1.4899999999999807,57.0,78.0,1.5948416849267293,145.83,147.32,135,-21.0,23.0,-0.16
07:38:11,145.46,13.0,147.33,24.0,143.33,24.0,201.06,35.0,146.4,1.8700000000000045,37.0,59.0,1.3348857628950248,145.46,147.33,96,-22.0,-39.0,-0.23
07:38:12,144.23,22.0,147.5,32.0,143.04,46.0,188.67,48.0,145.86,3.2700000000000102,68.0,80.0,1.211548595797843,144.23,147.5,148,-12.0,52.0,-0.08
07:38:13,143.1,39.0,145.43,53.0,141.2,81.0,146.45,40.0,144.27,2.3300000000000125,120.0,93.0,1.397086253593381,143.1,145.43,213,27.0,65.0,0.13
07:38:14,143.0,20.0,144.0,10.0,141.0,70.0,145.0,50.0,143.5,1.0,90.0,60.0,1.363396494046922,143.0,144.0,150,30.0,-63.0,0.2
07:38:15,141.09,47.0,143.17,30.0,140.44,16.0,144.83,30.0,142.13,2.079999999999984,63.0,60.0,1.7397039978051838,141.09,143.17,123,3.0,-27.0,0.02
07:38:16,141.0,59.0,142.15,65.0,140.0,26.0,144.0,13.0,141.58,1.1500000000000057,85.0,78.0,1.7117739336662463,141.0,142.15,163,7.0,40.0,0.04
07:38:17,140.82,44.0,142.0,55.0,130.36,22.0,184.43,14.0,141.41,1.1800000000000068,66.0,69.0,1.252385723321335,140.82,142.0,135,-3.0,-28.0,-0.02
07:38:18,123.58,19.0,140.67,36.0,106.5,24.0,159.25,36.0,132.12,17.08999999999999,43.0,72.0,4.562243965416436,123.58,140.67,115,-29.0,-20.0,-0.25
07:38:26,146.0,20.0,328.11,9.0,88.36,11.0,483.18,11.0,237.06,182.11,31.0,20.0,61.838300186858135,146.0,328.11,51,11.0,-71.0,0.22
07:38:27,146.0,44.0,362.11,18.0,131.64,11.0,480.91,22.0,254.06,216.11,55.0,40.0,78.53134998202938,146.0,362.11,95,15.0,44.0,0.16
07:38:37,148.0,45.0,273.22,23.0,147.0,36.0,412.5,20.0,210.61,125.22000000000003,81.0,43.0,47.8658479502872,148.0,273.22,124,38.0,-1.0,0.31
07:38:38,147.29,34.0,210.0,18.0,145.71,14.0,331.0,22.0,178.65,62.71000000000001,48.0,40.0,67.05698994139237,147.29,210.0,88,8.0,-36.0,0.09
07:38:39,147.0,28.0,184.1,20.0,144.0,7.0,197.71,14.0,165.55,37.099999999999994,35.0,34.0,77.37781154827256,147.0,184.1,69,1.0,-19.0,0.01
07:38:40,144.92,52.0,182.5,36.0,143.56,18.0,183.76,34.0,163.71,37.58000000000001,70.0,70.0,62.761018156176874,144.92,182.5,140,0.0,71.0,0.0
07:38:41,145.0,99.0,179.89,27.0,144.0,11.0,181.07,28.0,162.44,34.889999999999986,110.0,55.0,20.302773702131134,145.0,179.89,165,55.0,25.0,0.33
07:38:42,145.76,42.0,177.06,36.0,144.88,48.0,178.1,29.0,161.41,31.30000000000001,90.0,65.0,7.0461209186290485,145.76,177.06,155,25.0,-10.0,0.16
07:38:43,145.0,64.0,171.53,34.0,144.0,16.0,180.28,47.0,158.26,26.53,80.0,81.0,2.723991556510328,145.0,171.53,161,-1.0,6.0,-0.01
07:38:44,144.47,17.0,160.05,38.0,142.33,24.0,212.06,32.0,152.26,15.580000000000013,41.0,70.0,4.579948689662144,144.47,160.05,111,-29.0,-50.0,-0.26
07:38:45,143.75,8.0,173.77,26.0,141.75,16.0,174.45,22.0,158.76,30.02000000000001,24.0,48.0,3.9678432428634784,143.75,173.77,72,-24.0,-39.0,-0.33
07:38:46,144.0,12.0,171.0,26.0,143.0,12.0,172.35,46.0,157.5,27.0,24.0,72.0,3.347225716908965,144.0,171.0,96,-48.0,24.0,-0.5
07:38:47,144.0,13.0,167.93,30.0,142.41,17.0,169.33,48.0,155.97,23.930000000000007,30.0,78.0,2.6196946386813966,144.0,167.93,108,-48.0,12.0,-0.44
07:38:48,141.52,29.0,165.21,28.0,140.19,89.0,167.24,50.0,153.37,23.689999999999998,118.0,78.0,2.732081623951863,141.52,165.21,196,40.0,88.0,0.2
07:38:49,141.0,77.0,161.26,38.0,140.0,118.0,162.22,46.0,151.13,20.25999999999999,195.0,84.0,3.09692266612121,141.0,161.26,279,111.0,83.0,0.4
07:38:50,141.37,109.0,159.0,24.0,140.64,86.0,162.0,48.0,150.18,17.629999999999995,195.0,72.0,3.109364886907657,141.37,159.0,267,123.0,-12.0,0.46
07:38:51,145.71,73.0,158.07,30.0,144.44,64.0,162.0,60.0,151.89,12.359999999999985,137.0,90.0,2.2599159276251,145.71,158.07,227,47.0,-40.0,0.21
07:38:52,147.22,37.0,157.0,18.0,145.0,36.0,162.0,36.0,152.11,9.780000000000001,73.0,54.0,1.1855294175739173,147.22,157.0,127,19.0,-100.0,0.15
07:38:53,148.0,32.0,156.0,28.0,145.0,32.0,157.8,20.0,152.0,8.0,64.0,48.0,0.8133695346722696,148.0,156.0,112,16.0,-15.0,0.14
07:38:54,148.0,27.0,152.85,47.0,145.0,60.0,153.77,52.0,150.43,4.849999999999994,87.0,99.0,0.9358258384618906,148.0,152.85,186,-12.0,74.0,-0.06
07:38:55,148.0,48.0,149.72,40.0,145.0,60.0,150.93,45.0,148.86,1.7199999999999989,108.0,85.0,1.4064032138518299,148.0,149.72,193,23.0,7.0,0.12
07:38:56,147.25,32.0,149.0,24.0,144.77,26.0,150.0,16.0,148.12,1.75,58.0,40.0,1.8033940223734723,147.25,149.0,98,18.0,-95.0,0.18
07:38:57,143.67,72.0,147.71,35.0,141.0,24.0,148.78,37.0,145.69,4.0400000000000205,96.0,72.0,2.387100751944016,143.67,147.71,168,24.0,70.0,0.14
07:38:58,141.0,131.0,144.04,23.0,140.0,81.0,145.44,32.0,142.52,3.039999999999992,212.0,55.0,3.08984303807339,141.0,144.04,267,157.0,99.0,0.59
07:38:59,141.0,109.0,142.2,30.0,140.0,66.0,257.35,40.0,141.6,1.1999999999999886,175.0,70.0,3.247294258290975,141.0,142.2,245,105.0,-22.0,0.43
07:39:00,141.0,60.0,202.1,50.0,140.0,60.0,333.33,24.0,171.55,61.099999999999994,120.0,74.0,12.379108610878761,141.0,202.1,194,46.0,-51.0,0.24
07:39:01,141.0,56.0,275.95,37.0,140.0,60.0,390.44,32.0,208.47,134.95,116.0,69.0,28.776310222124394,141.0,275.95,185,47.0,-9.0,0.25
07:39:02,147.0,55.0,202.55,44.0,141.02,58.0,416.6,40.0,174.77,55.55000000000001,113.0,84.0,27.578112154386943,147.0,202.55,197,29.0,12.0,0.15
07:39:03,147.0,55.0,314.45,44.0,145.74,91.0,649.96,54.0,230.73,167.45,146.0,98.0,34.67812826552144,147.0,314.45,244,48.0,47.0,0.2
07:39:04,147.0,55.0,256.78,46.0,146.0,187.0,367.29,42.0,201.89,109.77999999999997,242.0,88.0,24.667284406678515,147.0,256.78,330,154.0,86.0,0.47
07:39:05,146.08,182.0,297.1,58.0,145.29,62.0,323.48,62.0,221.59,151.02,244.0,120.0,21.458252491756465,146.08,297.1,364,124.0,34.0,0.34
07:39:06,146.0,195.0,168.28,32.0,142.0,13.0,182.52,44.0,157.14,22.28,208.0,76.0,31.020294647213856,146.0,168.28,284,132.0,-80.0,0.46
07:39:07,146.0,99.0,165.53,30.0,142.0,9.0,166.87,15.0,155.77,19.53,108.0,45.0,35.32381179884132,146.0,165.53,153,63.0,-131.0,0.41
07:39:08,146.0,143.0,162.05,22.0,142.0,19.0,163.14,43.0,154.02,16.05000000000001,162.0,65.0,31.524353601619623,146.0,162.05,227,97.0,74.0,0.43
07:39:09,146.0,154.0,157.38,26.0,142.0,29.0,162.0,44.0,151.69,11.379999999999995,183.0,70.0,30.00353429181202,146.0,157.38,253,113.0,26.0,0.45
07:39:10,145.96,103.0,155.73,15.0,141.86,14.0,156.96,46.0,150.85,9.769999999999982,117.0,61.0,2.654963276568558,145.96,155.73,178,56.0,-75.0,0.31
07:39:11,146.0,35.0,154.86,14.0,142.0,7.0,156.0,7.0,150.43,8.860000000000014,42.0,21.0,2.2722939950469785,146.0,154.85999999999999,63,21.0,-115.0,0.33
07:39:12,146.0,60.0,152.1,31.0,142.0,12.0,152.54,26.0,149.05,6.099999999999994,72.0,57.0,1.8391628530191282,146.0,152.1,129,15.0,66.0,0.12
07:39:13,146.63,41.0,149.91,33.0,145.75,48.0,318.72,43.0,148.27,3.280000000000001,89.0,76.0,1.3822156126757197,146.63,149.91,165,13.0,36.0,0.08
07:39:14,147.0,38.0,150.0,40.0,146.0,50.0,511.0,40.0,148.5,3.0,88.0,80.0,1.158749325749107,147.0,150.0,168,8.0,3.0,0.05
07:39:15,147.04,23.0,264.36,42.0,146.04,57.0,498.95,44.0,205.7,117.32000000000002,80.0,86.0,25.342946750524742,147.04,264.36,166,-6.0,-2.0,-0.04
07:39:16,146.67,12.0,257.6,15.0,145.77,26.0,380.6,15.0,202.13,110.93000000000004,38.0,30.0,30.321229361619572,146.67,257.6,68,8.0,-98.0,0.12
07:39:17,145.09,44.0,257.0,27.0,142.09,22.0,366.78,27.0,201.05,111.91,66.0,54.0,29.941558910650425,145.09,257.0,120,12.0,52.0,0.1
07:39:18,145.0,45.0,244.14,28.0,142.2,30.0,271.22,27.0,194.57,99.13999999999999,75.0,55.0,23.75975483880164,145.0,244.14000000000001,130,20.0,10.0,0.15
07:39:19,145.0,33.0,249.08,37.0,143.0,72.0,316.58,36.0,197.04,104.08000000000001,105.0,73.0,4.368291428003245,145.0,249.08,178,32.0,48.0,0.18
07:39:20,142.42,24.0,184.55,33.0,141.1,40.0,186.35,34.0,163.48,42.130000000000024,64.0,67.0,16.0414908908106,142.42,184.55,131,-3.0,-47.0,-0.02
07:39:21,142.73,11.0,179.03,31.0,141.0,22.0,181.66,29.0,160.88,36.30000000000001,33.0,60.0,19.533930224098594,142.73,179.03,93,-27.0,-38.0,-0.29
07:39:22,145.55,11.0,173.0,33.0,141.88,17.0,175.0,33.0,159.27,27.44999999999999,28.0,66.0,19.027957588767766,145.55,173.0,94,-38.0,1.0,-0.4
07:39:23,143.05,19.0,172.86,21.0,141.5,16.0,174.71,21.0,157.95,29.810000000000002,35.0,42.0,16.51727065831211,143.05,172.86,77,-7.0,-17.0,-0.09
07:39:24,142.52,25.0,170.38,24.0,136.47,15.0,171.5,24.0,156.45,27.859999999999985,40.0,48.0,2.7132323895919104,142.52,170.38,88,-8.0,11.0,-0.09
07:39:25,140.0,20.0,168.8,15.0,36.48,29.0,170.0,15.0,154.4,28.80000000000001,49.0,30.0,2.5025886597539233,140.0,168.8,79,19.0,-9.0,0.24
07:39:26,144.4,75.0,166.73,33.0,52.57,53.0,167.9,30.0,155.56,22.329999999999984,128.0,63.0,1.924585669677488,144.4,166.73,191,65.0,112.0,0.34
07:39:27,146.0,99.0,164.34,29.0,141.0,18.0,165.55,33.0,155.17,18.340000000000003,117.0,62.0,1.360452130700363,146.0,164.33999999999997,179,55.0,-12.0,0.31
07:39:28,146.0,120.0,161.68,34.0,141.59,17.0,162.7,40.0,153.84,15.680000000000007,137.0,74.0,1.0143125750607582,146.0,161.68,211,63.0,32.0,0.3
07:39:29,146.0,96.0,157.95,43.0,143.0,12.0,158.76,38.0,151.98,11.949999999999989,108.0,81.0,1.4042791744968641,146.0,157.95,189,27.0,-22.0,0.14
07:39:30,146.0,30.0,152.95,37.0,143.0,10.0,154.39,33.0,149.47,6.949999999999989,40.0,70.0,2.513032033207036,146.0,152.95,110,-30.0,-79.0,-0.27
07:39:31,145.33,27.0,148.08,48.0,141.74,19.0,150.33,43.0,146.71,2.75,46.0,91.0,3.399195493042891,145.33,148.08,137,-45.0,27.0,-0.33
07:39:32,143.0,9.0,146.62,32.0,141.0,18.0,148.45,31.0,144.81,3.6200000000000045,27.0,63.0,3.697021774336925,143.0,146.62,90,-36.0,-47.0,-0.4
07:39:33,141.26,23.0,144.18,44.0,140.23,26.0,144.95,42.0,142.72,2.920000000000016,49.0,86.0,3.6743938275475263,141.26,144.18,135,-37.0,45.0,-0.27
07:39:34,140.31,26.0,142.39,36.0,134.6,35.0,181.43,47.0,141.35,2.079999999999984,61.0,83.0,3.2195217035947246,140.31,142.39,144,-22.0,9.0,-0.15
07:39:35,141.07,90.0,143.0,46.0,140.62,48.0,296.03,30.0,142.03,1.9300000000000068,138.0,76.0,2.202789141047342,141.07,143.0,214,62.0,70.0,0.29
07:39:36,141.0,63.0,191.54,26.0,140.0,22.0,365.4,30.0,166.27,50.53999999999999,85.0,56.0,10.608019607821234,141.0,191.54,141,29.0,-73.0,0.21
07:39:37,141.09,45.0,265.86,42.0,134.2,41.0,436.42,33.0,203.47,124.77000000000001,86.0,75.0,26.901833023047526,141.09,265.86,161,11.0,20.0,0.07
07:39:38,140.0,16.0,432.29,14.0,126.54,59.0,453.87,15.0,286.14,292.29,75.0,29.0,60.4820785026437,140.0,432.29,104,46.0,-57.0,0.44
07:39:39,141.42,24.0,396.24,21.0,137.6,42.0,475.0,41.0,268.83,254.82000000000002,66.0,62.0,62.80345866271999,141.42,396.24000000000007,128,4.0,24.0,0.03
07:39:40,144.89,9.0,210.21,19.0,143.0,27.0,221.08,13.0,177.55,65.32000000000002,36.0,32.0,54.12948198532834,144.89,210.21,68,4.0,-60.0,0.06
07:39:41,146.0,12.0,176.54,35.0,143.08,36.0,187.88,24.0,161.27,30.539999999999992,48.0,59.0,55.41169389217392,146.0,176.54,107,-11.0,39.0,-0.1
07:39:42,147.92,24.0,156.0,30.0,144.0,30.0,157.0,20.0,151.96,8.080000000000013,54.0,50.0,63.34609893276756,147.92,156.0,104,4.0,-3.0,0.04
07:39:43,147.92,24.0,155.81,26.0,144.35,31.0,232.17,35.0,151.86,7.890000000000015,55.0,61.0,49.49589205176478,147.92,155.81,116,-6.0,12.0,-0.05
07:39:44,146.4,20.0,153.5,34.0,140.44,36.0,155.21,14.0,149.95,7.099999999999994,56.0,48.0,11.516699614035756,146.4,153.5,104,8.0,-12.0,0.08
07:39:45,146.7,71.0,151.3,43.0,142.89,36.0,152.53,17.0,149.0,4.600000000000023,107.0,60.0,4.896230182490022,146.7,151.3,167,47.0,63.0,0.28
07:39:46,147.0,91.0,149.38,26.0,144.0,14.0,149.6,30.0,148.19,2.3799999999999955,105.0,56.0,1.687859591294243,147.0,149.38,161,49.0,-6.0,0.3
07:39:47,146.61,23.0,188.64,11.0,143.4,20.0,277.0,18.0,167.62,42.02999999999997,43.0,29.0,8.10798556979023,146.61,188.64,72,14.0,-89.0,0.19
07:39:48,143.56,9.0,292.73,15.0,141.67,36.0,389.33,12.0,218.14,149.17000000000002,45.0,27.0,29.930421814600894,143.56,292.7300000000001,72,18.0,0.0,0.25
07:39:49,140.5,18.0,178.0,8.0,125.93,30.0,333.86,14.0,159.25,37.5,48.0,22.0,28.910182462238776,140.5,178.0,70,26.0,-2.0,0.37
07:39:50,140.97,104.0,266.67,18.0,138.69,26.0,320.89,27.0,203.82,125.70000000000002,130.0,45.0,30.06650511782086,140.97,266.67,175,85.0,105.0,0.49
07:39:51,141.0,143.0,307.92,24.0,140.0,33.0,483.55,11.0,224.46,166.92000000000002,176.0,35.0,29.61539160639212,141.0,307.92,211,141.0,36.0,0.67
07:39:52,141.97,124.0,191.55,11.0,140.46,56.0,308.47,19.0,166.76,49.58000000000001,180.0,30.0,29.81351505609429,141.97,191.55,210,150.0,-1.0,0.71
07:39:53,141.1,78.0,169.0,8.0,140.55,40.0,398.88,16.0,155.05,27.900000000000006,118.0,24.0,30.63902527822892,141.1,169.0,142,94.0,-68.0,0.66
07:39:54,143.0,38.0,259.42,12.0,141.0,132.0,455.71,14.0,201.21,116.42000000000002,170.0,26.0,28.571883907085255,143.0,259.42,196,144.0,54.0,0.73
07:39:55,143.0,27.0,406.3,10.0,140.97,102.0,440.6,10.0,274.65,263.3,129.0,20.0,47.95787453588793,143.0,406.3,149,109.0,-47.0,0.73
07:39:56,141.0,81.0,257.22,9.0,140.0,27.0,374.56,9.0,199.11,116.22000000000003,108.0,18.0,46.63208423392593,141.0,257.22,126,90.0,-23.0,0.71
07:39:57,144.23,117.0,180.31,16.0,140.72,75.0,227.23,13.0,162.27,36.08000000000001,192.0,29.0,47.45272721351179,144.23,180.31,221,163.0,95.0,0.74
07:39:58,148.0,99.0,188.73,15.0,141.0,99.0,191.82,39.0,168.37,40.72999999999999,198.0,54.0,44.70065458133655,148.0,188.73,252,144.0,31.0,0.57
07:39:59,148.0,126.0,184.53,59.0,141.0,126.0,187.36,22.0,166.26,36.53,252.0,81.0,47.33826380424148,148.0,184.53,333,171.0,81.0,0.51
07:40:00,148.0,80.0,181.0,16.0,141.0,90.0,185.95,42.0,164.5,33.0,170.0,58.0,15.263907428962678,148.0,181.0,228,112.0,-105.0,0.49
07:40:01,148.0,114.0,183.73,41.0,141.8,65.0,184.19,37.0,165.87,35.72999999999999,179.0,78.0,2.2568628668877446,148.0,183.73,257,101.0,29.0,0.39
07:40:02,148.0,99.0,179.0,41.0,146.0,11.0,179.94,33.0,163.5,31.0,110.0,74.0,1.8541440073351816,148.0,179.0,184,36.0,-73.0,0.2
07:40:03,148.0,79.0,176.27,37.0,146.0,11.0,177.12,51.0,162.14,28.27000000000001,90.0,88.0,1.6980518248675358,148.0,176.27,178,2.0,-6.0,0.01
07:40:04,148.0,98.0,170.53,36.0,146.0,14.0,172.65,46.0,159.26,22.53,112.0,82.0,2.5223758641278824,148.0,170.53,194,30.0,16.0,0.15
07:40:05,148.0,82.0,163.0,40.0,146.0,16.0,164.14,50.0,155.5,15.0,98.0,90.0,4.006916520210202,148.0,163.0,188,8.0,-6.0,0.04
07:40:06,145.39,46.0,159.7,10.0,143.43,28.0,161.0,30.0,152.55,14.310000000000002,74.0,40.0,4.560405683700877,145.39,159.7,114,34.0,-74.0,0.3
07:40:07,144.0,62.0,157.68,28.0,143.0,64.0,158.48,62.0,150.84,13.680000000000007,126.0,90.0,4.66606043680633,144.0,157.68,216,36.0,102.0,0.17
07:40:08,145.09,33.0,153.61,23.0,143.46,59.0,155.72,61.0,149.35,8.52000000000001,92.0,84.0,3.9489935426545446,145.09,153.61,176,8.0,-40.0,0.05
07:40:09,148.0,8.0,152.0,8.0,144.0,24.0,154.0,32.0,150.0,4.0,32.0,40.0,2.4648062804053916,148.0,152.0,72,-8.0,-104.0,-0.11
07:40:10,147.08,13.0,150.71,21.0,143.88,34.0,151.85,26.0,148.9,3.6299999999999955,47.0,47.0,1.4407185706878414,147.08,150.71,94,0.0,22.0,0.0
07:40:11,143.55,33.0,150.14,42.0,142.66,29.0,151.36,33.0,146.84,6.589999999999975,62.0,75.0,1.50089306745148,143.55,150.14,137,-13.0,43.0,-0.09
07:40:12,141.29,21.0,148.32,71.0,140.01,178.0,149.66,62.0,144.8,7.030000000000001,199.0,133.0,2.133991565101174,141.29,148.32,332,66.0,169.5,0.2
07:40:13,141.0,7.0,146.0,28.0,140.0,68.0,148.0,21.0,143.5,5.0,75.0,49.0,2.717594524560661,141.0,146.0,124,26.0,-170.5,0.21
07:40:14,141.0,9.0,145.0,21.0,140.0,81.0,145.5,30.0,143.0,4.0,90.0,51.0,2.452207169046103,141.0,145.0,141,39.0,17.0,0.28
07:40:15,142.31,32.0,279.8,20.0,138.86,56.0,259.94,17.0,211.06,137.49,88.0,37.0,29.787880085698106,142.31,279.8,125,51.0,-16.0,0.41
07:40:16,147.93,85.0,352.71,31.0,145.25,55.0,585.78,27.0,250.32,204.77999999999997,140.0,58.0,49.59636962520487,147.93,352.71,198,82.0,73.0,0.41
07:40:17,148.0,121.0,164.21,28.0,147.0,33.0,282.94,32.0,156.11,16.210000000000008,154.0,60.0,47.90204609408607,148.0,164.21,214,94.0,16.0,0.44
07:40:18,148.0,132.0,151.0,24.0,147.0,36.0,302.54,26.0,149.5,3.0,168.0,50.0,46.796495808980694,148.0,151.0,218,118.0,4.0,0.54
07:40:19,148.0,85.0,151.0,20.0,147.0,30.0,319.0,20.0,149.5,3.0,115.0,40.0,45.51503619684322,148.0,151.0,155,75.0,-63.0,0.48
07:40:20,148.0,48.0,151.0,16.0,147.0,24.0,319.0,16.0,149.5,3.0,72.0,32.0,44.44131951236303,148.0,151.0,104,40.0,-51.0,0.38
07:40:21,148.0,44.0,300.32,19.0,147.0,24.0,389.88,17.0,224.16,152.32,68.0,36.0,32.775162547269474,148.0,300.32,104,32.0,0.0,0.31
07:40:25,146.0,48.0,393.31,29.0,145.0,112.0,418.14,43.0,269.66,247.31,160.0,72.0,47.858735148351236,146.0,393.31,232,88.0,80.0,0.38
07:40:26,146.0,27.0,325.41,17.0,145.0,72.0,364.2,10.0,235.71,179.41000000000003,99.0,27.0,43.75282482309036,146.0,325.41,126,72.0,-106.0,0.57
07:40:27,145.22,54.0,320.04,46.0,144.64,50.0,322.18,11.0,232.63,174.82000000000002,104.0,57.0,48.06464417843971,145.22,320.04,161,47.0,35.0,0.29
07:40:28,145.0,71.0,263.83,24.0,144.0,33.0,283.62,42.0,204.42,118.82999999999998,104.0,66.0,39.16612911687848,145.0,263.83,170,38.0,9.0,0.22
07:40:29,145.0,50.0,257.65,26.0,144.0,30.0,257.9,29.0,201.33,112.64999999999998,80.0,55.0,27.753060191625366,145.0,257.65,135,25.0,-35.0,0.19
07:40:30,145.0,35.0,253.14,14.0,144.0,21.0,256.0,7.0,199.07,108.13999999999999,56.0,21.0,17.969516409741498,145.0,253.14000000000001,77,35.0,-58.0,0.45
07:40:31,145.0,55.0,253.0,22.0,144.0,33.0,256.0,11.0,199.0,108.0,88.0,33.0,14.336723823801698,145.0,253.0,121,55.0,44.0,0.45
07:40:32,145.39,41.0,251.82,22.0,144.57,35.0,252.31,32.0,198.6,106.43,76.0,54.0,2.447392489969218,145.39,251.82,130,22.0,9.0,0.17
07:40:33,147.0,36.0,248.48,21.0,145.31,51.0,251.73,33.0,197.74,101.47999999999999,87.0,54.0,1.3296503299577185,147.0,248.48,141,33.0,11.0,0.23
07:40:34,146.13,60.0,245.97,31.0,145.13,63.0,246.95,42.0,196.05,99.84,123.0,73.0,1.258240835434849,146.13,245.97,196,50.0,55.0,0.26
07:40:35,146.5,32.0,242.04,25.0,145.18,40.0,242.75,16.0,194.27,95.53999999999999,72.0,41.0,1.9606044986062368,146.5,242.04,113,31.0,-83.0,0.27
07:40:36,148.0,20.0,237.93,15.0,146.0,40.0,239.2,15.0,192.97,89.93,60.0,30.0,2.341821940275158,148.0,237.93,90,30.0,-23.0,0.33
07:40:37,148.0,13.0,233.98,41.0,146.0,36.0,234.62,13.0,190.99,85.97999999999999,49.0,54.0,2.625258082542166,148.0,233.98000000000002,103,-5.0,13.0,-0.05
07:40:38,148.0,7.0,233.0,7.0,146.0,28.0,234.0,35.0,190.5,85.0,35.0,42.0,2.301994787125276,148.0,233.0,77,-7.0,-26.0,-0.09
07:40:39,146.22,18.0,230.3,20.0,145.33,24.0,233.05,40.0,188.26,84.08000000000001,42.0,60.0,2.3205322665179438,146.22,230.3,102,-18.0,25.0,-0.18
07:40:40,145.0,7.0,227.35,26.0,144.0,21.0,228.73,15.0,186.17,82.35,28.0,41.0,2.622073606890135,145.0,227.34999999999997,69,-13.0,-33.0,-0.19
07:40:41,145.0,10.0,223.0,27.0,144.0,30.0,224.43,23.0,184.0,78.0,40.0,50.0,2.941314332054412,145.0,223.0,90,-10.0,21.0,-0.11
07:40:42,147.06,70.0,217.12,52.0,146.33,72.0,218.4,35.0,182.09,70.06,142.0,87.0,3.334161063888117,147.06,217.12,229,55.0,139.0,0.24
07:40:43,147.02,106.0,211.51,47.0,145.82,22.0,212.43,49.0,179.26,64.48999999999998,128.0,96.0,3.49866117249815,147.02,211.51,224,32.0,-5.0,0.14
07:40:44,147.0,64.0,207.82,28.0,145.0,8.0,209.54,37.0,177.41,60.81999999999999,72.0,65.0,3.526461399185402,147.0,207.82,137,7.0,-87.0,0.05
07:40:45,147.0,79.0,202.03,33.0,145.0,10.0,202.44,39.0,174.52,55.03,89.0,72.0,3.747483155391504,147.0,202.03,161,17.0,24.0,0.11
07:40:46,147.0,98.0,197.76,25.0,144.57,49.0,199.4,55.0,172.38,50.75999999999999,147.0,80.0,3.8272535844834574,147.0,197.76,227,67.0,66.0,0.3
07:40:47,146.62,53.0,193.11,61.0,144.98,133.0,193.59,49.0,169.87,46.49000000000001,186.0,110.0,3.770964067707315,146.62,193.11,296,76.0,69.0,0.26
07:40:48,147.0,11.0,187.59,34.0,145.0,110.0,190.0,30.0,167.29,40.59,121.0,64.0,3.938645706323169,147.0,187.59,185,57.0,-111.0,0.31
07:40:49,147.0,10.0,183.29,34.0,145.0,88.0,184.73,30.0,165.15,36.28999999999999,98.0,64.0,3.7700623336937107,147.0,183.29,162,34.0,-23.0,0.21
07:40:50,147.0,8.0,180.29,34.0,145.0,64.0,183.16,38.0,163.65,33.28999999999999,72.0,72.0,3.5241764995434566,147.0,180.29,144,0.0,-18.0,0.0
07:40:51,145.38,45.0,176.12,49.0,144.82,50.0,177.32,44.0,160.75,30.74000000000001,95.0,93.0,3.47432295561777,145.38,176.12000000000003,188,2.0,44.0,0.01
07:40:52,145.0,46.0,169.38,47.0,144.0,51.0,171.67,67.0,157.19,24.379999999999995,97.0,114.0,3.9395278904877324,145.0,169.38,211,-17.0,23.0,-0.08
07:40:53,145.0,24.0,161.91,23.0,144.0,36.0,163.46,41.0,153.46,16.909999999999997,60.0,64.0,4.7714568005933655,145.0,161.91,124,-4.0,-87.0,-0.03
07:40:54,144.37,38.0,156.45,55.0,143.17,125.0,157.52,56.0,150.41,12.079999999999984,163.0,111.0,5.344120133373369,144.37,156.45,274,52.0,150.0,0.19
07:40:55,144.0,22.0,152.73,26.0,143.0,143.0,154.84,25.0,148.37,8.72999999999999,165.0,51.0,5.015194911459018,144.0,152.73,216,114.0,-58.0,0.53
07:40:56,143.13,60.0,150.35,46.0,142.59,98.0,151.14,28.0,146.74,7.219999999999999,158.0,74.0,4.168528517345471,143.13,150.35,232,84.0,16.0,0.36
07:40:57,144.0,16.0,149.57,67.0,143.0,168.0,150.64,56.0,146.78,5.569999999999993,184.0,123.0,2.837123543295396,144.0,149.57,307,61.0,75.0,0.2
07:40:58,143.08,88.0,145.42,31.0,142.15,110.0,146.82,22.0,144.25,2.339999999999975,198.0,53.0,2.2750274723439543,143.08,145.42,251,145.0,-56.0,0.58
07:40:59,143.13,152.0,148.9,50.0,141.55,83.0,195.44,34.0,146.02,5.77000000000001,235.0,84.0,1.4918679565963988,143.13,148.9,319,151.0,68.0,0.47
07:41:00,143.45,66.0,162.55,47.0,142.57,94.0,493.46,13.0,153.0,19.100000000000023,160.0,60.0,3.3165524268311763,143.45,162.55,220,100.0,-99.0,0.45
07:41:02,142.0,25.0,363.21,29.0,141.0,40.0,403.6,20.0,252.6,221.20999999999998,65.0,49.0,71.14315462502317,142.0,363.21,114,16.0,-151.0,0.14
07:41:03,146.0,84.0,178.9,39.0,142.0,24.0,209.52,44.0,162.45,32.900000000000006,108.0,83.0,68.07825974567768,146.0,178.9,191,25.0,77.0,0.13
07:41:04,146.0,70.0,158.0,40.0,142.0,20.0,159.0,40.0,152.0,12.0,90.0,80.0,66.88977448010989,146.0,158.0,170,10.0,-21.0,0.06
07:41:05,146.0,63.0,157.11,36.0,142.18,17.0,159.0,36.0,151.56,11.110000000000014,80.0,72.0,67.1627945368562,146.0,157.11,152,8.0,-18.0,0.05
07:41:06,147.6,35.0,155.39,72.0,145.99,120.0,165.79,63.0,151.49,7.789999999999992,155.0,135.0,44.17469354732344,147.6,155.39,290,20.0,138.0,0.07
07:41:07,148.0,13.0,151.77,52.0,146.0,91.0,221.91,22.0,149.88,3.7700000000000102,104.0,74.0,5.08079029285069,148.0,151.77,178,30.0,-112.0,0.17
07:41:08,146.21,47.0,148.78,41.0,145.71,41.0,182.15,39.0,147.5,2.569999999999993,88.0,80.0,1.853181048878853,146.21,148.78,168,8.0,-10.0,0.05
07:41:09,145.43,56.0,285.09,33.0,142.86,22.0,374.69,45.0,215.26,139.65999999999997,78.0,78.0,29.18368756685716,145.43,285.09,156,0.0,-12.0,0.0
07:41:10,143.47,15.0,379.64,28.0,142.64,22.0,600.88,17.0,261.55,236.17,37.0,45.0,51.32753189078888,143.47,379.64,82,-8.0,-74.0,-0.1
07:41:11,144.0,3.0,420.0,6.0,143.0,6.0,421.0,3.0,282.0,276.0,9.0,9.0,62.012239275807225,144.0,420.0,18,0.0,-64.0,0.0
07:41:12,144.92,13.0,407.52,23.0,143.0,26.0,445.79,19.0,276.22,262.6,39.0,42.0,56.23070406815111,144.92,407.52,81,-3.0,63.0,-0.04
07:41:13,145.9,20.0,321.04,27.0,144.2,10.0,390.07,14.0,233.47,175.14000000000001,30.0,41.0,28.5330921913486,145.9,321.04,71,-11.0,-10.0,-0.15
07:41:14,146.73,45.0,189.4,20.0,142.54,13.0,255.14,14.0,168.07,42.670000000000016,58.0,34.0,46.54576640254183,146.73,189.4,92,24.0,21.0,0.26
07:41:15,147.0,42.0,188.14,14.0,143.0,7.0,322.0,11.0,167.57,41.139999999999986,49.0,25.0,55.862271078071814,147.0,188.14000000000001,74,24.0,-18.0,0.32
07:41:16,147.16,25.0,188.0,12.0,145.4,10.0,342.0,6.0,167.58,40.84,35.0,18.0,50.04668290706151,147.16,188.0,53,17.0,-21.0,0.32
07:41:17,148.0,28.0,172.87,23.0,147.0,42.0,196.19,32.0,160.43,24.870000000000005,70.0,55.0,30.378664881787408,148.0,172.87,125,15.0,72.0,0.12
07:41:18,145.12,16.0,162.12,17.0,142.19,94.0,163.26,19.0,153.62,17.0,110.0,36.0,6.3467495617781795,145.12,162.12,146,74.0,21.0,0.51
07:41:19,143.0,12.0,147.13,46.0,142.0,132.0,157.15,26.0,145.07,4.1299999999999955,144.0,72.0,9.643507142110076,143.0,147.13,216,72.0,70.0,0.33
07:41:20,142.08,72.0,144.14,14.0,141.69,96.0,252.26,38.0,143.11,2.059999999999974,168.0,52.0,10.298488724076185,142.08,144.14,220,116.0,4.0,0.53
07:41:21,142.0,74.0,261.43,21.0,141.0,35.0,394.43,14.0,201.71,119.43,109.0,35.0,23.90442260335793,142.0,261.43,144,74.0,-76.0,0.51
07:41:22,142.0,80.0,190.74,27.0,141.0,50.0,214.27,26.0,166.37,48.74000000000001,130.0,53.0,24.029458587324235,142.0,190.74,183,77.0,39.0,0.42
07:41:23,142.31,70.0,158.08,13.0,141.17,48.0,170.0,12.0,150.2,15.77000000000001,118.0,25.0,24.372995712466903,142.31,158.07999999999998,143,93.0,-40.0,0.65
07:41:24,143.0,85.0,148.35,20.0,141.0,50.0,151.46,13.0,145.68,5.349999999999994,135.0,33.0,24.27281668863196,143.0,148.35,168,102.0,25.0,0.61
07:41:25,142.23,13.0,144.67,6.0,140.77,26.0,190.92,12.0,143.45,2.4399999999999977,39.0,18.0,24.209111301324764,142.23,144.67,57,21.0,-111.0,0.37
07:41:26,141.65,37.0,270.48,21.0,140.6,30.0,290.88,33.0,206.06,128.83,67.0,54.0,26.0261689458885,141.65,270.48,121,13.0,64.0,0.11
07:41:27,142.67,36.0,329.38,42.0,141.0,27.0,598.33,12.0,236.02,186.71,63.0,54.0,42.278987925445186,142.67,329.38,117,9.0,-4.0,0.08
07:41:29,144.0,28.0,288.32,38.0,141.0,27.0,408.26,31.0,216.16,144.32,55.0,69.0,57.92940557264478,144.0,288.32,124,-14.0,-2.0,-0.11
07:41:30,146.62,32.0,310.24,41.0,143.1,20.0,348.0,40.0,228.43,163.62,52.0,81.0,38.68731794787508,146.62,310.24,133,-29.0,9.0,-0.22
07:41:31,147.22,51.0,291.69,35.0,144.5,24.0,419.14,43.0,219.45,144.47,75.0,78.0,36.29660108054167,147.22,291.69,153,-3.0,20.0,-0.02
07:41:32,148.0,88.0,182.0,16.0,147.0,32.0,407.14,35.0,165.0,34.0,120.0,51.0,49.984345849475424,148.0,182.0,171,69.0,18.0,0.4
07:41:33,148.0,88.0,310.5,30.0,147.0,32.0,361.07,28.0,229.25,162.5,120.0,58.0,26.686750832575356,148.0,310.5,178,62.0,7.0,0.35
07:41:34,148.0,139.0,201.6,30.0,147.0,44.0,253.22,36.0,174.8,53.599999999999994,183.0,66.0,31.00340674829068,148.0,201.6,249,117.0,71.0,0.47
07:41:35,148.0,154.0,180.55,22.0,147.0,44.0,250.8,30.0,164.27,32.55000000000001,198.0,52.0,31.322529112444723,148.0,180.55,250,146.0,1.0,0.58
07:41:36,148.0,98.0,151.0,14.0,147.0,28.0,180.0,14.0,149.5,3.0,126.0,28.0,30.806877965803956,148.0,151.0,154,98.0,-96.0,0.64
07:41:37,148.0,157.0,172.69,26.0,147.0,52.0,280.25,40.0,160.35,24.689999999999998,209.0,66.0,31.3093361475445,148.0,172.69,275,143.0,121.0,0.52
07:41:38,148.0,107.0,176.85,27.0,147.0,44.0,210.93,30.0,162.43,28.849999999999994,151.0,57.0,9.052427851130695,148.0,176.85,208,94.0,-67.0,0.45
07:41:39,148.0,90.0,153.63,38.0,147.0,40.0,162.25,32.0,150.82,5.6299999999999955,130.0,70.0,6.835190560615191,148.0,153.63,200,60.0,-8.0,0.3
07:41:40,148.0,51.0,151.71,14.0,147.0,28.0,154.0,35.0,149.86,3.710000000000008,79.0,49.0,6.2677164900720275,148.0,151.71,128,30.0,-72.0,0.23
07:41:41,148.0,52.0,151.86,36.0,147.0,48.0,159.31,52.0,149.93,3.8600000000000136,100.0,88.0,6.182755858023252,148.0,151.86,188,12.0,60.0,0.06
07:41:42,148.0,33.0,175.64,33.0,147.0,44.0,430.0,34.0,161.82,27.639999999999986,77.0,67.0,6.544277653027957,148.0,175.64,144,10.0,-44.0,0.07
07:41:43,148.0,30.0,173.8,30.0,147.0,40.0,719.17,41.0,160.9,25.80000000000001,70.0,71.0,6.1310994120076705,148.0,173.8,141,-1.0,-3.0,-0.01
07:41:44,146.82,44.0,172.23,39.0,146.09,119.0,361.85,41.0,159.52,25.409999999999997,163.0,80.0,5.999856664948104,146.82,172.23,243,83.0,102.0,0.34
07:41:45,148.0,16.0,170.62,39.0,146.23,43.0,272.0,65.0,159.31,22.620000000000005,59.0,104.0,4.788416230855843,148.0,170.62,163,-45.0,-80.0,-0.28
07:41:46,148.0,24.0,323.57,58.0,145.94,62.0,514.71,42.0,235.78,175.57,86.0,100.0,33.732223170137125,148.0,323.57000000000005,186,-14.0,23.0,-0.08
07:41:47,145.12,16.0,214.55,55.0,142.76,21.0,599.18,55.0,179.84,69.43,37.0,110.0,32.86117009480853,145.12,214.55,147,-73.0,-39.0,-0.5
07:41:48,143.0,33.0,158.29,49.0,141.0,66.0,355.45,55.0,150.64,15.289999999999992,99.0,104.0,34.55607211475195,143.0,158.29,203,-5.0,56.0,-0.02
07:41:49,143.0,12.0,154.0,8.0,141.0,24.0,277.5,20.0,148.5,11.0,36.0,28.0,36.26050440906656,143.0,154.0,64,8.0,-139.0,0.12
07:41:50,141.57,21.0,153.0,10.0,133.94,35.0,400.0,25.0,147.29,11.430000000000007,56.0,35.0,37.906454595489855,141.57,153.0,91,21.0,27.0,0.23
07:41:51,145.98,93.0,150.83,24.0,133.58,62.0,440.49,49.0,148.41,4.850000000000023,155.0,73.0,13.974413404501878,145.98,150.83,228,82.0,137.0,0.36
07:41:52,148.0,122.0,149.36,42.0,144.79,56.0,151.0,28.0,148.68,1.3600000000000136,178.0,70.0,1.2120354779944618,148.0,149.36,248,108.0,20.0,0.44
07:41:53,148.0,78.0,149.0,36.0,145.0,48.0,151.0,24.0,148.5,1.0,126.0,60.0,0.5598481936355458,148.0,149.0,186,66.0,-62.0,0.35
07:41:54,148.0,50.0,149.0,30.0,145.0,40.0,151.0,20.0,148.5,1.0,90.0,50.0,0.5598481936355458,148.0,149.0,140,40.0,-46.0,0.29
07:41:55,147.36,22.0,151.0,24.0,144.62,58.0,402.64,44.0,149.18,3.6399999999999864,80.0,68.0,0.30996774012344275,147.36,151.0,148,12.0,8.0,0.08
07:41:56,147.0,10.0,150.2,20.0,145.0,20.0,348.0,50.0,148.6,3.1999999999999886,30.0,70.0,0.28305476487291,147.0,150.2,100,-40.0,-48.0,-0.4
07:41:57,147.0,10.0,150.0,20.0,145.0,20.0,476.0,50.0,148.5,3.0,30.0,70.0,0.29610808823339435,147.0,150.0,100,-40.0,0.0,-0.4
07:41:58,145.6,10.0,150.0,20.0,144.07,83.0,474.76,42.0,147.8,4.400000000000006,93.0,62.0,0.49018363897333345,145.6,150.0,155,31.0,55.0,0.2
07:41:59,145.0,8.0,149.38,16.0,144.0,88.0,293.25,16.0,147.19,4.3799999999999955,96.0,32.0,0.7707009795744179,145.0,149.38,128,64.0,-27.0,0.5
07:42:00,144.38,26.0,149.0,24.0,143.92,120.0,263.5,20.0,146.69,4.6200000000000045,146.0,44.0,0.8253060038050356,144.38,149.0,190,102.0,62.0,0.54
07:42:01,144.0,48.0,149.0,12.0,143.0,30.0,393.67,30.0,146.5,5.0,78.0,42.0,0.8227575584073142,144.0,149.0,120,36.0,-70.0,0.3
07:42:02,144.0,71.0,147.3,20.0,143.0,50.0,212.92,26.0,145.65,3.3000000000000114,121.0,46.0,0.801704434262394,144.0,147.3,167,75.0,47.0,0.45
07:42:03,144.0,35.0,145.38,26.0,143.0,55.0,152.0,31.0,144.69,1.3799999999999955,90.0,57.0,0.9845201876627782,144.0,145.38,147,33.0,-20.0,0.22
07:42:04,143.14,29.0,154.38,29.0,141.57,70.0,179.79,29.0,148.76,11.240000000000009,99.0,58.0,1.5110823934900985,143.14,154.38,157,41.0,10.0,0.26
07:42:05,143.0,40.0,156.12,8.0,141.0,80.0,316.0,8.0,149.56,13.120000000000005,120.0,16.0,2.064865613040276,143.0,156.12,136,104.0,-21.0,0.76
07:42:06,143.0,35.0,154.73,15.0,141.0,110.0,390.0,27.0,148.87,11.72999999999999,145.0,42.0,2.18096996767873,143.0,154.73,187,103.0,51.0,0.55
07:42:07,146.56,108.0,153.97,40.0,141.31,95.0,154.81,16.0,150.27,7.409999999999997,203.0,56.0,2.176729197653512,146.56,153.97,259,147.0,72.0,0.57
07:42:08,148.0,246.0,152.0,36.0,147.0,24.0,153.0,12.0,150.0,4.0,270.0,48.0,0.6690814598523267,148.0,152.0,318,222.0,59.0,0.7
07:42:09,148.0,228.0,151.42,36.0,147.0,24.0,232.89,36.0,149.71,3.4199999999999875,252.0,72.0,0.529594184180932,148.0,151.42,324,180.0,6.0,0.56
07:42:10,148.0,150.0,149.38,24.0,147.0,16.0,260.5,16.0,148.69,1.3799999999999955,166.0,40.0,0.6963619747790215,148.0,149.38,206,126.0,-118.0,0.61
07:42:11,148.0,142.0,221.15,26.0,147.0,22.0,293.9,42.0,184.58,73.15,164.0,68.0,15.624795998665832,148.0,221.15000000000003,232,96.0,26.0,0.41
07:42:12,148.0,126.0,245.27,55.0,147.0,22.0,377.21,19.0,196.64,97.27000000000001,148.0,74.0,22.940124890678575,148.0,245.27,222,74.0,-10.0,0.33
07:42:13,148.0,128.0,218.82,28.0,147.0,16.0,320.25,20.0,183.41,70.82,144.0,48.0,21.9882816518239,148.0,218.82,192,96.0,-30.0,0.5
07:42:14,148.0,160.0,324.0,50.0,147.0,20.0,344.39,23.0,236.0,176.0,180.0,73.0,31.38199212924425,148.0,324.0,253,107.0,61.0,0.42
07:42:15,148.0,128.0,323.62,40.0,147.0,16.0,332.09,32.0,235.81,175.62,144.0,72.0,26.632102245222022,148.0,323.62,216,72.0,-37.0,0.33
07:42:16,148.0,160.0,244.96,49.0,147.0,20.0,256.27,41.0,196.48,96.96000000000001,180.0,90.0,24.545432772716836,148.0,244.96,270,90.0,54.0,0.33
07:42:17,148.0,208.0,241.16,49.0,147.0,26.0,252.53,45.0,194.58,93.16,234.0,94.0,24.8343679202826,148.0,241.16,328,140.0,58.0,0.43
07:42:18,148.0,146.0,240.68,68.0,147.0,28.0,293.45,55.0,194.34,92.68,174.0,123.0,22.347044994807764,148.0,240.68,297,51.0,-31.0,0.17
07:42:19,148.0,96.0,238.16,76.0,147.0,24.0,270.0,42.0,193.08,90.16,120.0,118.0,18.46079684087221,148.0,238.16,238,2.0,-59.0,0.01
07:42:20,148.0,59.0,228.44,45.0,147.0,18.0,321.26,38.0,188.22,80.44,77.0,83.0,3.109630203087081,148.0,228.44,160,-6.0,-78.0,-0.04
07:42:21,148.0,50.0,169.3,50.0,147.0,20.0,244.46,48.0,158.65,21.30000000000001,70.0,98.0,15.37850707968581,148.0,169.3,168,-28.0,8.0,-0.17
07:42:22,148.0,65.0,152.77,65.0,147.0,26.0,175.4,40.0,150.38,4.77000000000001,91.0,105.0,20.79937210590601,148.0,152.77,196,-14.0,28.0,-0.07
07:42:23,148.0,60.0,150.67,60.0,147.0,24.0,213.14,28.0,149.33,2.6699999999999875,84.0,88.0,21.12041358496407,148.0,150.67,172,-4.0,-24.0,-0.02
07:42:24,147.75,40.0,186.62,40.0,145.89,27.0,337.0,30.0,167.19,38.870000000000005,67.0,70.0,15.95585879857086,147.75,186.62,137,-3.0,-35.0,-0.02
07:42:25,145.91,103.0,212.11,37.0,144.23,84.0,375.0,33.0,179.01,66.20000000000002,187.0,70.0,12.421083688629176,145.91,212.11,257,117.0,120.0,0.46
07:42:26,146.0,121.0,180.0,33.0,145.0,22.0,430.29,28.0,163.0,34.0,143.0,61.0,12.375296764115612,146.0,180.0,204,82.0,-53.0,0.4
07:42:27,146.0,107.0,178.54,28.0,145.0,20.0,351.55,33.0,162.27,32.53999999999999,127.0,61.0,10.660089117823158,146.0,178.54,188,66.0,-16.0,0.35
07:42:28,146.09,81.0,175.27,11.0,145.23,26.0,260.54,35.0,160.68,29.180000000000007,107.0,46.0,7.432479397881512,146.09,175.27,153,61.0,-35.0,0.4
07:42:29,147.0,57.0,173.27,11.0,146.0,66.0,213.36,33.0,160.14,26.27000000000001,123.0,44.0,7.905899695792527,147.0,173.27,167,79.0,14.0,0.47
07:42:30,147.0,21.0,173.0,7.0,146.0,42.0,196.0,21.0,160.0,26.0,63.0,28.0,1.343249790593832,147.0,173.0,91,35.0,-76.0,0.38
07:42:31,147.0,36.0,172.33,12.0,146.0,72.0,218.05,40.0,159.67,25.330000000000013,108.0,52.0,1.0271660040762844,147.0,172.33,160,56.0,69.0,0.35
07:42:32,147.71,31.0,171.0,14.0,146.65,51.0,223.79,47.0,159.35,23.289999999999992,82.0,61.0,0.5020657326782362,147.71,171.0,143,21.0,-17.0,0.15
07:42:33,148.0,22.0,169.32,19.0,147.0,33.0,216.23,26.0,158.66,21.319999999999993,55.0,45.0,0.5907876098307425,148.0,169.32,100,10.0,-43.0,0.1
07:42:34,148.0,129.0,166.88,24.0,147.0,36.0,167.75,24.0,157.44,18.879999999999995,165.0,48.0,1.014608298768167,148.0,166.88,213,117.0,113.0,0.55
07:42:35,148.0,207.0,166.0,9.0,147.0,27.0,167.0,27.0,157.0,18.0,234.0,36.0,1.168516153045775,148.0,166.0,270,198.0,57.0,0.73
07:42:36,148.0,345.0,164.56,25.0,147.0,45.0,166.3,23.0,156.28,16.560000000000002,390.0,48.0,1.2457447571346765,148.0,164.56,438,342.0,168.0,0.78
