Time,Bid1_Price,Bid1_Volume,Ask1_Price,Ask1_Volume,Bid2_Price,Bid2_Volume,Ask2_Price,Ask2_Volume,Mid-Price,Bid_Ask_Spread,Market_Depth_Bid,Market_Depth_Ask,Historical_Volatility,Weighted_Avg_Bid_Price,Weighted_Avg_Ask_Price,Total_volume,Cumulative_Volume_Difference,Total_Volume_Change_Corrected,Order_imbalance
07:30:07,196.0,12.0,204.0,36.0,0.0,0.0,205.0,24.0,200.0,8.0,12.0,60.0,43.82693235899588,196.0,204.0,72,-48.0,62.0,-0.67
07:30:08,196.0,16.0,204.0,24.0,190.5,8.0,205.0,16.0,200.0,8.0,24.0,40.0,53.676810635506286,196.0,204.0,64,-16.0,-8.0,-0.25
07:30:09,196.0,12.0,204.0,18.0,179.0,9.0,205.0,12.0,200.0,8.0,21.0,30.0,53.676810635506286,196.0,204.0,51,-9.0,-13.0,-0.18
07:30:10,196.0,32.0,203.69,39.0,179.0,24.0,204.69,29.0,199.85,7.689999999999998,56.0,68.0,43.81020999721412,196.0,203.69,124,-12.0,73.0,-0.1
07:30:11,196.0,32.0,203.0,32.0,179.0,52.0,204.0,24.0,199.5,7.0,84.0,56.0,0.21679483388693727,196.0,203.0,140,28.0,16.0,0.2
07:30:12,196.0,24.0,203.0,24.0,179.0,42.0,204.0,18.0,199.5,7.0,66.0,42.0,0.2539685019841365,196.0,203.0,108,24.0,-32.0,0.22
07:30:13,196.82,88.0,203.0,46.0,188.07,60.0,204.0,36.0,199.91,6.180000000000007,148.0,82.0,0.23615672761974493,196.82,203.0,230,66.0,122.0,0.29
07:30:14,199.34,129.0,202.43,21.0,197.49,143.0,204.0,51.0,200.88,3.0900000000000034,272.0,72.0,0.5654820952073248,199.34,202.42999999999998,344,200.0,114.0,0.58
07:30:15,202.37,59.0,204.98,42.0,200.95,110.0,207.37,57.0,203.67,2.609999999999985,169.0,99.0,1.7576319296144092,202.37,204.98,268,70.0,-76.0,0.26
07:30:16,204.81,16.0,207.93,54.0,201.36,70.0,208.93,56.0,206.37,3.1200000000000045,86.0,110.0,2.904157364882308,204.81,207.93000000000004,196,-24.0,-72.0,-0.12
07:30:17,206.0,9.0,208.0,36.0,204.78,9.0,209.0,36.0,207.0,2.0,18.0,72.0,3.172007250937524,206.0,208.0,90,-54.0,-106.0,-0.6
07:30:18,206.56,9.0,208.0,36.0,201.61,41.0,209.0,36.0,207.28,1.4399999999999977,50.0,72.0,2.729954212070293,206.56,208.0,122,-22.0,32.0,-0.18
07:30:19,212.78,76.0,218.19,53.0,205.41,22.0,224.43,35.0,215.48,5.409999999999997,98.0,88.0,4.440343455184584,212.78,218.19,186,10.0,64.0,0.05
07:30:20,215.0,110.0,220.0,50.0,213.0,10.0,229.0,30.0,217.5,5.0,120.0,80.0,5.32025187373689,215.0,220.0,200,40.0,14.0,0.2
07:30:21,215.0,81.0,220.0,45.0,212.01,73.0,229.0,27.0,217.5,5.0,154.0,72.0,5.370225321157502,215.0,220.0,226,82.0,26.0,0.36
07:30:22,215.0,54.0,220.0,30.0,212.22,46.0,229.0,18.0,217.5,5.0,100.0,48.0,4.431852885645174,215.0,220.0,148,52.0,-78.0,0.35
07:30:23,215.0,144.0,218.25,16.0,213.0,80.0,220.0,80.0,216.62,3.25,224.0,96.0,0.8906177631294151,215.0,218.25,320,128.0,165.5,0.4
07:30:24,215.0,144.0,217.0,16.0,213.0,80.0,219.12,80.0,216.0,2.0,224.0,96.0,0.6876627080201754,215.0,217.0,320,128.0,0.0,0.4
07:30:25,215.0,86.0,218.31,26.0,213.0,50.0,221.57,42.0,216.65,3.3100000000000023,136.0,68.0,0.6442670253874656,215.0,218.31,204,68.0,-116.0,0.33
07:30:26,215.0,74.0,219.58,60.0,213.0,60.0,226.0,36.0,217.29,4.5800000000000125,134.0,96.0,0.5967160128583812,215.0,219.58,230,38.0,26.0,0.17
07:30:27,215.0,60.0,219.29,31.0,213.0,50.0,221.08,38.0,217.15,4.289999999999992,110.0,69.0,0.5100686228357816,215.0,219.29,179,41.0,-51.0,0.23
07:30:28,215.0,48.0,218.0,24.0,213.0,40.0,219.0,16.0,216.5,3.0,88.0,40.0,0.519971153047539,215.0,218.0,128,48.0,-51.0,0.38
07:30:29,214.69,26.0,217.36,25.0,212.37,71.0,219.15,39.0,216.03,2.670000000000016,97.0,64.0,0.5096861779581509,214.69,217.36,161,33.0,33.0,0.2
07:30:32,213.67,12.0,222.0,50.0,212.02,92.0,223.54,41.0,217.83,8.330000000000013,104.0,91.0,0.7671179831040611,213.67,222.0,195,13.0,95.0,0.07
07:30:33,213.0,12.0,214.0,24.0,212.0,108.0,222.0,24.0,213.5,1.0,120.0,48.0,1.801796325893005,213.0,214.0,168,72.0,-27.0,0.43
07:30:34,212.0,109.0,216.08,26.0,211.0,72.0,223.17,36.0,214.04,4.0800000000000125,181.0,62.0,2.116194698037367,212.0,216.07999999999998,243,119.0,75.0,0.49
07:30:35,212.0,40.0,223.0,12.0,211.0,24.0,224.0,12.0,217.5,11.0,64.0,24.0,2.116194698037367,212.0,223.0,88,40.0,-155.0,0.45
07:30:36,212.0,110.0,221.12,59.0,211.0,78.0,222.53,17.0,216.56,9.120000000000005,188.0,76.0,1.9961913735915777,212.0,221.12,264,112.0,165.5,0.42
07:30:37,213.39,28.0,220.25,80.0,211.78,83.0,221.17,36.0,216.82,6.860000000000014,111.0,116.0,1.7908322087793092,213.39000000000001,220.25,227,-5.0,-37.0,-0.02
07:30:38,212.6,35.0,218.95,58.0,211.63,70.0,219.95,38.0,215.77,6.349999999999994,105.0,96.0,1.3262051123417682,212.6,218.95,201,9.0,-26.0,0.04
07:30:39,211.33,27.0,215.29,24.0,210.95,57.0,217.56,48.0,213.31,3.9599999999999795,84.0,72.0,1.6220881603665758,211.33000000000004,215.29,156,12.0,-45.0,0.08
07:30:40,211.09,46.0,213.2,25.0,210.77,31.0,218.39,23.0,212.14,2.109999999999985,77.0,48.0,2.082222370449741,211.08999999999997,213.2,125,29.0,-31.0,0.23
07:30:41,211.0,78.0,218.22,23.0,210.0,13.0,219.22,23.0,214.61,7.219999999999999,91.0,46.0,1.8700668437254568,211.0,218.22000000000003,137,45.0,12.0,0.33
07:30:42,212.1,30.0,221.0,21.0,211.08,39.0,222.0,21.0,216.55,8.900000000000006,69.0,42.0,1.7895753686283535,212.1,221.0,111,27.0,-26.0,0.24
07:30:43,213.0,33.0,221.0,33.0,212.0,33.0,222.0,33.0,217.0,8.0,66.0,66.0,2.0738780099131557,213.0,221.0,132,0.0,21.0,0.0
07:30:44,213.0,33.0,221.0,57.0,212.0,33.0,222.0,33.0,217.0,8.0,66.0,90.0,2.102153657562048,213.0,221.0,156,-24.0,24.0,-0.15
07:30:45,213.0,17.0,221.0,56.0,212.0,24.0,222.0,24.0,217.0,8.0,41.0,80.0,1.0370004821607623,213.0,221.0,121,-39.0,-35.0,-0.32
07:30:46,211.26,46.0,220.05,38.0,211.29,14.0,221.12,48.0,215.66,8.79000000000002,60.0,86.0,0.5825118024569989,211.26,220.04999999999998,146,-26.0,25.0,-0.18
07:30:47,213.5,128.0,218.67,48.0,210.8,40.0,221.0,57.0,216.08,5.1699999999999875,168.0,105.0,0.6364903769906328,213.5,218.67,273,63.0,127.0,0.23
07:30:48,216.0,166.0,220.08,53.0,211.0,88.0,221.46,35.0,218.04,4.0800000000000125,254.0,88.0,0.9254620467645972,216.0,220.07999999999998,342,166.0,69.0,0.49
07:30:55,216.0,24.0,221.0,30.0,212.0,30.0,222.0,24.0,218.5,5.0,54.0,54.0,0.6329138961992896,216.0,221.0,108,0.0,-18.0,0.0
07:30:56,216.0,32.0,221.0,40.0,212.0,40.0,222.0,32.0,218.5,5.0,72.0,72.0,0.25215074856565,216.0,221.0,144,0.0,36.0,0.0
07:30:57,216.0,31.0,221.0,40.0,212.0,50.0,222.0,40.0,218.5,5.0,81.0,80.0,0.2512369399634324,216.0,221.0,161,1.0,17.0,0.01
07:30:58,216.0,33.0,220.18,44.0,214.18,91.0,221.2,41.0,218.09,4.180000000000007,124.0,85.0,0.2899137802901652,216.0,220.18,209,39.0,48.0,0.19
07:30:59,216.0,21.0,220.0,28.0,215.0,77.0,221.0,21.0,218.0,4.0,98.0,49.0,0.2512369399632265,216.0,220.0,147,49.0,-62.0,0.33
07:31:00,216.0,34.0,219.83,48.0,215.0,132.0,221.06,32.0,217.92,3.8300000000000125,166.0,80.0,0.27860366114259216,216.0,219.83,246,86.0,99.0,0.35
07:31:01,216.0,13.0,218.15,52.0,215.0,143.0,219.44,25.0,217.08,2.1500000000000057,156.0,77.0,0.5189604994621175,216.0,218.15000000000003,233,79.0,-13.0,0.34
07:31:02,215.01,184.0,218.51,75.0,212.31,106.0,222.1,77.0,216.76,3.5,290.0,152.0,0.6070420084325944,215.01,218.51,442,138.0,165.5,0.31
07:31:03,214.0,54.0,223.77,77.0,211.53,103.0,230.52,56.0,218.88,9.77000000000001,157.0,133.0,0.8358947302154232,214.0,223.77,290,24.0,-152.0,0.08
07:31:04,212.0,28.0,222.0,30.0,211.0,80.0,224.0,10.0,217.0,10.0,108.0,40.0,0.8733384223780933,212.0,222.0,148,68.0,-142.0,0.46
07:31:05,214.9,118.0,222.0,42.0,211.28,25.0,224.0,14.0,218.45,7.099999999999994,143.0,56.0,0.9606143867348071,214.9,222.0,199,87.0,51.0,0.44
07:31:06,215.0,99.0,222.0,33.0,212.0,11.0,224.98,51.0,218.5,7.0,110.0,84.0,0.9657743007566449,215.0,222.0,194,26.0,-5.0,0.13
07:31:07,215.0,27.0,222.0,9.0,212.0,3.0,225.0,13.0,218.5,7.0,30.0,22.0,0.7285464981743405,215.0,222.0,52,8.0,-142.0,0.15
07:31:08,215.0,81.0,222.0,27.0,212.0,9.0,225.0,36.0,218.5,7.0,90.0,63.0,0.6655824516933057,215.0,222.0,153,27.0,101.0,0.18
07:31:09,215.0,72.0,222.0,24.0,211.33,12.0,225.0,53.0,218.5,7.0,84.0,77.0,0.022360679823360118,215.0,222.0,161,7.0,8.0,0.04
07:31:14,215.0,91.0,220.0,44.0,213.0,22.0,221.36,33.0,217.5,5.0,113.0,77.0,0.8272061411778382,215.0,220.0,190,36.0,22.0,0.19
07:31:15,215.0,80.0,217.1,40.0,213.0,20.0,220.0,30.0,216.05,2.0999999999999943,100.0,70.0,1.5193320900981928,215.0,217.1,170,30.0,-20.0,0.18
07:31:16,215.0,88.0,216.27,44.0,213.0,22.0,220.0,33.0,215.64,1.2700000000000102,110.0,77.0,1.7418524621798286,215.0,216.27,187,33.0,17.0,0.18
07:31:17,215.0,120.0,216.0,60.0,213.4,30.0,220.13,45.0,215.5,1.0,150.0,105.0,1.5342913673750909,215.0,216.0,255,45.0,68.0,0.18
07:31:18,215.0,82.0,217.29,35.0,213.55,22.0,221.11,27.0,216.14,2.289999999999992,104.0,62.0,0.7927673050785847,215.0,217.29,166,42.0,-89.0,0.25
07:31:19,215.0,84.0,219.77,52.0,213.0,28.0,221.62,39.0,217.38,4.77000000000001,112.0,91.0,0.742509259202572,215.0,219.77,203,21.0,37.0,0.1
07:31:20,214.75,32.0,216.9,40.0,212.53,30.0,219.47,30.0,215.82,2.1500000000000057,62.0,70.0,0.7566240810346582,214.75,216.9,132,-8.0,-71.0,-0.06
07:31:21,213.0,26.0,215.76,42.0,212.0,91.0,217.71,28.0,214.38,2.759999999999991,117.0,70.0,1.0850253453267662,213.0,215.76,187,47.0,55.0,0.25
07:31:22,212.53,30.0,214.32,19.0,211.93,60.0,216.53,36.0,213.42,1.789999999999992,90.0,55.0,1.5492966145968745,212.53,214.32,145,35.0,-42.0,0.24
07:31:23,213.09,33.0,217.29,55.0,211.93,90.0,218.4,40.0,215.19,4.199999999999989,123.0,95.0,1.4975379794854202,213.09,217.29,218,28.0,73.0,0.13
07:31:24,212.0,88.0,216.83,24.0,211.0,31.0,222.61,46.0,214.42,4.8300000000000125,119.0,70.0,0.9081739921408598,212.0,216.83,189,49.0,-29.0,0.26
07:31:25,214.67,36.0,218.76,29.0,211.84,61.0,221.85,13.0,216.71,4.090000000000003,97.0,42.0,1.2270411566044361,214.67,218.76,139,55.0,-50.0,0.4
07:31:26,212.86,74.0,218.0,64.0,211.6,60.0,220.0,16.0,215.43,5.139999999999986,134.0,80.0,1.2218960675938173,212.86,218.0,214,54.0,75.0,0.25
07:31:27,212.0,60.0,217.59,58.0,211.0,32.0,220.58,24.0,214.79,5.590000000000003,92.0,82.0,0.8733956720761352,212.0,217.58999999999997,174,10.0,-40.0,0.06
07:31:28,212.0,20.0,218.0,5.0,211.0,10.0,222.0,25.0,215.0,6.0,30.0,30.0,0.8838834764839246,212.0,218.0,60,0.0,-114.0,0.0
07:31:29,212.0,28.0,220.73,22.0,211.0,14.0,222.52,23.0,216.36,8.72999999999999,42.0,45.0,0.8423004214658014,212.0,220.73,87,-3.0,27.0,-0.03
07:31:30,211.93,30.0,218.0,16.0,210.82,17.0,220.75,40.0,214.97,6.069999999999993,47.0,56.0,0.6322578587896955,211.93,218.0,103,-9.0,16.0,-0.09
07:31:31,211.86,28.0,218.0,16.0,210.67,18.0,220.0,40.0,214.93,6.139999999999986,46.0,56.0,0.6478811619435274,211.85999999999999,218.0,102,-10.0,-1.0,-0.1
07:31:32,212.45,44.0,218.0,22.0,211.0,22.0,220.0,55.0,215.23,5.550000000000011,66.0,77.0,0.605037188940749,212.45,218.0,143,-11.0,41.0,-0.08
07:31:33,213.0,40.0,216.5,20.0,211.0,20.0,218.0,38.0,214.75,3.5,60.0,58.0,0.6448410656908484,213.0,216.5,118,2.0,-25.0,0.02
07:31:34,213.0,56.0,215.29,49.0,211.0,28.0,216.71,49.0,214.14,2.289999999999992,84.0,98.0,0.40887650947587584,213.0,215.29,182,-14.0,64.0,-0.08
07:31:35,211.67,67.0,214.25,80.0,210.16,43.0,217.06,32.0,212.96,2.5800000000000125,110.0,112.0,0.8990939884133745,211.67,214.25,222,-2.0,40.0,-0.01
07:31:36,210.7,57.0,214.0,60.0,209.89,92.0,217.0,24.0,212.35,3.3000000000000114,149.0,84.0,1.2076961538404147,210.7,214.0,233,65.0,11.0,0.28
07:31:37,210.0,48.0,213.93,27.0,205.0,6.0,216.0,15.0,211.96,3.930000000000007,54.0,42.0,1.1830764979496187,210.0,213.93000000000004,96,12.0,-137.0,0.12
07:31:38,210.0,104.0,212.14,29.0,205.0,13.0,213.16,62.0,211.07,2.1399999999999864,117.0,91.0,1.1467475746651987,210.0,212.14,208,26.0,112.0,0.12
07:31:39,210.0,12.0,217.7,46.0,205.0,10.0,218.95,19.0,213.85,7.699999999999989,22.0,65.0,1.0456911589950932,210.0,217.7,87,-43.0,-121.0,-0.49
07:31:40,208.21,14.0,218.0,84.0,203.93,14.0,219.0,28.0,213.11,9.789999999999992,28.0,112.0,1.0663582887568857,208.21,218.0,140,-84.0,53.0,-0.6
07:31:45,212.08,128.0,218.0,41.0,211.54,13.0,288.27,11.0,215.04,5.9199999999999875,141.0,52.0,1.0763270878325617,212.08,218.0,193,89.0,96.0,0.46
07:31:46,212.03,130.0,218.0,44.0,211.38,32.0,322.71,14.0,215.02,5.969999999999999,162.0,58.0,1.3528931960808772,212.03,218.0,220,104.0,27.0,0.47
07:31:47,213.0,22.0,216.8,35.0,211.0,22.0,234.34,35.0,214.9,3.8000000000000114,44.0,70.0,1.3776501733029698,213.0,216.8,114,-26.0,-106.0,-0.23
07:31:48,213.0,18.0,216.0,27.0,211.0,18.0,218.59,17.0,214.5,3.0,36.0,44.0,1.1982987941250036,213.0,216.0,80,-8.0,-34.0,-0.1
07:31:49,210.0,45.0,216.0,9.0,204.0,12.0,219.0,6.0,213.0,6.0,57.0,15.0,0.8619280712455316,210.0,216.0,72,42.0,-8.0,0.58
07:31:50,210.0,150.0,215.2,30.0,204.0,40.0,219.0,24.0,212.6,5.199999999999989,190.0,54.0,1.1247577516962652,210.0,215.2,244,136.0,165.5,0.56
07:31:51,210.0,60.0,214.09,11.0,204.0,16.0,217.27,11.0,212.05,4.090000000000003,76.0,22.0,1.233085560697455,210.0,214.09000000000003,98,54.0,-146.0,0.55
07:31:52,210.0,210.0,212.07,30.0,204.0,56.0,213.8,40.0,211.03,2.069999999999993,266.0,70.0,1.2777832367034025,210.0,212.07,336,196.0,165.5,0.58
07:31:53,210.0,176.0,211.0,36.0,204.0,48.0,212.83,24.0,210.5,1.0,224.0,60.0,1.0510613683319765,210.0,211.0,284,164.0,-52.0,0.58
07:31:54,210.0,114.0,211.67,27.0,204.0,36.0,217.5,24.0,210.83,1.6699999999999875,150.0,51.0,0.8851948937944151,210.0,211.66999999999996,201,99.0,-83.0,0.49
07:31:55,212.59,88.0,217.0,33.0,208.5,80.0,221.0,33.0,214.8,4.409999999999997,168.0,66.0,1.7519617575734658,212.59000000000003,217.0,234,102.0,33.0,0.44
07:31:56,216.0,60.0,217.0,36.0,208.0,120.0,221.0,36.0,216.5,1.0,180.0,72.0,2.7372741916001546,216.0,217.0,252,108.0,18.0,0.43
07:31:57,211.29,85.0,217.0,36.0,207.11,90.0,221.0,36.0,214.15,5.710000000000008,175.0,72.0,2.604693839974391,211.28999999999996,217.0,247,103.0,-5.0,0.42
07:31:58,208.06,64.0,217.0,24.0,205.82,44.0,221.0,24.0,212.53,8.939999999999998,108.0,48.0,2.170200451571395,208.06,217.0,156,60.0,-91.0,0.38
07:31:59,208.34,35.0,217.0,24.0,207.04,46.0,221.0,24.0,212.67,8.659999999999997,81.0,48.0,1.6399542676553032,208.34,217.0,129,33.0,-27.0,0.26
07:32:00,207.71,96.0,217.0,36.0,205.04,49.0,221.0,36.0,212.35,9.289999999999992,145.0,72.0,1.7519132398611106,207.71,217.0,217,73.0,88.0,0.34
07:32:01,205.78,18.0,217.0,18.0,204.86,42.0,221.0,18.0,211.39,11.219999999999999,60.0,36.0,0.9921290238674983,205.78,217.0,96,24.0,-121.0,0.25
07:32:02,205.93,86.0,214.69,39.0,203.4,75.0,216.67,30.0,210.31,8.759999999999991,161.0,69.0,0.9959919678390908,205.93,214.69,230,92.0,134.0,0.4
07:32:03,207.0,56.0,214.0,14.0,203.0,21.0,215.0,7.0,210.5,7.0,77.0,21.0,1.0611220476457122,207.0,214.0,98,56.0,-132.0,0.57
07:32:04,207.2,40.0,214.0,18.0,206.33,12.0,215.0,6.0,210.6,6.800000000000011,52.0,24.0,0.8450147927697398,207.2,214.0,76,28.0,-22.0,0.37
07:32:05,210.27,30.0,213.75,48.0,209.71,45.0,214.43,21.0,212.01,3.4799999999999898,75.0,69.0,0.7160796045131188,210.27,213.75,144,6.0,68.0,0.04
07:32:06,210.35,31.0,212.73,22.0,209.23,52.0,215.07,28.0,211.54,2.3799999999999955,83.0,50.0,0.7411949810945002,210.35,212.73,133,33.0,-11.0,0.25
07:32:07,211.0,44.0,212.1,20.0,210.0,44.0,213.31,13.0,211.55,1.0999999999999943,88.0,33.0,0.6588247111332256,211.0,212.1,121,55.0,-12.0,0.45
07:32:08,210.39,46.0,212.37,19.0,208.38,52.0,219.24,55.0,211.38,1.9800000000000182,98.0,74.0,0.5131568960852535,210.38999999999996,212.37,172,24.0,51.0,0.14
07:32:09,209.68,38.0,211.73,11.0,206.84,38.0,216.35,23.0,210.71,2.049999999999983,76.0,34.0,0.46996808402257856,209.68,211.73,110,42.0,-62.0,0.38
07:32:10,206.0,12.0,212.0,8.0,202.33,24.0,218.0,36.0,209.0,6.0,36.0,44.0,1.0826033437966123,206.0,212.0,80,-8.0,-30.0,-0.1
07:32:11,204.0,6.0,215.54,13.0,202.0,30.0,218.21,43.0,209.77,11.539999999999992,36.0,56.0,1.0842370589494994,204.0,215.54,92,-20.0,12.0,-0.22
07:32:12,206.25,24.0,216.08,36.0,202.75,48.0,217.96,92.0,211.17,9.830000000000013,72.0,128.0,1.000764707610845,206.25,216.08,200,-56.0,108.0,-0.28
07:32:13,207.0,27.0,215.09,35.0,204.0,36.0,216.14,28.0,211.04,8.090000000000003,63.0,63.0,0.9268602915215344,207.0,215.09,126,0.0,-74.0,0.0
07:32:14,207.51,35.0,216.91,47.0,204.36,50.0,289.49,43.0,212.21,9.400000000000006,85.0,90.0,1.260186494134704,207.51,216.91,175,-5.0,49.0,-0.03
07:32:15,216.0,10.0,218.0,40.0,215.0,70.0,352.46,24.0,217.0,2.0,80.0,64.0,2.799298126316702,216.0,218.0,144,16.0,-31.0,0.11
07:32:16,216.0,7.0,217.0,35.0,215.0,49.0,218.0,28.0,216.5,1.0,56.0,63.0,2.930841176181469,216.0,217.0,119,-7.0,-25.0,-0.06
07:32:17,215.61,18.0,217.0,60.0,214.89,80.0,218.0,48.0,216.31,1.3899999999999864,98.0,108.0,2.7694349604208384,215.61,217.0,206,-10.0,87.0,-0.05
07:32:18,215.0,58.0,216.81,42.0,212.0,54.0,218.57,44.0,215.9,1.8100000000000023,112.0,86.0,1.927104044934135,215.0,216.81,198,26.0,-8.0,0.13
07:32:19,215.0,21.0,217.71,28.0,212.0,63.0,220.0,35.0,216.36,2.710000000000008,84.0,63.0,0.39645932956836516,215.0,217.71,147,21.0,-51.0,0.14
07:32:20,213.8,25.0,217.0,40.0,211.06,48.0,220.0,50.0,215.4,3.1999999999999886,73.0,90.0,0.4476382468039295,213.8,217.0,163,-17.0,16.0,-0.1
07:32:21,212.0,38.0,217.0,40.0,209.0,30.0,220.0,50.0,214.5,5.0,68.0,90.0,0.7709604399718369,212.0,217.0,158,-22.0,-5.0,-0.14
07:32:22,212.0,55.0,216.83,35.0,209.0,33.0,220.28,40.0,214.41,4.8300000000000125,88.0,75.0,0.8550906384714161,212.0,216.83,163,13.0,5.0,0.08
07:32:23,211.02,46.0,213.15,40.0,206.1,51.0,215.94,33.0,212.09,2.1299999999999955,97.0,73.0,1.586842777341604,211.02,213.15,170,24.0,7.0,0.14
07:32:24,209.0,33.0,211.91,22.0,203.0,55.0,214.92,26.0,210.45,2.9099999999999966,88.0,48.0,2.039865191624407,209.0,211.90999999999997,136,40.0,-34.0,0.29
07:32:25,205.31,83.0,209.29,34.0,202.86,65.0,210.53,34.0,207.3,3.9799999999999898,148.0,68.0,3.01024085415111,205.31,209.29,216,80.0,80.0,0.37
07:32:26,202.21,76.0,208.0,28.0,186.71,24.0,209.0,78.0,205.11,5.789999999999992,100.0,106.0,3.7127779357241195,202.21,208.0,206,-6.0,-10.0,-0.03
07:32:27,202.0,24.0,208.62,16.0,182.0,16.0,213.03,31.0,205.31,6.6200000000000045,40.0,47.0,3.11429285713457,202.0,208.62,87,-7.0,-119.0,-0.08
07:32:28,202.0,48.0,207.83,24.0,171.89,19.0,213.94,66.0,204.92,5.8300000000000125,67.0,90.0,2.346139382048531,202.0,207.83,157,-23.0,70.0,-0.15
07:32:29,202.0,30.0,207.0,18.0,167.93,27.0,212.0,18.0,204.5,5.0,57.0,36.0,1.0884254682792085,202.0,207.0,93,21.0,-64.0,0.23
07:32:30,202.0,39.0,206.36,22.0,201.0,11.0,209.71,14.0,204.18,4.360000000000014,50.0,36.0,0.4595976501230901,202.0,206.36,86,14.0,-7.0,0.16
07:32:31,202.0,40.0,205.5,16.0,199.75,8.0,208.0,8.0,203.75,3.5,48.0,24.0,0.6107945644802453,202.0,205.5,72,24.0,-14.0,0.33
07:32:32,202.0,60.0,205.0,28.0,193.67,36.0,208.0,12.0,203.5,3.0,96.0,40.0,0.5693856338181971,202.0,205.0,136,56.0,64.0,0.41
07:32:33,203.16,83.0,205.1,62.0,201.49,77.0,210.0,25.0,204.13,1.9399999999999977,160.0,87.0,0.3908580304900059,203.16,205.1,247,73.0,111.0,0.3
07:32:34,204.65,31.0,208.0,13.0,203.38,32.0,213.0,54.0,206.32,3.3499999999999943,63.0,67.0,1.1221987346270672,204.65,208.0,130,-4.0,-117.0,-0.03
07:32:35,207.44,32.0,212.07,27.0,204.33,43.0,213.87,76.0,209.76,4.6299999999999955,75.0,103.0,2.6343443206989505,207.44,212.06999999999996,178,-28.0,48.0,-0.16
07:32:36,209.08,13.0,213.0,22.0,207.0,24.0,214.0,66.0,211.04,3.9199999999999875,37.0,88.0,3.3494775712040714,209.07999999999998,213.0,125,-51.0,-53.0,-0.41
07:32:37,210.44,16.0,213.0,20.0,209.56,27.0,214.0,60.0,211.72,2.5600000000000023,43.0,80.0,3.248565837411873,210.44,213.0,123,-37.0,-2.0,-0.3
07:32:38,210.88,26.0,212.52,23.0,209.91,47.0,213.64,56.0,211.7,1.6400000000000148,73.0,79.0,2.262282033699558,210.88,212.52,152,-6.0,29.0,-0.04
07:32:39,204.19,32.0,212.95,21.0,203.83,41.0,213.97,62.0,208.57,8.759999999999991,73.0,83.0,1.367084488976409,204.19,212.95,156,-10.0,4.0,-0.06
07:32:40,205.0,12.0,213.0,19.0,203.0,72.0,214.0,72.0,209.0,8.0,84.0,91.0,1.51250785121924,205.0,213.0,175,-7.0,19.0,-0.04
07:32:41,205.0,13.0,213.0,43.0,202.38,78.0,214.0,48.0,209.0,8.0,91.0,91.0,1.5726792425665599,205.0,213.0,182,0.0,7.0,0.0
07:32:42,205.75,12.0,213.0,40.0,201.5,72.0,214.0,44.0,209.38,7.25,84.0,84.0,1.2464750298339673,205.75,213.0,168,0.0,-14.0,0.0
07:32:43,206.0,9.0,213.73,33.0,203.0,54.0,214.67,18.0,209.86,7.72999999999999,63.0,51.0,0.4841693918449492,206.0,213.73,114,12.0,-54.0,0.11
07:32:44,207.59,32.0,212.12,34.0,203.69,39.0,212.79,48.0,209.86,4.530000000000001,71.0,82.0,0.43058100283173023,207.59,212.12,153,-11.0,39.0,-0.07
07:32:45,208.93,44.0,210.55,44.0,202.74,122.0,211.76,50.0,209.74,1.6200000000000045,166.0,94.0,0.3735237609572085,208.93,210.55,260,72.0,107.0,0.28
07:32:46,209.73,26.0,214.44,25.0,202.0,356.0,216.36,33.0,212.09,4.710000000000008,382.0,58.0,1.0823954914908809,209.73,214.44,440,324.0,165.5,0.74
07:32:47,210.33,15.0,213.27,15.0,202.34,174.0,216.0,15.0,211.8,2.9399999999999977,189.0,30.0,1.1694443124834601,210.33,213.27,219,159.0,-166.5,0.73
07:32:48,209.3,20.0,214.93,15.0,205.88,33.0,218.07,15.0,212.12,5.6299999999999955,53.0,30.0,1.214009884638518,209.3,214.93,83,23.0,-136.0,0.28
07:32:49,214.45,11.0,216.91,11.0,204.59,51.0,218.82,11.0,215.68,2.460000000000008,62.0,22.0,2.1391306645458363,214.45,216.90999999999997,84,40.0,1.0,0.48
07:32:50,212.0,8.0,217.0,8.0,205.0,48.0,219.75,8.0,214.5,5.0,56.0,16.0,1.7458293158268705,212.0,217.0,72,40.0,-12.0,0.56
07:32:51,212.0,49.0,217.54,13.0,205.0,86.0,223.54,39.0,214.77,5.539999999999992,135.0,52.0,1.71641486826485,212.0,217.54,187,83.0,115.0,0.44
07:32:52,212.0,53.0,218.0,12.0,205.0,168.0,222.0,48.0,215.0,6.0,221.0,60.0,1.3548726877462636,212.0,218.0,281,161.0,94.0,0.57
07:32:53,212.0,21.0,218.0,6.0,205.0,84.0,222.0,24.0,215.0,6.0,105.0,30.0,0.4372642221825369,212.0,218.0,135,75.0,-146.0,0.56
07:32:54,215.79,57.0,218.0,13.0,206.35,52.0,222.0,52.0,216.89,2.210000000000008,109.0,65.0,0.9494577399763159,215.79,218.0,174,44.0,39.0,0.25
07:32:55,216.0,45.0,218.0,9.0,212.0,9.0,222.0,36.0,217.0,2.0,54.0,45.0,1.1119667261213502,216.0,218.0,99,9.0,-75.0,0.09
07:32:56,216.0,30.0,218.0,10.0,212.4,10.0,222.0,40.0,217.0,2.0,40.0,50.0,1.0762992149031514,216.0,218.0,90,-10.0,-9.0,-0.11
07:32:57,204.89,81.0,208.79,38.0,202.98,109.0,220.21,19.0,206.84,3.9000000000000057,190.0,57.0,4.391102367287825,204.89000000000001,208.79,247,133.0,157.0,0.54
07:32:58,204.0,84.0,212.91,11.0,202.0,84.0,221.8,25.0,208.45,8.909999999999997,168.0,36.0,5.135701510017933,204.0,212.90999999999997,204,132.0,-43.0,0.65
07:32:59,204.0,48.0,217.0,4.0,202.0,48.0,221.0,16.0,210.5,13.0,96.0,20.0,4.781978669964997,204.0,217.0,116,76.0,-88.0,0.66
07:33:00,204.35,95.0,216.0,24.0,202.25,96.0,217.0,8.0,210.17,11.650000000000006,191.0,32.0,3.8702286754143977,204.35,216.0,223,159.0,107.0,0.71
07:33:01,206.91,88.0,215.92,36.0,205.75,112.0,216.55,20.0,211.41,9.009999999999991,200.0,56.0,1.8215185972148586,206.90999999999997,215.92,256,144.0,33.0,0.56
07:33:02,207.0,72.0,215.0,9.0,206.0,72.0,216.0,27.0,211.0,8.0,144.0,36.0,1.1403201304895887,207.0,215.0,180,108.0,-76.0,0.6
07:33:03,207.0,64.0,214.04,23.0,205.82,44.0,215.93,14.0,210.52,7.039999999999992,108.0,37.0,0.48615841039715274,207.0,214.04,145,71.0,-35.0,0.49
07:33:04,207.61,104.0,213.64,50.0,206.84,76.0,216.61,46.0,210.62,6.029999999999973,180.0,96.0,0.4754261246501845,207.61,213.64,276,84.0,131.0,0.3
07:33:05,209.0,84.0,212.83,36.0,207.0,96.0,214.0,12.0,210.92,3.8300000000000125,180.0,48.0,0.3511125175779534,209.0,212.83,228,132.0,-48.0,0.58
07:33:06,209.0,112.0,211.84,50.0,204.38,128.0,213.4,20.0,210.42,2.8400000000000034,240.0,70.0,0.2527449307105465,209.0,211.84,310,170.0,82.0,0.55
07:33:07,209.02,64.0,211.38,32.0,202.91,107.0,212.64,22.0,210.2,2.359999999999985,171.0,54.0,0.2651037532737632,209.02,211.38,225,117.0,-85.0,0.52
07:33:08,206.76,75.0,210.22,27.0,201.86,84.0,211.18,33.0,208.49,3.460000000000008,159.0,60.0,0.9543060305791361,206.76,210.22,219,99.0,-6.0,0.45
07:33:09,202.0,88.0,208.08,24.0,201.0,44.0,209.44,16.0,205.04,6.0800000000000125,132.0,40.0,2.4022655973058797,202.0,208.08,172,92.0,-47.0,0.53
07:33:10,202.02,82.0,205.47,19.0,201.29,56.0,207.18,17.0,203.75,3.4499999999999886,138.0,36.0,3.0363876564099885,202.01999999999998,205.47,174,102.0,2.0,0.59
07:33:11,201.86,21.0,204.67,21.0,200.8,120.0,205.54,13.0,203.26,2.809999999999974,141.0,34.0,3.050503237172269,201.86,204.67,175,107.0,1.0,0.61
07:33:12,201.0,100.0,205.06,17.0,199.47,68.0,206.59,17.0,203.03,4.060000000000002,168.0,34.0,2.2496510840568145,201.0,205.06,202,134.0,27.0,0.66
07:33:13,201.0,56.0,202.86,7.0,200.0,28.0,206.0,7.0,201.93,1.8600000000000136,84.0,14.0,1.1324177674327995,201.0,202.85999999999999,98,70.0,-104.0,0.71
07:33:14,201.0,40.0,202.0,5.0,200.0,20.0,205.14,7.0,201.5,1.0,60.0,12.0,0.9430959654230425,201.0,202.0,72,48.0,-26.0,0.67
07:33:15,201.0,32.0,202.0,4.0,200.0,16.0,204.0,12.0,201.5,1.0,48.0,16.0,0.8449437851106134,201.0,202.0,64,32.0,-8.0,0.5
07:33:16,201.0,48.0,202.0,6.0,199.86,28.0,204.0,18.0,201.5,1.0,76.0,24.0,0.6628499075936717,201.0,202.0,100,52.0,36.0,0.52
07:33:17,201.0,48.0,204.0,18.0,200.0,36.0,206.0,6.0,202.5,3.0,84.0,24.0,0.44043160649175167,201.0,204.0,108,60.0,8.0,0.56
07:33:18,201.55,31.0,210.3,10.0,200.76,74.0,213.4,15.0,205.92,8.75,105.0,25.0,1.9144920997478951,201.55,210.3,130,80.0,22.0,0.62
07:33:19,204.92,12.0,213.0,12.0,202.0,96.0,214.0,72.0,208.96,8.080000000000013,108.0,84.0,3.279066940456931,204.92,213.0,192,24.0,62.0,0.12
07:33:20,205.0,16.0,212.44,25.0,202.0,146.0,214.38,50.0,208.72,7.439999999999998,162.0,75.0,3.446534491340248,205.0,212.44,237,87.0,45.0,0.37
07:33:21,206.44,9.0,212.44,18.0,203.64,78.0,213.8,30.0,209.44,6.0,87.0,48.0,2.9202602623736134,206.44,212.44,135,39.0,-102.0,0.29
07:33:22,201.18,101.0,213.92,52.0,200.5,64.0,354.0,48.0,207.55,12.73999999999998,165.0,100.0,1.411814435398175,201.18,213.92000000000002,265,65.0,130.0,0.25
07:33:23,201.57,106.0,214.0,77.0,200.79,156.0,435.66,53.0,207.78,12.430000000000007,262.0,130.0,0.8006247560491319,201.57,214.0,392,132.0,127.0,0.34
07:33:24,204.25,85.0,214.0,45.0,202.29,82.0,317.39,23.0,209.12,9.75,167.0,68.0,0.8268736300056625,204.25,214.0,235,99.0,-157.0,0.42
07:33:25,206.0,70.0,212.2,40.0,205.0,182.0,221.72,64.0,209.1,6.199999999999989,252.0,104.0,0.8661524115297253,206.0,212.2,356,148.0,121.0,0.42
07:33:26,206.83,141.0,209.19,43.0,205.36,101.0,212.45,55.0,208.01,2.359999999999985,242.0,98.0,0.7464382090961645,206.83,209.19,340,144.0,-16.0,0.42
07:33:27,203.37,95.0,209.6,30.0,200.52,54.0,213.61,31.0,206.48,6.22999999999999,149.0,61.0,1.0926207027137333,203.37,209.6,210,88.0,-130.0,0.42
07:33:28,202.0,77.0,209.76,21.0,200.0,44.0,214.09,22.0,205.88,7.759999999999991,121.0,43.0,1.489268276704557,202.0,209.76,164,78.0,-46.0,0.48
07:33:29,202.33,42.0,209.58,24.0,199.83,63.0,214.0,24.0,205.96,7.25,105.0,48.0,1.4141711353292492,202.33,209.58,153,57.0,-11.0,0.37
07:33:30,204.07,107.0,209.0,18.0,201.03,80.0,214.0,18.0,206.54,4.930000000000007,187.0,36.0,0.8559672890936542,204.07,209.0,223,151.0,70.0,0.68
07:33:31,205.65,136.0,209.0,26.0,202.87,131.0,214.0,26.0,207.32,3.3499999999999943,267.0,52.0,0.5766107872719005,205.65,209.0,319,215.0,96.0,0.67
07:33:32,208.78,216.0,213.05,21.0,201.28,173.0,214.93,56.0,210.91,4.27000000000001,389.0,77.0,2.086844507863127,208.78,213.05,466,312.0,147.0,0.67
07:33:33,211.17,166.0,214.0,12.0,205.06,77.0,215.0,60.0,212.58,2.8300000000000125,243.0,72.0,2.9158566494254825,211.17000000000002,214.0,315,171.0,-151.0,0.54
07:33:34,212.9,100.0,214.0,10.0,211.78,81.0,215.0,50.0,213.45,1.0999999999999943,181.0,60.0,3.0989110990796607,212.9,214.0,241,121.0,-74.0,0.5
07:33:35,213.0,60.0,214.83,18.0,212.0,54.0,225.67,27.0,213.92,1.8300000000000125,114.0,45.0,2.671765334006603,213.0,214.83,159,69.0,-82.0,0.43
07:33:36,213.0,106.0,214.27,37.0,212.0,99.0,218.92,49.0,213.64,1.2700000000000102,205.0,86.0,1.2199385230410873,213.0,214.27,291,119.0,132.0,0.41
07:33:37,213.0,60.0,214.0,30.0,212.0,90.0,215.0,30.0,213.5,1.0,150.0,60.0,0.5028120921375817,213.0,214.0,210,90.0,-81.0,0.43
07:33:38,213.0,42.0,214.0,21.0,212.0,63.0,215.0,21.0,213.5,1.0,105.0,42.0,0.1913635283950871,213.0,214.0,147,63.0,-63.0,0.43
07:33:39,213.0,60.0,214.0,30.0,212.0,90.0,218.0,20.0,213.5,1.0,150.0,50.0,0.1825376673451757,213.0,214.0,200,100.0,53.0,0.5
07:33:40,213.0,42.0,214.0,36.0,212.0,109.0,217.32,31.0,213.5,1.0,151.0,67.0,0.06260990336840354,213.0,214.0,218,84.0,18.0,0.39
07:33:41,212.09,70.0,213.92,36.0,211.56,108.0,216.85,41.0,213.0,1.829999999999984,178.0,77.0,0.22360679774947342,212.09,213.92,255,101.0,37.0,0.4
07:33:42,212.0,88.0,213.0,33.0,211.0,66.0,214.0,22.0,212.5,1.0,154.0,55.0,0.44721359549965334,212.0,213.0,209,99.0,-46.0,0.47
07:33:43,213.13,78.0,217.0,67.0,212.7,108.0,226.06,34.0,215.06,3.8700000000000045,186.0,101.0,0.9595415572031245,213.13,217.0,287,85.0,78.0,0.3
07:33:44,216.0,28.0,217.0,46.0,214.0,112.0,232.0,56.0,216.5,1.0,140.0,102.0,1.6439951338127263,216.0,217.0,242,38.0,-45.0,0.16
07:33:45,216.0,16.0,217.0,8.0,214.0,64.0,227.45,22.0,216.5,1.0,80.0,30.0,1.8933356807497375,216.0,217.0,110,50.0,-132.0,0.45
07:33:46,216.0,12.0,217.0,6.0,214.0,48.0,227.0,16.0,216.5,1.0,60.0,22.0,1.743192473595572,216.0,217.0,82,38.0,-28.0,0.46
07:33:47,214.15,52.0,217.0,8.0,212.58,55.0,365.14,28.0,215.58,2.8499999999999943,107.0,36.0,0.6719523792653829,214.15000000000003,217.0,143,71.0,61.0,0.5
07:33:48,213.38,58.0,216.18,22.0,211.86,84.0,485.58,26.0,214.78,2.8000000000000114,142.0,48.0,0.7763504363368331,213.38,216.18,190,94.0,47.0,0.49
07:33:49,212.0,79.0,216.21,14.0,211.0,54.0,507.86,21.0,214.11,4.210000000000008,133.0,35.0,1.055547251429441,212.0,216.21,168,98.0,-22.0,0.58
07:33:50,212.0,32.0,214.33,12.0,211.0,60.0,286.33,12.0,213.17,2.3300000000000125,92.0,24.0,1.2872334675574886,212.0,214.33,116,68.0,-52.0,0.59
07:33:51,212.0,9.0,222.0,3.0,211.0,18.0,603.25,8.0,217.0,10.0,27.0,11.0,1.457727683759936,212.0,222.0,38,16.0,-78.0,0.42
07:33:52,211.04,75.0,222.0,13.0,207.0,30.0,313.18,34.0,216.52,10.960000000000008,105.0,47.0,1.614970587967525,211.04,222.0,152,58.0,114.0,0.38
07:33:53,211.84,38.0,222.0,9.0,209.53,34.0,568.56,27.0,216.92,10.159999999999997,72.0,36.0,1.7789125891960795,211.84,222.0,108,36.0,-44.0,0.33
07:33:54,215.0,26.0,220.68,31.0,211.0,78.0,410.36,25.0,217.84,5.680000000000007,104.0,56.0,1.8090605296674171,215.0,220.68,160,48.0,52.0,0.3
07:33:55,215.0,28.0,217.21,38.0,211.0,84.0,221.69,32.0,216.11,2.210000000000008,112.0,70.0,0.6442204591602969,215.0,217.20999999999998,182,42.0,22.0,0.23
07:33:56,215.0,16.0,216.0,20.0,211.0,60.0,219.0,30.0,215.5,1.0,76.0,50.0,0.8794998578741318,215.0,216.0,126,26.0,-56.0,0.21
07:33:57,209.84,38.0,215.64,22.0,206.67,85.0,219.0,33.0,212.74,5.799999999999983,123.0,55.0,1.9341199549149972,209.84,215.64,178,68.0,52.0,0.38
07:33:58,207.0,44.0,214.18,22.0,205.0,67.0,219.0,33.0,210.59,7.180000000000007,111.0,55.0,2.8773998679363393,207.0,214.18,166,56.0,-12.0,0.34
07:33:59,208.92,48.0,211.0,32.0,205.0,36.0,216.14,28.0,209.96,2.0800000000000125,84.0,60.0,2.7855609847927663,208.92,211.0,144,24.0,-22.0,0.17
07:34:00,209.0,22.0,210.0,30.0,206.0,10.0,217.76,33.0,209.5,1.0,32.0,63.0,2.480548326479309,209.0,210.0,95,-31.0,-49.0,-0.33
07:34:01,208.4,20.0,210.0,36.0,205.0,16.0,218.0,119.0,209.2,1.5999999999999943,36.0,155.0,1.410255296036502,208.4,210.0,191,-119.0,96.0,-0.62
07:34:02,206.91,35.0,210.0,42.0,205.29,17.0,218.0,112.0,208.46,3.0900000000000034,52.0,154.0,0.8003874061970206,206.91,210.0,206,-102.0,15.0,-0.5
07:34:03,206.76,21.0,209.05,56.0,205.62,13.0,215.3,71.0,207.91,2.2900000000000205,34.0,127.0,0.8202316745887578,206.76,209.05,161,-93.0,-45.0,-0.58
07:34:04,206.0,13.0,208.56,25.0,205.0,13.0,210.78,81.0,207.28,2.5600000000000023,26.0,106.0,0.9115371632569684,206.0,208.56,132,-80.0,-29.0,-0.61
07:34:05,203.11,27.0,207.09,35.0,200.12,40.0,208.72,53.0,205.1,3.9799999999999898,67.0,88.0,1.5610573339882117,203.11,207.09,155,-21.0,23.0,-0.14
07:34:06,202.69,29.0,204.87,46.0,198.88,41.0,206.88,43.0,203.78,2.180000000000007,70.0,89.0,1.987229226837748,202.69,204.87,159,-19.0,4.0,-0.12
07:34:07,200.0,33.0,203.57,28.0,129.73,22.0,205.6,30.0,201.79,3.569999999999993,55.0,58.0,2.5160027821919995,200.0,203.57,113,-3.0,-46.0,-0.03
07:34:08,200.58,36.0,207.92,52.0,195.75,32.0,221.32,38.0,204.25,7.339999999999975,68.0,90.0,1.9997124793323993,200.58,207.92000000000002,158,-22.0,45.0,-0.14
07:34:09,203.32,44.0,229.6,40.0,201.83,41.0,262.57,47.0,216.46,26.28,85.0,87.0,5.821419929879489,203.32,229.6,172,-2.0,14.0,-0.01
07:34:10,216.0,14.0,217.0,21.0,207.43,14.0,235.0,28.0,216.5,1.0,28.0,49.0,7.2923062195713175,216.0,217.0,77,-21.0,-95.0,-0.27
07:34:11,214.59,17.0,217.0,30.0,206.97,29.0,295.67,46.0,215.79,2.4099999999999966,46.0,76.0,7.303825709859108,214.59,217.0,122,-30.0,45.0,-0.25
07:34:12,209.33,42.0,215.33,18.0,206.6,15.0,341.14,29.0,212.33,6.0,57.0,47.0,5.220041187576889,209.33,215.33,104,10.0,-18.0,0.1
07:34:13,210.33,48.0,212.0,12.0,207.0,6.0,217.0,18.0,211.17,1.6699999999999875,54.0,30.0,2.5145079041433425,210.33,212.0,84,24.0,-20.0,0.29
07:34:14,211.0,96.0,212.0,24.0,207.0,12.0,217.0,36.0,211.5,1.0,108.0,60.0,2.5016534532183203,211.0,212.0,168,48.0,84.0,0.29
07:34:15,211.0,182.0,215.62,29.0,206.14,35.0,287.93,45.0,213.31,4.6200000000000045,217.0,74.0,1.8551280279266444,211.0,215.62,291,143.0,123.0,0.49
07:34:16,211.24,99.0,215.46,39.0,208.76,97.0,228.06,33.0,213.35,4.219999999999999,196.0,72.0,1.0044003185975663,211.24,215.46,268,124.0,-23.0,0.46
07:34:17,212.0,90.0,214.08,39.0,211.0,225.0,215.75,61.0,213.04,2.0800000000000125,315.0,100.0,1.0530574533229065,212.0,214.08,415,215.0,147.0,0.52
07:34:18,212.0,42.0,215.45,11.0,211.0,150.0,219.0,28.0,213.73,3.4499999999999886,192.0,39.0,0.8663313453864091,212.0,215.45,231,153.0,-166.5,0.66
07:34:19,212.0,56.0,216.0,14.0,211.0,210.0,220.0,42.0,214.0,4.0,266.0,56.0,0.37819307238386607,212.0,216.0,322,210.0,91.0,0.65
07:34:20,212.0,28.0,216.0,7.0,211.0,105.0,220.0,21.0,214.0,4.0,133.0,28.0,0.42134309060334635,212.0,216.0,161,105.0,-161.0,0.65
07:34:21,212.0,38.0,216.0,10.0,211.0,150.0,220.0,30.0,214.0,4.0,188.0,40.0,0.4159086438140102,212.0,216.0,228,148.0,67.0,0.65
07:34:22,212.0,36.0,216.0,13.0,211.0,205.0,220.0,39.0,214.0,4.0,241.0,52.0,0.12074767078188116,212.0,216.0,293,189.0,65.0,0.65
07:34:23,212.0,12.0,216.0,6.0,211.0,96.0,220.0,18.0,214.0,4.0,108.0,24.0,0.0,212.0,216.0,132,84.0,-161.0,0.64
07:34:24,212.0,16.0,216.0,8.0,211.0,128.0,220.0,24.0,214.0,4.0,144.0,32.0,0.0,212.0,216.0,176,112.0,44.0,0.64
07:34:25,211.32,47.0,216.0,11.0,210.61,154.0,220.0,33.0,213.66,4.680000000000007,201.0,44.0,0.15205262246750256,211.32,216.0,245,157.0,69.0,0.64
07:34:26,212.0,14.0,216.0,14.0,211.0,228.0,220.0,42.0,214.0,4.0,242.0,56.0,0.15205262246750256,212.0,216.0,298,186.0,53.0,0.62
07:34:27,212.0,10.0,216.0,10.0,211.0,200.0,220.0,30.0,214.0,4.0,210.0,40.0,0.15205262246750256,212.0,216.0,250,170.0,-48.0,0.68
07:34:28,212.0,7.0,216.0,7.0,211.0,140.0,220.0,21.0,214.0,4.0,147.0,28.0,0.15205262246750256,212.0,216.0,175,119.0,-75.0,0.68
07:34:29,212.0,13.0,214.33,24.0,211.0,110.0,217.41,17.0,213.17,2.3300000000000125,123.0,41.0,0.36425265956367325,212.0,214.33,164,82.0,-11.0,0.5
07:34:30,211.09,44.0,218.23,31.0,210.38,42.0,258.77,39.0,214.66,7.139999999999986,86.0,70.0,0.5288478041925281,211.09000000000003,218.23,156,16.0,-8.0,0.1
07:34:31,211.03,31.0,218.54,13.0,210.12,41.0,219.79,28.0,214.79,7.509999999999991,72.0,41.0,0.6464750575229488,211.03,218.54,113,31.0,-43.0,0.27
07:34:32,210.2,30.0,216.8,15.0,208.59,51.0,218.47,15.0,213.5,6.600000000000023,81.0,30.0,0.7063497717131874,210.2,216.8,111,51.0,-2.0,0.46
07:34:33,207.29,14.0,215.17,6.0,205.57,14.0,216.62,8.0,211.23,7.8799999999999955,28.0,14.0,1.4376195602450348,207.29,215.17,42,14.0,-69.0,0.33
07:34:34,207.0,24.0,210.83,24.0,205.0,24.0,211.69,29.0,208.92,3.8300000000000125,48.0,53.0,2.513314544580298,207.0,210.83,101,-5.0,59.0,-0.05
07:34:35,206.58,19.0,210.46,13.0,204.32,37.0,214.58,48.0,208.52,3.8799999999999955,56.0,61.0,2.7556977337869393,206.58,210.46,117,-5.0,16.0,-0.04
07:34:36,211.0,8.0,213.0,8.0,204.05,37.0,216.0,35.0,212.0,2.0,45.0,43.0,2.100114282604239,211.0,213.0,88,2.0,-29.0,0.02
07:34:37,205.27,44.0,214.56,16.0,203.96,96.0,216.47,34.0,209.92,9.289999999999992,140.0,50.0,1.483785698811695,205.27,214.56,190,90.0,102.0,0.47
07:34:38,205.1,60.0,217.0,20.0,203.86,42.0,220.0,5.0,211.05,11.900000000000006,102.0,25.0,1.4519022005624598,205.1,217.0,127,77.0,-63.0,0.61
07:34:39,215.83,29.0,217.0,28.0,204.76,58.0,220.0,7.0,216.41,1.1699999999999875,87.0,35.0,2.996055740469209,215.83,217.0,122,52.0,-5.0,0.43
07:34:40,216.0,54.0,217.0,36.0,215.0,9.0,220.0,9.0,216.5,1.0,63.0,45.0,3.0826984932034747,216.0,217.0,108,18.0,-14.0,0.17
07:34:41,216.0,27.0,217.0,36.0,215.0,9.0,220.0,9.0,216.5,1.0,36.0,45.0,3.302579295035812,216.0,217.0,81,-9.0,-27.0,-0.11
07:34:42,216.0,8.0,217.0,32.0,215.0,8.0,220.0,8.0,216.5,1.0,16.0,40.0,2.427564623238611,216.0,217.0,56,-24.0,-25.0,-0.43
07:34:43,214.0,63.0,217.0,28.0,212.0,42.0,220.0,7.0,215.5,3.0,105.0,35.0,0.4388849507557874,214.0,217.0,140,70.0,84.0,0.5
07:34:44,214.0,81.0,217.0,36.0,212.0,54.0,220.0,9.0,215.5,3.0,135.0,45.0,0.5477225575050256,214.0,217.0,180,90.0,40.0,0.5
07:34:45,214.0,120.0,215.92,96.0,212.0,90.0,217.7,33.0,214.96,1.9199999999999875,210.0,129.0,0.6828762699052698,214.0,215.92,339,81.0,159.0,0.24
07:34:46,214.0,44.0,217.0,44.0,212.0,66.0,220.0,11.0,215.5,3.0,110.0,55.0,0.5588559742900382,214.0,217.0,165,55.0,-166.5,0.33
07:34:47,214.0,36.0,217.0,36.0,212.0,54.0,221.0,9.0,215.5,3.0,90.0,45.0,0.24149534156915514,214.0,217.0,135,45.0,-30.0,0.33
07:34:48,214.0,28.0,217.8,25.0,212.0,60.0,388.24,21.0,215.9,3.8000000000000114,88.0,46.0,0.3345444664011514,214.0,217.8,134,42.0,-1.0,0.31
07:34:49,214.0,16.0,217.5,8.0,212.0,48.0,278.78,9.0,215.75,3.5,64.0,17.0,0.3576590555258555,214.0,217.5,81,47.0,-53.0,0.58
07:34:50,214.0,16.0,217.0,8.0,212.0,48.0,223.0,8.0,215.5,3.0,64.0,16.0,0.18574175620921143,214.0,217.0,80,48.0,-1.0,0.6
07:34:51,214.0,16.0,217.0,8.0,212.0,48.0,223.0,8.0,215.5,3.0,64.0,16.0,0.18574175620921143,214.0,217.0,80,48.0,0.0,0.6
07:34:52,214.0,26.0,217.0,13.0,212.0,78.0,223.0,21.0,215.5,3.0,104.0,34.0,0.18574175620921143,214.0,217.0,138,70.0,58.0,0.51
07:34:53,214.0,20.0,215.6,50.0,212.0,60.0,217.0,10.0,214.8,1.5999999999999943,80.0,60.0,0.3577708763994266,214.0,215.6,140,20.0,2.0,0.14
07:34:54,212.53,30.0,214.31,61.0,211.26,94.0,215.38,26.0,213.42,1.7800000000000011,124.0,87.0,0.9042566007497435,212.53,214.31,211,37.0,71.0,0.18
07:34:55,212.0,8.0,213.0,40.0,211.0,56.0,220.0,8.0,212.5,1.0,64.0,48.0,1.3355448326429524,212.0,213.0,112,16.0,-99.0,0.14
07:34:56,211.0,35.0,220.8,5.0,210.0,10.0,222.0,5.0,215.9,9.800000000000011,45.0,10.0,1.4306921401892614,211.0,220.8,55,35.0,-57.0,0.64
07:34:57,211.0,77.0,218.66,41.0,210.0,22.0,221.09,11.0,214.83,7.659999999999997,99.0,52.0,1.3327415353320708,211.0,218.66,151,47.0,96.0,0.31
07:34:58,211.0,98.0,216.5,56.0,210.0,28.0,221.9,50.0,213.75,5.5,126.0,106.0,1.3148954331045561,211.0,216.5,232,20.0,81.0,0.09
07:34:59,211.64,75.0,215.44,36.0,210.54,39.0,221.14,28.0,213.54,3.8000000000000114,114.0,64.0,1.3008574095569523,211.64,215.44,178,50.0,-54.0,0.28
07:35:00,215.16,38.0,219.0,11.0,212.03,58.0,221.45,55.0,217.08,3.8400000000000034,96.0,66.0,1.4880692188199944,215.16,219.0,162,30.0,-16.0,0.19
07:35:01,215.26,38.0,219.0,12.0,214.59,34.0,221.0,100.0,217.13,3.740000000000009,72.0,112.0,1.748750982844503,215.26,219.0,184,-40.0,22.0,-0.22
07:35:02,215.0,40.0,219.0,10.0,214.0,20.0,221.0,90.0,217.0,4.0,60.0,100.0,1.877990947794946,215.0,219.0,160,-40.0,-24.0,-0.25
07:35:03,215.0,60.0,217.07,28.0,214.0,30.0,219.71,34.0,216.04,2.069999999999993,90.0,62.0,1.530659988371,215.0,217.07,152,28.0,-8.0,0.18
07:35:04,215.0,32.0,216.0,22.0,214.0,22.0,217.75,16.0,215.5,1.0,54.0,38.0,0.7386474125047926,215.0,216.0,92,16.0,-60.0,0.17
07:35:05,213.14,28.0,218.36,11.0,210.98,92.0,220.48,27.0,215.75,5.220000000000027,120.0,38.0,0.7395471587396838,213.14000000000001,218.36,158,82.0,66.0,0.52
07:35:06,212.0,8.0,218.0,10.0,211.0,64.0,221.29,14.0,215.0,6.0,72.0,24.0,0.7438548245456335,212.0,218.0,96,48.0,-62.0,0.5
07:35:07,213.81,31.0,217.82,17.0,211.18,38.0,222.52,31.0,215.81,4.009999999999991,69.0,48.0,0.3962953444083763,213.81,217.82,117,21.0,21.0,0.18
07:35:08,211.17,58.0,216.0,13.0,210.96,166.0,220.77,13.0,213.59,4.8300000000000125,224.0,26.0,0.9181775427441212,211.17,216.0,250,198.0,133.0,0.79
07:35:09,211.0,160.0,215.5,10.0,210.0,20.0,221.8,10.0,213.25,4.5,180.0,20.0,1.1997082978789138,211.0,215.5,200,160.0,-50.0,0.8
07:35:10,211.0,214.0,214.0,14.0,210.0,28.0,221.0,14.0,212.5,3.0,242.0,28.0,1.3464954511617686,211.0,214.0,270,214.0,70.0,0.79
07:35:11,211.0,145.0,215.2,10.0,209.32,47.0,221.44,27.0,213.1,4.199999999999989,192.0,37.0,1.2702558797341692,211.0,215.2,229,155.0,-41.0,0.68
07:35:12,211.0,98.0,218.0,7.0,210.0,7.0,221.0,35.0,214.5,7.0,105.0,42.0,0.7361861177712852,211.0,218.0,147,63.0,-82.0,0.43
07:35:13,211.0,98.0,218.0,7.0,210.0,7.0,221.0,35.0,214.5,7.0,105.0,42.0,0.8941476388154302,211.0,218.0,147,63.0,0.0,0.43
07:35:14,211.0,126.0,214.1,29.0,210.0,9.0,218.86,14.0,212.55,3.0999999999999943,135.0,43.0,1.0047387720194574,211.0,214.1,178,92.0,31.0,0.52
07:35:15,211.0,112.0,213.0,16.0,210.0,8.0,221.0,46.0,212.0,2.0,120.0,62.0,1.136661779070243,211.0,213.0,182,58.0,4.0,0.32
07:35:16,211.0,168.0,212.38,21.0,210.0,12.0,221.0,60.0,211.69,1.3799999999999955,180.0,81.0,1.360797560256135,211.0,212.37999999999997,261,99.0,79.0,0.38
07:35:17,211.0,154.0,212.0,11.0,210.0,11.0,221.0,55.0,211.5,1.0,165.0,66.0,1.2139892915503345,211.0,212.0,231,99.0,-30.0,0.43
07:35:18,211.0,176.0,221.0,70.0,210.0,14.0,222.0,56.0,216.0,10.0,190.0,126.0,1.8608519554222958,211.0,221.0,316,64.0,85.0,0.2
07:35:19,211.0,90.0,222.0,36.0,210.0,9.0,223.0,36.0,216.5,11.0,99.0,72.0,2.4884171675985596,211.0,222.0,171,27.0,-145.0,0.16
07:35:20,211.0,100.0,220.22,37.0,210.0,10.0,222.9,40.0,215.61,9.219999999999999,110.0,77.0,2.454088425464632,211.0,220.22,187,33.0,16.0,0.18
07:35:21,211.0,203.0,219.74,116.0,210.0,18.0,221.19,77.0,215.37,8.740000000000009,221.0,193.0,2.000557422320011,211.0,219.74,414,28.0,165.5,0.07
07:35:22,211.0,104.0,215.43,42.0,210.0,12.0,218.24,51.0,213.21,4.430000000000007,116.0,93.0,1.2641083814292817,211.0,215.42999999999998,209,23.0,-166.5,0.11
07:35:23,211.0,56.0,212.29,35.0,210.0,7.0,215.09,22.0,211.64,1.289999999999992,63.0,57.0,1.989153086114666,211.0,212.29,120,6.0,-89.0,0.05
07:35:24,211.0,104.0,213.71,62.0,209.36,188.0,221.43,77.0,212.35,2.710000000000008,292.0,139.0,1.7834461023533172,211.0,213.71,431,153.0,165.5,0.35
07:35:25,210.04,80.0,214.75,12.0,209.12,88.0,221.67,30.0,212.39,4.710000000000008,168.0,42.0,1.4409094350440732,210.04000000000002,214.75,210,126.0,-166.5,0.6
07:35:26,210.0,99.0,211.0,21.0,209.0,99.0,220.0,29.0,210.5,1.0,198.0,50.0,1.0144801624471063,210.0,211.0,248,148.0,38.0,0.6
07:35:27,209.55,123.0,211.0,13.0,208.9,98.0,220.0,52.0,210.28,1.4499999999999886,221.0,65.0,0.9999349978866138,209.55,211.0,286,156.0,38.0,0.55
07:35:28,209.03,125.0,210.53,17.0,208.11,56.0,219.1,40.0,209.78,1.5,181.0,57.0,1.224071076367053,209.03,210.53,238,124.0,-48.0,0.52
07:35:29,213.71,154.0,219.83,53.0,208.03,130.0,221.81,43.0,216.77,6.1200000000000045,284.0,96.0,2.8734178255169653,213.71000000000004,219.82999999999998,380,188.0,142.0,0.49
07:35:30,215.0,176.0,220.0,64.0,211.0,64.0,222.0,96.0,217.5,5.0,240.0,160.0,3.8234120886975966,215.0,220.0,400,80.0,20.0,0.2
07:35:31,215.0,88.0,220.0,32.0,211.0,32.0,222.0,56.0,217.5,5.0,120.0,88.0,3.973346196847096,215.0,220.0,208,32.0,-166.5,0.15
07:35:32,215.0,55.0,220.0,20.0,211.0,20.0,222.0,35.0,217.5,5.0,75.0,55.0,3.3856609399051836,215.0,220.0,130,20.0,-78.0,0.15
07:35:33,215.0,99.0,220.0,36.0,211.0,36.0,222.0,47.0,217.5,5.0,135.0,83.0,0.3264659247151151,215.0,220.0,218,52.0,88.0,0.24
07:35:34,215.0,88.0,220.0,32.0,211.0,37.0,222.0,45.0,217.5,5.0,125.0,77.0,0.0,215.0,220.0,202,48.0,-16.0,0.24
07:35:35,215.0,121.0,219.83,29.0,212.0,55.0,221.48,62.0,217.41,4.8300000000000125,176.0,91.0,0.04024922359674541,215.0,219.83,267,85.0,65.0,0.32
07:35:36,215.0,165.0,218.33,30.0,212.0,75.0,221.82,98.0,216.67,3.3300000000000125,240.0,128.0,0.36322169538738563,215.0,218.33,368,112.0,101.0,0.3
07:35:37,215.0,110.0,216.37,19.0,212.0,50.0,217.9,31.0,215.68,1.3700000000000045,160.0,50.0,0.7918143721857718,215.0,216.36999999999998,210,110.0,-158.0,0.52
07:35:38,215.0,49.0,218.57,21.0,212.0,30.0,222.42,26.0,216.79,3.569999999999993,79.0,47.0,0.7302396866782153,215.0,218.57000000000002,126,32.0,-84.0,0.25
07:35:39,215.0,30.0,221.6,20.0,212.0,30.0,222.82,34.0,218.3,6.599999999999994,60.0,54.0,0.9681167284991852,215.0,221.6,114,6.0,-12.0,0.05
07:35:40,215.0,35.0,221.0,28.0,212.0,35.0,222.0,59.0,218.0,6.0,70.0,87.0,1.0661472693769891,215.0,221.0,157,-17.0,43.0,-0.11
07:35:41,215.0,30.0,221.0,30.0,212.0,30.0,222.0,54.0,218.0,6.0,60.0,84.0,1.1011266957076735,215.0,221.0,144,-24.0,-13.0,-0.17
07:35:42,212.45,67.0,221.0,65.0,211.08,127.0,222.0,105.0,216.72,8.550000000000011,194.0,170.0,0.7472081370007778,212.45,221.0,364,24.0,165.5,0.07
07:35:43,214.52,25.0,221.0,24.0,211.76,37.0,222.0,56.0,217.76,6.47999999999999,62.0,80.0,0.6099836063372811,214.52,221.0,142,-18.0,-166.5,-0.13
07:35:44,211.26,106.0,221.0,42.0,209.27,133.0,222.0,98.0,216.13,9.740000000000009,239.0,140.0,0.8506585684045548,211.26,221.0,379,99.0,165.5,0.26
07:35:45,213.58,65.0,221.0,24.0,210.7,74.0,222.0,56.0,217.29,7.4199999999999875,139.0,80.0,0.7640353394968308,213.58,221.0,219,59.0,-160.0,0.27
07:35:46,214.0,80.0,221.0,30.0,211.0,90.0,222.0,52.0,217.5,7.0,170.0,82.0,0.6547900426854415,214.0,221.0,252,88.0,33.0,0.35
07:35:47,214.0,68.0,221.0,47.0,211.0,117.0,222.0,91.0,217.5,7.0,185.0,138.0,0.640335849379098,214.0,221.0,323,47.0,71.0,0.15
07:35:48,214.0,28.0,221.0,21.0,211.0,63.0,222.0,49.0,217.5,7.0,91.0,70.0,0.5961795031700075,214.0,221.0,161,21.0,-162.0,0.13
07:35:49,214.0,28.0,221.0,21.0,211.0,63.0,222.0,49.0,217.5,7.0,91.0,70.0,0.09391485505560551,214.0,221.0,161,21.0,0.0,0.13
07:35:50,214.0,40.0,221.0,30.0,211.0,90.0,222.0,54.0,217.5,7.0,130.0,84.0,0.0,214.0,221.0,214,46.0,53.0,0.21
07:35:51,214.0,40.0,221.0,30.0,211.0,90.0,222.0,60.0,217.5,7.0,130.0,90.0,0.0,214.0,221.0,220,40.0,6.0,0.18
07:35:52,214.0,44.0,221.78,54.0,211.0,99.0,324.02,49.0,217.89,7.780000000000001,143.0,103.0,0.17441330224540258,214.0,221.78,246,40.0,26.0,0.16
07:35:53,214.0,40.0,222.0,60.0,211.0,90.0,372.69,13.0,218.0,8.0,130.0,73.0,0.2468197723039528,214.0,222.0,203,57.0,-43.0,0.28
07:35:54,214.0,35.0,221.29,63.0,211.0,81.0,236.88,24.0,217.64,7.289999999999992,116.0,87.0,0.2288667734735289,214.0,221.29,203,29.0,0.0,0.14
07:35:55,214.0,18.0,221.0,64.0,211.0,64.0,222.0,24.0,217.5,7.0,82.0,88.0,0.2288667734735289,214.0,221.0,170,-6.0,-33.0,-0.04
07:35:56,214.0,16.0,221.0,64.0,211.0,40.0,224.0,24.0,217.5,7.0,56.0,88.0,0.2288667734735289,214.0,221.0,144,-32.0,-26.0,-0.22
07:35:57,214.0,16.0,221.0,64.0,211.0,88.0,224.0,24.0,217.5,7.0,104.0,88.0,0.21661024906536938,214.0,221.0,192,16.0,48.0,0.08
07:35:58,214.0,10.0,221.0,40.0,211.0,30.0,224.0,15.0,217.5,7.0,40.0,55.0,0.06260990337103937,214.0,221.0,95,-15.0,-97.0,-0.16
07:35:59,214.0,18.0,221.0,72.0,211.4,30.0,224.0,27.0,217.5,7.0,48.0,99.0,0.0,214.0,221.0,147,-51.0,52.0,-0.35
07:36:00,214.0,28.0,220.39,28.0,212.0,28.0,221.21,63.0,217.2,6.389999999999986,56.0,91.0,0.13416407865038915,214.0,220.39000000000001,147,-35.0,0.0,-0.24
07:36:01,215.2,30.0,217.24,25.0,213.2,30.0,220.55,42.0,216.22,2.0400000000000205,60.0,67.0,0.5543284225078401,215.2,217.24,127,-7.0,-20.0,-0.06
07:36:02,214.36,22.0,217.09,23.0,212.36,22.0,221.67,27.0,215.73,2.7299999999999898,44.0,50.0,0.8088263101556025,214.36,217.08999999999997,94,-6.0,-33.0,-0.06
07:36:03,212.5,32.0,215.92,24.0,211.08,104.0,221.9,40.0,214.21,3.4199999999999875,136.0,64.0,1.3102938601701994,212.5,215.92,200,72.0,106.0,0.36
07:36:04,212.0,33.0,213.88,17.0,211.0,136.0,214.94,17.0,212.94,1.8799999999999955,169.0,34.0,1.6875277775489983,212.0,213.88,203,135.0,3.0,0.67
07:36:05,210.82,51.0,213.0,13.0,209.95,39.0,220.93,82.0,211.91,2.180000000000007,90.0,95.0,1.82023899529682,210.82,213.0,185,-5.0,-18.0,-0.03
07:36:06,209.75,32.0,212.08,26.0,207.55,29.0,216.87,31.0,210.91,2.3300000000000125,61.0,57.0,1.8959694090356154,209.75,212.07999999999998,118,4.0,-67.0,0.03
07:36:07,209.63,19.0,213.0,13.0,207.38,13.0,219.0,65.0,211.32,3.3700000000000045,32.0,78.0,1.3316793908439797,209.63,213.0,110,-46.0,-8.0,-0.42
07:36:08,209.77,127.0,219.0,90.0,200.52,42.0,220.0,54.0,214.39,9.22999999999999,169.0,144.0,1.3984026601800281,209.77,219.0,313,25.0,165.5,0.08
07:36:09,215.0,78.0,219.0,50.0,202.5,20.0,220.0,30.0,217.0,4.0,98.0,80.0,2.5619582354126846,215.0,219.0,178,18.0,-135.0,0.1
07:36:10,215.0,28.0,219.0,20.0,204.0,8.0,220.0,12.0,217.0,4.0,36.0,32.0,2.949818638492757,215.0,219.0,68,4.0,-110.0,0.06
07:36:11,215.0,77.0,218.33,15.0,208.22,77.0,219.06,53.0,216.67,3.3300000000000125,154.0,68.0,2.4658933472475413,215.0,218.33,222,86.0,154.0,0.39
07:36:12,215.0,126.0,217.11,18.0,209.0,234.0,219.0,90.0,216.06,2.1100000000000136,360.0,108.0,1.094728276788369,215.0,217.11,468,252.0,165.5,0.54
07:36:13,215.0,88.0,217.33,30.0,209.0,182.0,219.29,62.0,216.17,2.3300000000000125,270.0,92.0,0.447045858945318,215.0,217.33,362,178.0,-106.0,0.49
07:36:14,215.0,12.0,219.0,18.0,209.0,52.0,224.75,12.0,217.0,4.0,64.0,30.0,0.447045858945318,215.0,219.0,94,34.0,-166.5,0.36
07:36:15,215.0,30.0,221.0,30.0,209.0,130.0,225.5,30.0,218.0,6.0,160.0,60.0,0.7809289340268051,215.0,221.0,220,100.0,126.0,0.45
07:36:16,215.0,33.0,216.88,43.0,209.0,143.0,218.55,33.0,215.94,1.8799999999999955,176.0,76.0,0.8698160725119854,215.0,216.88,252,100.0,32.0,0.4
07:36:17,212.48,31.0,216.33,27.0,208.85,81.0,219.14,21.0,214.41,3.8500000000000227,112.0,48.0,1.3321523936847612,212.48,216.33000000000004,160,64.0,-92.0,0.4
07:36:18,209.66,50.0,218.36,22.0,208.78,110.0,220.48,29.0,214.01,8.700000000000017,160.0,51.0,1.6889256940433703,209.66,218.36,211,109.0,51.0,0.52
07:36:19,211.0,45.0,216.36,22.0,209.3,74.0,217.7,23.0,213.68,5.360000000000014,119.0,45.0,1.7845083356486797,211.0,216.36,164,74.0,-47.0,0.45
07:36:20,211.0,66.0,215.35,17.0,210.0,24.0,216.26,19.0,213.18,4.349999999999994,90.0,36.0,1.0498714206983972,211.0,215.35,126,54.0,-38.0,0.43
07:36:21,211.0,81.0,213.0,16.0,210.0,18.0,214.73,11.0,212.0,2.0,99.0,27.0,0.9304998656630684,211.0,213.0,126,72.0,0.0,0.57
07:36:22,211.29,72.0,215.44,25.0,210.73,67.0,220.11,71.0,213.37,4.150000000000006,139.0,96.0,0.7655520883642793,211.29,215.44,235,43.0,109.0,0.18
07:36:23,211.28,53.0,216.0,26.0,209.82,92.0,220.62,39.0,213.64,4.719999999999999,145.0,65.0,0.6873718062292656,211.28,216.0,210,80.0,-25.0,0.38
07:36:24,211.0,75.0,220.0,33.0,210.0,11.0,222.0,77.0,215.5,9.0,86.0,110.0,1.2630993626785783,211.0,220.0,196,-24.0,-14.0,-0.12
07:36:25,213.96,85.0,220.0,33.0,210.98,101.0,222.0,57.0,216.98,6.039999999999992,186.0,90.0,1.9501846066460808,213.96000000000004,220.0,276,96.0,80.0,0.35
07:36:26,215.12,48.0,220.0,21.0,211.38,73.0,222.0,31.0,217.56,4.8799999999999955,121.0,52.0,1.8967076738390183,215.12,220.0,173,69.0,-103.0,0.4
07:36:27,216.0,90.0,219.12,32.0,215.0,105.0,221.18,55.0,217.56,3.1200000000000045,195.0,87.0,1.683722067325896,216.0,219.12,282,108.0,109.0,0.38
07:36:28,216.0,90.0,217.27,30.0,215.0,105.0,221.0,45.0,216.63,1.2700000000000102,195.0,75.0,0.8508701428540303,216.0,217.27,270,120.0,-12.0,0.44
07:36:29,215.62,92.0,217.0,24.0,213.04,96.0,221.62,48.0,216.31,1.3799999999999955,188.0,72.0,0.5568392945909098,215.62,217.0,260,116.0,-10.0,0.45
07:36:30,216.0,156.0,217.0,24.0,215.0,84.0,221.58,60.0,216.5,1.0,240.0,84.0,0.6023869188490529,216.0,217.0,324,156.0,64.0,0.48
07:36:31,216.0,41.0,221.0,30.0,215.0,42.0,223.0,18.0,218.5,5.0,83.0,48.0,0.9187763601663549,216.0,221.0,131,35.0,-166.5,0.27
07:36:32,216.0,66.0,221.0,55.0,215.0,89.0,223.18,33.0,218.5,5.0,155.0,88.0,1.112236485645301,216.0,221.0,243,67.0,112.0,0.28
07:36:33,216.0,60.0,221.0,50.0,215.0,70.0,223.57,42.0,218.5,5.0,130.0,92.0,1.1494433435366642,216.0,221.0,222,38.0,-21.0,0.17
07:36:34,216.0,17.0,221.0,35.0,215.0,49.0,223.0,35.0,218.5,5.0,66.0,70.0,0.8944271910004179,216.0,221.0,136,-4.0,-86.0,-0.03
07:36:35,215.0,16.0,221.0,20.0,214.0,16.0,223.0,20.0,218.0,6.0,32.0,40.0,0.22360679775222858,215.0,221.0,72,-8.0,-64.0,-0.11
07:36:36,215.0,24.0,221.0,30.0,214.0,24.0,223.0,30.0,218.0,6.0,48.0,60.0,0.27386127875435856,215.0,221.0,108,-12.0,36.0,-0.11
07:36:37,215.0,40.0,220.53,38.0,214.0,40.0,221.8,50.0,217.76,5.530000000000001,80.0,88.0,0.33244548425407366,215.0,220.52999999999997,168,-8.0,60.0,-0.05
07:36:38,215.0,17.0,219.5,24.0,214.0,32.0,221.0,40.0,217.25,4.5,49.0,64.0,0.45334313714982244,215.0,219.5,113,-15.0,-55.0,-0.13
07:36:39,215.0,8.0,218.0,24.0,214.0,32.0,222.25,40.0,216.5,3.0,40.0,64.0,0.6383729317575334,215.0,218.0,104,-24.0,-9.0,-0.23
07:36:40,214.37,19.0,216.44,32.0,213.65,34.0,217.79,39.0,215.4,2.069999999999993,53.0,71.0,1.054571002825567,214.37,216.44,124,-18.0,20.0,-0.15
07:36:41,212.84,45.0,215.51,47.0,211.65,34.0,219.9,49.0,214.18,2.6699999999999875,79.0,96.0,1.4443752974903148,212.83999999999997,215.51,175,-17.0,51.0,-0.1
07:36:42,211.77,137.0,217.6,30.0,210.95,95.0,220.81,62.0,214.68,5.829999999999984,232.0,92.0,1.268392683674898,211.77,217.6,324,140.0,149.0,0.43
07:36:43,212.0,91.0,215.69,13.0,211.0,118.0,217.0,39.0,213.85,3.6899999999999977,209.0,52.0,1.0579319448810383,212.0,215.69,261,157.0,-63.0,0.6
07:36:44,212.0,49.0,214.31,13.0,211.0,77.0,217.0,9.0,213.15,2.3100000000000023,126.0,22.0,0.8488639466955318,212.0,214.31,148,104.0,-113.0,0.7
07:36:45,212.0,69.0,215.85,39.0,211.0,121.0,220.73,48.0,213.92,3.8499999999999943,190.0,87.0,0.5559946042898202,212.0,215.85,277,103.0,129.0,0.37
07:36:46,212.0,60.0,220.0,50.0,211.0,110.0,223.0,100.0,216.0,8.0,170.0,150.0,1.084181719085657,212.0,220.0,320,20.0,43.0,0.06
07:36:47,211.24,58.0,222.22,69.0,210.93,59.0,224.83,63.0,216.73,10.97999999999999,117.0,132.0,1.5443283329653932,211.24,222.22,249,-15.0,-71.0,-0.06
07:36:48,211.0,154.0,218.92,64.0,210.0,14.0,220.16,51.0,214.96,7.9199999999999875,168.0,115.0,1.4638886569680598,211.0,218.92,283,53.0,34.0,0.19
07:36:49,211.06,48.0,217.79,38.0,210.42,12.0,218.71,34.0,214.43,6.72999999999999,60.0,72.0,1.1477673980384044,211.06000000000003,217.79000000000002,132,-12.0,-151.0,-0.09
07:36:50,211.14,104.0,214.93,76.0,210.5,80.0,217.9,79.0,213.04,3.7900000000000205,184.0,155.0,1.4279250680619746,211.14,214.93,339,29.0,165.5,0.09
07:36:51,211.0,90.0,212.5,30.0,210.0,70.0,214.0,50.0,211.75,1.5,160.0,80.0,1.8959087530784628,211.0,212.5,240,80.0,-99.0,0.33
07:36:52,211.0,60.0,213.14,28.0,210.0,56.0,217.38,40.0,212.07,2.1399999999999864,116.0,68.0,1.4144787025612175,211.0,213.14000000000001,184,48.0,-56.0,0.26
07:36:53,211.0,49.0,214.0,24.0,210.0,49.0,221.0,35.0,212.5,3.0,98.0,59.0,1.052506532045817,211.0,214.0,157,39.0,-27.0,0.25
07:36:54,211.0,28.0,214.0,8.0,210.0,28.0,221.0,20.0,212.5,3.0,56.0,28.0,0.4891523280114051,211.0,214.0,84,28.0,-73.0,0.33
07:36:55,211.0,49.0,214.0,14.0,210.0,49.0,221.43,35.0,212.5,3.0,98.0,49.0,0.34238866803524065,211.0,214.0,147,49.0,63.0,0.33
07:36:56,211.0,40.0,214.0,20.0,210.0,70.0,221.62,40.0,212.5,3.0,110.0,60.0,0.19230184606236767,211.0,214.0,170,50.0,23.0,0.29
07:36:57,211.0,16.0,213.25,16.0,210.0,56.0,221.0,24.0,212.12,2.25,72.0,40.0,0.16994116628702674,211.0,213.25,112,32.0,-58.0,0.29
07:36:58,210.0,60.0,212.25,24.0,209.0,12.0,220.5,36.0,211.12,2.25,72.0,60.0,0.5977624946405515,210.0,212.25,132,12.0,20.0,0.09
07:36:59,210.0,15.0,220.0,15.0,209.0,5.0,221.0,30.0,215.0,10.0,20.0,45.0,1.430845903652476,210.0,220.0,65,-25.0,-67.0,-0.38
07:37:00,209.55,11.0,220.0,54.0,206.14,63.0,221.75,40.0,214.77,10.449999999999989,74.0,94.0,1.705848762346544,209.55,220.0,168,-20.0,103.0,-0.12
07:37:01,206.24,29.0,220.0,112.0,204.95,76.0,222.0,70.0,213.12,13.759999999999991,105.0,182.0,1.673373837490977,206.24,220.0,287,-77.0,119.0,-0.27
07:37:02,205.0,16.0,220.0,32.0,204.0,32.0,222.0,20.0,212.5,15.0,48.0,52.0,1.6183077581224488,205.0,220.0,100,-4.0,-166.5,-0.04
07:37:03,205.0,24.0,220.0,48.0,204.0,48.0,222.0,30.0,212.5,15.0,72.0,78.0,1.2223829187285846,205.0,220.0,150,-6.0,50.0,-0.04
07:37:04,205.0,4.0,220.0,8.0,204.0,8.0,222.0,5.0,212.5,15.0,12.0,13.0,0.9832192024158232,205.0,220.0,25,-1.0,-125.0,-0.04
07:37:05,205.0,20.0,220.0,40.0,204.0,40.0,222.0,40.0,212.5,15.0,60.0,80.0,0.2772724292081954,205.0,220.0,140,-20.0,115.0,-0.14
07:37:06,204.33,36.0,219.89,36.0,203.23,39.0,221.43,56.0,212.11,15.559999999999974,75.0,92.0,0.17441330224194118,204.33,219.89,167,-17.0,27.0,-0.1
07:37:07,205.81,112.0,217.42,65.0,203.75,128.0,218.39,95.0,211.61,11.609999999999985,240.0,160.0,0.39259393780198304,205.81,217.42,400,80.0,165.5,0.2
07:37:08,206.99,86.0,213.69,48.0,203.67,125.0,215.0,112.0,210.34,6.699999999999989,211.0,160.0,0.9004276761621238,206.98999999999998,213.68999999999997,371,51.0,-29.0,0.14
07:37:09,207.37,67.0,211.17,36.0,204.4,86.0,214.06,68.0,209.27,3.799999999999983,153.0,104.0,1.3364991582483372,207.37,211.17,257,49.0,-114.0,0.19
07:37:10,207.41,61.0,209.77,22.0,204.54,78.0,212.14,35.0,208.59,2.3600000000000136,139.0,57.0,1.4952859258343545,207.41,209.77,196,82.0,-61.0,0.42
07:37:11,207.0,74.0,209.18,22.0,203.0,120.0,212.7,47.0,208.09,2.180000000000007,194.0,69.0,1.4137538682522088,207.0,209.18,263,125.0,67.0,0.48
07:37:12,205.11,76.0,211.07,14.0,200.06,107.0,214.0,79.0,208.09,5.9599999999999795,183.0,93.0,0.9507786282820462,205.11,211.07,276,90.0,13.0,0.33
07:37:13,203.0,80.0,211.95,39.0,194.0,70.0,212.33,51.0,207.47,8.949999999999989,150.0,90.0,0.6712078664599683,203.0,211.95,240,60.0,-36.0,0.25
07:37:14,203.0,72.0,204.0,33.0,193.59,59.0,206.0,45.0,203.5,1.0,131.0,78.0,2.0775995764336974,203.0,204.0,209,53.0,-31.0,0.25
07:37:15,203.0,80.0,204.77,31.0,148.91,22.0,207.8,50.0,203.89,1.7700000000000102,102.0,81.0,2.3120813134483997,203.0,204.77,183,21.0,-26.0,0.11
07:37:16,203.0,72.0,205.76,21.0,135.81,26.0,209.0,40.0,204.38,2.759999999999991,98.0,61.0,2.1464924877569738,203.0,205.76,159,37.0,-24.0,0.23
07:37:17,203.0,72.0,205.0,9.0,135.13,23.0,206.0,36.0,204.0,2.0,95.0,45.0,1.608406043260515,203.0,205.0,140,50.0,-19.0,0.36
07:37:18,203.0,64.0,205.0,8.0,201.0,8.0,206.0,32.0,204.0,2.0,72.0,40.0,0.3146108707543151,203.0,205.0,112,32.0,-28.0,0.29
07:37:19,203.05,59.0,205.97,29.0,202.07,15.0,212.39,46.0,204.51,2.9199999999999875,74.0,75.0,0.2715326867926537,203.05,205.97,149,-1.0,37.0,-0.01
07:37:20,203.02,55.0,206.0,52.0,199.49,41.0,211.0,13.0,204.51,2.9799999999999898,96.0,65.0,0.26105554963813593,203.02,206.0,161,31.0,12.0,0.19
07:37:21,204.0,9.0,206.0,36.0,199.0,99.0,211.0,9.0,205.0,2.0,108.0,45.0,0.419559292587956,204.0,206.0,153,63.0,-8.0,0.41
07:37:22,204.31,13.0,206.0,36.0,199.1,100.0,211.0,11.0,205.15,1.6899999999999977,113.0,47.0,0.4563222545493226,204.31,206.0,160,66.0,7.0,0.41
07:37:23,201.24,51.0,206.0,44.0,200.65,72.0,211.0,11.0,203.62,4.759999999999991,123.0,55.0,0.5979715712280582,201.24,206.0,178,68.0,18.0,0.38
07:37:24,204.03,37.0,206.0,46.0,203.06,51.0,211.0,13.0,205.01,1.9699999999999989,88.0,59.0,0.6289435586735754,204.03,206.0,147,29.0,-31.0,0.2
07:37:25,204.82,49.0,206.0,18.0,200.18,67.0,211.0,17.0,205.41,1.1800000000000068,116.0,35.0,0.7006925145861296,204.82,206.0,151,81.0,4.0,0.54
07:37:26,205.0,33.0,209.64,11.0,200.0,44.0,212.83,35.0,207.32,4.639999999999986,77.0,46.0,1.3249037700894237,205.0,209.64,123,31.0,-28.0,0.25
07:37:27,205.0,27.0,211.0,9.0,198.22,36.0,213.0,36.0,208.0,6.0,63.0,45.0,1.7785584050003307,205.0,211.0,108,18.0,-15.0,0.17
07:37:28,211.06,68.0,212.92,50.0,200.51,105.0,213.75,32.0,211.99,1.8599999999999852,173.0,82.0,2.7838875695684506,211.06,212.92,255,91.0,147.0,0.36
07:37:29,212.0,66.0,385.17,36.0,211.0,22.0,477.51,35.0,298.58,173.17000000000002,88.0,71.0,40.49904011208169,212.0,385.17,159,17.0,-96.0,0.11
07:37:30,212.0,78.0,223.37,41.0,211.0,26.0,286.74,54.0,217.68,11.370000000000005,104.0,95.0,39.27299428360412,212.0,223.37,199,9.0,40.0,0.05
07:37:31,212.77,53.0,222.0,26.0,211.77,44.0,520.25,48.0,217.39,9.22999999999999,97.0,74.0,38.14354820936304,212.77000000000004,222.0,171,23.0,-28.0,0.13
07:37:32,215.0,72.0,218.96,46.0,213.0,12.0,266.62,26.0,216.98,3.960000000000008,84.0,72.0,37.00013013490632,215.0,218.96,156,12.0,-15.0,0.08
07:37:33,215.0,70.0,216.62,37.0,213.0,12.0,218.17,46.0,215.81,1.6200000000000045,82.0,83.0,36.5062757618468,215.0,216.62,165,-1.0,9.0,-0.01
07:37:34,213.89,18.0,215.26,27.0,212.03,62.0,247.33,24.0,214.57,1.3700000000000045,80.0,51.0,1.2859743387795195,213.89,215.26,131,29.0,-34.0,0.22
07:37:35,212.08,39.0,231.96,27.0,211.6,30.0,283.59,22.0,222.02,19.879999999999995,69.0,49.0,2.8305176205068454,212.08,231.96,118,20.0,-13.0,0.17
07:37:36,212.0,49.0,227.87,15.0,211.0,18.0,279.78,9.0,219.93,15.870000000000005,67.0,24.0,3.057428658202819,212.0,227.87,91,43.0,-27.0,0.47
07:37:37,212.0,65.0,235.77,13.0,211.0,26.0,342.32,31.0,223.88,23.77000000000001,91.0,44.0,3.978312456306094,212.0,235.77,135,47.0,44.0,0.35
07:37:38,212.0,55.0,233.36,11.0,211.0,22.0,406.15,47.0,222.68,21.360000000000014,77.0,58.0,3.6711619414022816,212.0,233.36,135,19.0,0.0,0.14
07:37:39,212.06,50.0,231.77,13.0,211.03,31.0,326.39,62.0,221.91,19.710000000000008,81.0,75.0,1.4365688288421485,212.06,231.77,156,6.0,21.0,0.04
07:37:40,210.78,18.0,215.53,43.0,209.17,65.0,251.29,51.0,213.16,4.75,83.0,94.0,4.248196087753082,210.78,215.53000000000003,177,-11.0,21.0,-0.06
07:37:41,210.76,34.0,212.0,55.0,207.65,17.0,398.59,41.0,211.38,1.240000000000009,51.0,96.0,5.856681654315888,210.76,212.0,147,-45.0,-30.0,-0.31
07:37:42,211.0,18.0,212.0,43.0,210.0,9.0,422.74,43.0,211.5,1.0,27.0,86.0,5.681793730856465,211.0,212.0,113,-59.0,-34.0,-0.52
07:37:43,210.96,23.0,212.0,48.0,207.75,20.0,366.25,60.0,211.48,1.039999999999992,43.0,108.0,4.546249003299243,210.96,212.0,151,-65.0,38.0,-0.43
07:37:44,205.72,47.0,212.0,36.0,203.66,29.0,427.67,39.0,208.86,6.280000000000001,76.0,75.0,1.5402207633968406,205.72,212.0,151,1.0,0.0,0.01
07:37:45,203.0,36.0,211.55,33.0,202.0,81.0,255.43,35.0,207.27,8.550000000000011,117.0,68.0,1.9396700750381302,203.0,211.55,185,49.0,34.0,0.26
07:37:46,203.0,48.0,209.58,31.0,202.0,108.0,219.83,46.0,206.29,6.5800000000000125,156.0,77.0,2.383537287310222,203.0,209.58,233,79.0,48.0,0.34
07:37:47,206.87,46.0,376.44,52.0,205.54,95.0,526.91,33.0,291.66,169.57,141.0,85.0,37.25318738041086,206.87,376.44,226,56.0,-7.0,0.25
07:37:48,212.0,144.0,257.0,40.0,203.0,32.0,614.38,24.0,234.5,45.0,176.0,64.0,36.563365955557266,212.0,257.0,240,112.0,14.0,0.47
07:37:50,212.0,216.0,348.12,33.0,203.0,48.0,460.52,42.0,280.06,136.12,264.0,75.0,76.17869518441502,212.0,348.12,339,189.0,106.0,0.56
07:37:51,212.0,144.0,271.25,16.0,203.0,32.0,279.41,34.0,241.62,59.25,176.0,50.0,68.47440456112062,212.0,271.25,226,126.0,-113.0,0.56
07:37:52,212.2,179.0,245.86,29.0,209.64,122.0,271.6,35.0,229.03,33.660000000000025,301.0,64.0,73.75162371093951,212.2,245.86,365,237.0,139.0,0.65
07:37:53,212.02,173.0,217.69,26.0,209.43,88.0,219.29,28.0,214.85,5.6699999999999875,261.0,54.0,77.09996919584349,212.01999999999998,217.69,315,207.0,-50.0,0.66
07:37:54,212.0,120.0,215.33,30.0,209.0,90.0,216.67,30.0,213.67,3.3300000000000125,210.0,60.0,27.23638063326343,212.0,215.33,270,150.0,-45.0,0.56
07:37:55,212.0,106.0,218.09,46.0,209.0,135.0,250.11,36.0,215.04,6.090000000000003,241.0,82.0,12.245136585600234,212.0,218.08999999999997,323,159.0,53.0,0.49
07:37:56,209.75,24.0,236.0,8.0,208.69,26.0,248.0,8.0,222.88,26.25,50.0,16.0,6.650641322459429,209.75,236.0,66,34.0,-166.5,0.52
07:37:57,209.0,72.0,215.0,16.0,208.0,32.0,258.0,16.0,212.0,6.0,104.0,32.0,4.19882959882925,209.0,215.0,136,72.0,70.0,0.53
07:37:58,209.0,126.0,212.0,28.0,208.0,56.0,250.0,16.0,210.5,3.0,182.0,44.0,4.820510346426455,209.0,212.0,226,138.0,90.0,0.61
07:37:59,210.0,66.0,212.0,26.0,208.54,117.0,220.0,13.0,211.0,2.0,183.0,39.0,5.118171548512658,210.0,212.0,222,144.0,-4.0,0.65
07:38:00,210.09,22.0,212.0,14.0,204.33,78.0,220.0,23.0,211.05,1.9099999999999966,100.0,37.0,5.279344656300098,210.09000000000003,212.0,137,63.0,-85.0,0.46
07:38:01,210.73,11.0,212.0,22.0,209.12,41.0,220.0,55.0,211.36,1.2700000000000102,52.0,77.0,0.55147076078825,210.73,212.0,129,-25.0,-8.0,-0.19
07:38:02,206.4,20.0,211.07,30.0,205.42,12.0,214.11,19.0,208.73,4.6699999999999875,32.0,49.0,1.0513182201428684,206.4,211.07,81,-17.0,-48.0,-0.21
07:38:03,205.5,10.0,210.29,28.0,204.29,7.0,212.0,14.0,207.89,4.789999999999992,17.0,42.0,1.5824759081908273,205.5,210.29,59,-25.0,-22.0,-0.42
07:38:04,207.0,28.0,209.07,56.0,205.0,14.0,212.21,28.0,208.04,2.069999999999993,42.0,84.0,1.6689607544829745,207.0,209.07,126,-42.0,67.0,-0.33
07:38:05,206.6,15.0,208.33,36.0,204.67,9.0,213.0,18.0,207.47,1.7300000000000182,24.0,54.0,1.5557216974781716,206.6,208.33,78,-30.0,-48.0,-0.38
07:38:06,205.49,45.0,207.6,57.0,202.57,54.0,211.33,39.0,206.54,2.109999999999985,99.0,96.0,0.8070501843159178,205.49000000000004,207.6,195,3.0,117.0,0.02
07:38:07,202.33,140.0,213.93,28.0,201.9,142.0,217.06,64.0,208.13,11.599999999999994,282.0,92.0,0.6515596672633789,202.33,213.93,374,190.0,165.5,0.51
07:38:08,212.0,12.0,214.0,24.0,202.0,246.0,217.14,42.0,213.0,2.0,258.0,66.0,2.520343230594658,212.0,214.0,324,192.0,-50.0,0.59
07:38:09,212.0,10.0,213.57,14.0,202.0,210.0,214.88,16.0,212.79,1.5699999999999932,220.0,30.0,3.073943721020972,212.0,213.57,250,190.0,-74.0,0.76
07:38:10,212.0,10.0,213.0,10.0,202.57,196.0,214.8,20.0,212.5,1.0,206.0,30.0,3.031100460229623,212.0,213.0,236,176.0,-14.0,0.75
07:38:11,202.74,68.0,213.1,10.0,201.94,108.0,215.54,13.0,207.92,10.359999999999985,176.0,23.0,2.602416185010429,202.74,213.1,199,153.0,-37.0,0.77
07:38:12,202.0,210.0,213.42,12.0,200.0,10.0,218.0,10.0,207.71,11.419999999999987,220.0,22.0,2.7171363602153313,202.0,213.42,242,198.0,43.0,0.82
07:38:13,202.0,252.0,211.1,30.0,200.0,12.0,215.95,22.0,206.55,9.099999999999994,264.0,52.0,2.925188882791035,202.0,211.1,316,212.0,74.0,0.67
07:38:14,202.0,189.0,206.0,18.0,200.0,9.0,213.52,23.0,204.0,4.0,198.0,41.0,3.0860379129240196,202.0,206.0,239,157.0,-77.0,0.66
07:38:15,202.0,84.0,206.0,6.0,200.0,4.0,213.0,12.0,204.0,4.0,88.0,18.0,1.9304481345026263,202.0,206.0,106,70.0,-133.0,0.66
07:38:16,202.0,273.0,206.0,25.0,158.47,86.0,213.0,39.0,204.0,4.0,359.0,64.0,1.7627450184314262,202.0,206.0,423,295.0,165.5,0.7
07:38:17,202.0,231.0,205.88,33.0,200.0,22.0,210.78,27.0,203.94,3.8799999999999955,253.0,60.0,1.1473970542078769,202.0,205.88,313,193.0,-110.0,0.62
07:38:18,202.0,252.0,204.53,34.0,200.0,24.0,207.24,34.0,203.26,2.530000000000001,276.0,68.0,0.3252691193534836,202.0,204.53,344,208.0,31.0,0.6
07:38:19,202.16,100.0,205.29,14.0,201.83,92.0,206.83,18.0,203.72,3.1299999999999955,192.0,32.0,0.3147697571320959,202.16,205.29,224,160.0,-120.0,0.71
07:38:20,202.0,210.0,206.0,30.0,200.0,20.0,211.0,10.0,204.0,4.0,230.0,40.0,0.3147697571320959,202.0,206.0,270,190.0,46.0,0.7
07:38:21,202.0,104.0,206.22,37.0,200.0,28.0,210.18,28.0,204.11,4.219999999999999,132.0,65.0,0.33671946781407824,202.0,206.22,197,67.0,-73.0,0.34
07:38:22,202.6,20.0,212.0,15.0,201.5,16.0,214.0,40.0,207.3,9.400000000000006,36.0,55.0,1.6113410563890243,202.6,212.0,91,-19.0,-106.0,-0.21
07:38:23,203.0,24.0,212.6,20.0,201.88,16.0,399.31,26.0,207.8,9.599999999999994,40.0,46.0,1.9884365717831545,203.0,212.6,86,-6.0,-5.0,-0.07
07:38:24,203.58,36.0,220.47,30.0,201.0,24.0,458.88,24.0,212.03,16.889999999999986,60.0,54.0,3.2928513479968102,203.58,220.47,114,6.0,28.0,0.05
07:38:25,209.68,57.0,238.56,9.0,206.37,38.0,435.6,15.0,224.12,28.879999999999995,95.0,24.0,7.819390641220295,209.68,238.56,119,71.0,5.0,0.6
07:38:26,216.0,9.0,233.0,9.0,210.27,37.0,277.0,27.0,224.5,17.0,46.0,36.0,8.562458759024926,216.0,233.0,82,10.0,-37.0,0.12
07:38:27,216.0,11.0,235.67,15.0,211.0,55.0,314.24,37.0,225.83,19.669999999999987,66.0,52.0,8.322116918188655,216.0,235.67,118,14.0,36.0,0.12
07:38:28,216.0,4.0,249.0,4.0,211.0,20.0,276.62,8.0,232.5,33.0,24.0,12.0,7.398245062175264,216.0,249.0,36,12.0,-82.0,0.33
07:38:29,216.0,7.0,249.0,7.0,211.0,35.0,548.14,7.0,232.5,33.0,42.0,14.0,4.255960526132689,216.0,249.0,56,28.0,20.0,0.5
07:38:30,211.75,16.0,369.38,8.0,210.36,44.0,576.25,8.0,290.56,157.63,60.0,16.0,27.85190334609102,211.75,369.38,76,44.0,20.0,0.58
07:38:31,212.0,21.0,340.71,35.0,211.0,45.0,449.4,15.0,276.36,128.70999999999998,66.0,50.0,29.68433762104173,212.0,340.71,116,16.0,40.0,0.14
07:38:32,212.0,24.0,272.5,18.0,211.0,18.0,413.22,18.0,242.25,60.5,42.0,36.0,26.90579825985456,212.0,272.5,78,6.0,-38.0,0.08
07:38:33,212.0,36.0,263.4,10.0,211.0,27.0,409.0,9.0,237.7,51.39999999999998,63.0,19.0,25.908716293942323,212.0,263.4,82,44.0,4.0,0.54
07:38:34,212.0,32.0,265.0,14.0,211.0,30.0,301.0,10.0,238.5,53.0,62.0,24.0,24.66454094444071,212.0,265.0,86,38.0,4.0,0.44
07:38:35,212.0,22.0,249.57,7.0,211.0,21.0,485.74,19.0,230.79,37.56999999999999,43.0,26.0,17.947173872228348,212.0,249.57,69,17.0,-17.0,0.25
07:38:37,212.0,52.0,290.77,13.0,211.0,39.0,442.71,17.0,251.38,78.76999999999998,91.0,30.0,56.31768834034286,212.0,290.77,121,61.0,43.0,0.5
07:38:38,212.0,15.0,432.84,19.0,211.0,27.0,553.05,21.0,322.42,220.83999999999997,42.0,40.0,58.90223102735569,212.0,432.84,82,2.0,-39.0,0.02
07:38:39,212.0,11.0,371.39,33.0,211.0,33.0,385.69,49.0,291.7,159.39,44.0,82.0,53.77422821389423,212.0,371.39,126,-38.0,44.0,-0.3
07:38:40,210.13,39.0,331.41,17.0,209.5,34.0,332.91,23.0,270.77,121.28000000000003,73.0,40.0,44.552454702294185,210.13,331.41,113,33.0,-13.0,0.29
07:38:41,209.78,54.0,263.91,43.0,206.71,42.0,319.97,33.0,236.84,54.130000000000024,96.0,76.0,33.759498219019534,209.78,263.91,172,20.0,59.0,0.12
07:38:42,208.0,24.0,210.0,27.0,205.0,90.0,219.13,45.0,209.0,2.0,114.0,72.0,44.62526840255401,208.0,210.0,186,42.0,14.0,0.23
07:38:43,205.23,78.0,208.54,52.0,203.8,60.0,209.74,62.0,206.88,3.3100000000000023,138.0,114.0,37.55481220829087,205.23,208.54,252,24.0,66.0,0.1
07:38:44,205.0,38.0,206.0,10.0,202.0,20.0,208.0,50.0,205.5,1.0,58.0,60.0,28.26870566545272,205.0,206.0,118,-2.0,-134.0,-0.02
07:38:45,205.0,14.0,206.0,7.0,202.0,14.0,208.0,35.0,205.5,1.0,28.0,42.0,13.5459617598753,205.0,206.0,70,-14.0,-48.0,-0.2
07:38:46,205.0,16.0,206.0,8.0,202.0,16.0,208.0,40.0,205.5,1.0,32.0,48.0,1.532279347901704,205.0,206.0,80,-16.0,10.0,-0.2
07:38:47,205.0,10.0,206.0,5.0,202.0,10.0,208.0,25.0,205.5,1.0,20.0,30.0,0.6171547617950556,205.0,206.0,50,-10.0,-30.0,-0.2
07:38:48,205.64,28.0,212.97,31.0,203.12,16.0,212.0,20.0,209.31,7.3300000000000125,44.0,51.0,1.7038837988566424,205.64000000000001,212.97,95,-7.0,45.0,-0.07
07:38:49,206.09,44.0,210.0,32.0,205.3,20.0,214.0,40.0,208.05,3.9099999999999966,64.0,72.0,1.797823684348929,206.09000000000003,210.0,136,-8.0,41.0,-0.06
07:38:50,208.79,39.0,210.0,33.0,206.67,36.0,214.5,50.0,209.4,1.210000000000008,75.0,83.0,1.947760252188561,208.79,210.0,158,-8.0,22.0,-0.05
07:38:51,206.48,46.0,209.71,34.0,198.09,34.0,213.85,52.0,208.09,3.230000000000018,80.0,86.0,1.5741823274339728,206.48,209.71,166,-6.0,8.0,-0.04
07:38:52,206.06,51.0,209.0,11.0,158.76,29.0,210.91,33.0,207.53,2.9399999999999977,80.0,44.0,0.8328745403752443,206.06,209.0,124,36.0,-42.0,0.29
07:38:53,205.0,72.0,211.17,24.0,114.83,12.0,213.46,48.0,208.08,6.1699999999999875,84.0,72.0,0.6952337736368797,205.0,211.17,156,12.0,32.0,0.08
07:38:54,207.57,84.0,211.5,24.0,202.63,38.0,213.0,40.0,209.54,3.930000000000007,122.0,64.0,0.8906570608293921,207.57000000000002,211.5,186,58.0,30.0,0.31
07:38:55,208.0,96.0,211.0,16.0,205.0,48.0,213.0,40.0,209.5,3.0,144.0,56.0,0.9158984659913115,208.0,211.0,200,88.0,14.0,0.44
07:38:56,208.0,132.0,211.0,22.0,205.55,66.0,213.0,55.0,209.5,3.0,198.0,77.0,0.9558242516305563,208.0,211.0,275,121.0,75.0,0.44
07:38:57,208.31,52.0,211.0,14.0,207.45,66.0,213.0,35.0,209.65,2.6899999999999977,118.0,49.0,0.6591509690540706,208.31,211.0,167,69.0,-108.0,0.41
07:38:58,209.12,50.0,211.62,32.0,208.06,134.0,213.21,57.0,210.37,2.5,184.0,89.0,0.3729209031479888,209.12,211.62,273,95.0,106.0,0.35
07:38:59,210.0,22.0,211.9,50.0,208.9,31.0,213.47,38.0,210.95,1.9000000000000057,53.0,88.0,0.6445385946586759,210.0,211.9,141,-35.0,-132.0,-0.25
07:39:00,204.03,62.0,214.25,51.0,200.55,132.0,219.14,14.0,209.14,10.219999999999999,194.0,65.0,0.7281964020816201,204.03,214.25,259,129.0,118.0,0.5
07:39:01,203.1,60.0,205.0,28.0,200.43,126.0,215.0,36.0,204.05,1.9000000000000057,186.0,64.0,2.7605651595289378,203.1,205.0,250,122.0,-9.0,0.49
07:39:02,203.0,60.0,210.14,14.0,197.6,120.0,214.55,22.0,206.57,7.139999999999986,180.0,36.0,2.8737223247915367,203.0,210.14000000000001,216,144.0,-34.0,0.67
07:39:03,203.74,47.0,214.0,18.0,200.82,66.0,217.0,9.0,208.87,10.259999999999991,113.0,27.0,2.663227365435663,203.74,214.0,140,86.0,-76.0,0.61
07:39:04,205.98,52.0,214.0,24.0,203.61,69.0,217.0,12.0,209.99,8.02000000000001,121.0,36.0,2.4126292711491097,205.98,214.0,157,85.0,17.0,0.54
07:39:05,208.11,44.0,214.42,24.0,207.29,56.0,216.33,15.0,211.27,6.309999999999974,100.0,39.0,2.869878046190352,208.11,214.42,139,61.0,-18.0,0.44
07:39:06,208.79,39.0,216.0,22.0,207.58,48.0,253.62,26.0,212.4,7.210000000000008,87.0,48.0,2.250155550179761,208.79,216.0,135,39.0,-4.0,0.29
07:39:07,209.27,55.0,216.0,22.0,205.76,50.0,255.0,44.0,212.64,6.72999999999999,105.0,66.0,1.602632209836167,209.27,216.0,171,39.0,36.0,0.23
07:39:08,210.0,45.0,216.0,18.0,206.0,108.0,255.0,36.0,213.0,6.0,153.0,54.0,1.2292884120514982,210.0,216.0,207,99.0,36.0,0.48
07:39:09,210.83,60.0,215.06,16.0,206.42,144.0,239.52,31.0,212.95,4.22999999999999,204.0,47.0,0.7041803746228062,210.83,215.06,251,157.0,44.0,0.63
07:39:10,211.0,49.0,295.5,12.0,207.0,120.0,391.71,28.0,253.25,84.5,169.0,40.0,18.114904636790154,211.0,295.5,209,129.0,-42.0,0.62
07:39:11,210.44,50.0,217.82,65.0,207.4,120.0,260.95,61.0,214.13,7.3799999999999955,170.0,126.0,17.928771011979638,210.44,217.82,296,44.0,87.0,0.15
07:39:12,207.23,88.0,214.58,48.0,206.18,102.0,217.0,60.0,210.91,7.350000000000023,190.0,108.0,18.150444071702527,207.23,214.58,298,82.0,2.0,0.28
07:39:13,207.0,110.0,209.0,54.0,205.0,66.0,214.0,44.0,208.0,2.0,176.0,98.0,18.816445466665634,207.0,209.0,274,78.0,-24.0,0.28
07:39:14,206.88,165.0,209.0,68.0,201.95,80.0,214.0,68.0,207.94,2.1200000000000045,245.0,136.0,19.399951804063896,206.88,209.0,381,109.0,107.0,0.29
07:39:15,205.36,61.0,210.26,81.0,148.86,43.0,214.89,56.0,207.81,4.899999999999977,104.0,137.0,2.76730374191281,205.36,210.25999999999996,241,-33.0,-140.0,-0.14
07:39:16,207.0,72.0,214.11,45.0,201.0,72.0,215.21,84.0,210.56,7.110000000000014,144.0,129.0,1.550138703472976,207.0,214.11,273,15.0,32.0,0.05
07:39:17,207.82,34.0,213.96,46.0,203.76,66.0,215.62,58.0,210.89,6.140000000000015,100.0,104.0,1.5441340615389794,207.82,213.96,204,-4.0,-69.0,-0.02
07:39:18,208.8,30.0,215.0,55.0,203.14,56.0,217.0,33.0,211.9,6.199999999999989,86.0,88.0,1.8434614180949376,208.8,215.0,174,-2.0,-30.0,-0.01
07:39:19,208.81,59.0,216.76,41.0,202.67,66.0,218.9,63.0,212.78,7.949999999999989,125.0,104.0,1.8798590372696253,208.81,216.76,229,21.0,55.0,0.09
07:39:20,216.0,50.0,217.0,30.0,205.0,40.0,219.0,50.0,216.5,1.0,90.0,80.0,2.3869813572803142,216.0,217.0,170,10.0,-59.0,0.06
07:39:21,216.0,34.0,217.0,10.0,205.0,24.0,219.0,30.0,216.5,1.0,58.0,40.0,2.6297110107392823,216.0,217.0,98,18.0,-72.0,0.18
07:39:22,216.0,53.0,217.0,12.0,205.0,48.0,219.0,60.0,216.5,1.0,101.0,72.0,2.2996695414783184,216.0,217.0,173,29.0,75.0,0.17
07:39:23,216.0,44.0,217.0,11.0,205.0,44.0,219.0,55.0,216.5,1.0,88.0,66.0,1.6636345752607156,216.0,217.0,154,22.0,-19.0,0.14
07:39:24,216.0,48.0,217.0,12.0,211.0,72.0,219.0,60.0,216.5,1.0,120.0,72.0,0.0,216.0,217.0,192,48.0,38.0,0.25
07:39:25,216.0,25.0,217.0,7.0,211.0,42.0,219.0,35.0,216.5,1.0,67.0,42.0,0.0,216.0,217.0,109,25.0,-83.0,0.23
07:39:26,212.67,27.0,217.0,6.0,208.6,30.0,219.0,30.0,214.83,4.3300000000000125,57.0,36.0,0.7468467044868057,212.66999999999996,217.0,93,21.0,-16.0,0.23
07:39:27,211.0,54.0,217.0,9.0,205.0,36.0,219.0,45.0,214.0,6.0,90.0,54.0,1.1791013527271101,211.0,217.0,144,36.0,51.0,0.25
07:39:28,211.0,32.0,217.0,7.0,205.0,28.0,219.0,35.0,214.0,6.0,60.0,42.0,1.264033227412555,211.0,217.0,102,18.0,-42.0,0.18
07:39:29,209.15,13.0,217.0,10.0,205.0,34.0,219.0,50.0,213.08,7.849999999999994,47.0,60.0,1.2868255515038263,209.15000000000003,217.0,107,-13.0,5.0,-0.12
07:39:30,205.0,44.0,215.12,17.0,203.0,44.0,216.31,49.0,210.06,10.120000000000005,88.0,66.0,1.8581388538005938,205.0,215.12,154,22.0,47.0,0.14
07:39:31,205.0,24.0,213.44,9.0,203.0,24.0,214.05,21.0,209.22,8.439999999999998,48.0,30.0,2.27114948869588,205.0,213.44,78,18.0,-76.0,0.23
07:39:32,205.0,40.0,212.5,16.0,203.0,40.0,213.94,34.0,208.75,7.5,80.0,50.0,2.3684636370448544,205.0,212.5,130,30.0,52.0,0.23
07:39:33,205.69,26.0,211.43,28.0,203.36,44.0,212.09,35.0,208.56,5.740000000000009,70.0,63.0,1.8515344987344802,205.69,211.43,133,7.0,3.0,0.05
07:39:34,205.35,34.0,210.18,34.0,202.43,56.0,213.45,62.0,207.76,4.8300000000000125,90.0,96.0,0.8487048957111817,205.35,210.18,186,-6.0,53.0,-0.03
07:39:35,200.67,42.0,212.0,36.0,199.63,54.0,217.0,54.0,206.33,11.330000000000013,96.0,90.0,1.1329298301325739,200.67,212.0,186,6.0,0.0,0.03
07:39:36,200.0,49.0,212.0,28.0,198.04,25.0,217.0,42.0,206.0,12.0,74.0,70.0,1.2620023771785562,200.0,212.0,144,4.0,-42.0,0.03
07:39:37,201.27,41.0,206.44,55.0,200.5,38.0,211.88,50.0,203.85,5.1699999999999875,79.0,105.0,1.8119464672016363,201.26999999999998,206.44000000000003,184,-26.0,40.0,-0.14
07:39:38,204.0,28.0,206.0,52.0,202.85,27.0,209.0,42.0,205.0,2.0,55.0,94.0,1.466652651449753,204.0,206.0,149,-39.0,-35.0,-0.26
07:39:39,198.63,54.0,205.46,26.0,197.31,52.0,208.0,34.0,202.05,6.8300000000000125,106.0,60.0,1.744084286955412,198.63,205.46,166,46.0,17.0,0.28
07:39:40,196.37,76.0,204.0,20.0,195.4,10.0,205.0,20.0,200.18,7.6299999999999955,86.0,40.0,2.3298132972418486,196.37,204.0,126,46.0,-40.0,0.37
07:39:41,196.0,119.0,203.06,34.0,195.0,15.0,204.2,30.0,199.53,7.060000000000002,134.0,64.0,2.3325886907050495,196.0,203.06,198,70.0,72.0,0.35
07:39:42,196.38,34.0,203.0,32.0,195.64,98.0,204.0,32.0,199.69,6.6200000000000045,132.0,64.0,2.303877166865716,196.38,203.0,196,68.0,-2.0,0.35
07:39:43,197.0,8.0,201.5,8.0,195.0,64.0,204.0,16.0,199.25,4.5,72.0,24.0,1.1198660634224722,197.0,201.5,96,48.0,-100.0,0.5
07:39:44,197.38,16.0,203.26,27.0,195.14,86.0,204.81,53.0,200.32,5.8799999999999955,102.0,80.0,0.4478057614695986,197.38,203.26,182,22.0,86.0,0.12
07:39:45,198.0,6.0,204.0,12.0,197.0,6.0,205.0,18.0,201.0,6.0,12.0,30.0,0.7023318304087847,198.0,204.0,42,-18.0,-140.0,-0.43
07:39:46,198.67,6.0,204.0,12.0,197.0,6.0,205.0,18.0,201.33,5.3300000000000125,12.0,30.0,0.8695228576669761,198.67,204.0,42,-18.0,0.0,-0.43
07:39:47,199.0,5.0,204.0,10.0,197.0,5.0,205.0,15.0,201.5,5.0,10.0,25.0,0.918123085433174,199.0,204.0,35,-15.0,-7.0,-0.43
07:39:48,201.0,12.0,204.0,21.0,195.42,33.0,205.0,36.0,202.5,3.0,45.0,57.0,0.7947955712038844,201.0,204.0,102,-12.0,67.0,-0.12
07:39:49,202.78,36.0,206.93,75.0,194.59,54.0,208.64,61.0,204.86,4.150000000000006,90.0,136.0,1.5688594583344018,202.78,206.93,226,-46.0,124.0,-0.2
07:39:50,203.0,77.0,206.84,32.0,202.0,11.0,237.06,48.0,204.92,3.8400000000000034,88.0,80.0,1.762986103179851,203.0,206.84,168,8.0,-58.0,0.05
07:39:51,204.85,122.0,208.0,18.0,202.0,18.0,210.0,54.0,206.43,3.1500000000000057,140.0,72.0,1.9988796862255724,204.85,208.0,212,68.0,44.0,0.32
07:39:52,206.28,25.0,208.0,13.0,197.29,31.0,210.0,39.0,207.14,1.7199999999999989,56.0,52.0,1.7857771417523385,206.28,208.0,108,4.0,-104.0,0.04
07:39:53,207.0,12.0,208.0,12.0,195.13,46.0,210.0,36.0,207.5,1.0,58.0,48.0,1.2304470732238333,207.0,208.0,106,10.0,-2.0,0.09
07:39:54,196.0,21.0,210.0,21.0,195.0,28.0,381.0,11.0,203.0,14.0,49.0,32.0,1.8504648064756875,196.0,210.0,81,17.0,-25.0,0.21
07:39:55,196.0,12.0,210.0,12.0,195.0,16.0,230.0,8.0,203.0,14.0,28.0,20.0,2.2370471608808593,196.0,210.0,48,8.0,-33.0,0.17
07:39:56,209.69,39.0,304.04,23.0,195.64,22.0,434.26,19.0,256.87,94.35000000000002,61.0,42.0,23.226420731572155,209.69,304.04,103,19.0,55.0,0.18
07:39:57,210.38,64.0,373.95,76.0,196.81,48.0,378.53,68.0,292.16,163.57,112.0,144.0,40.36927148215589,210.38,373.95,256,-32.0,153.0,-0.12
07:39:58,204.33,24.0,248.5,60.0,203.0,36.0,356.15,40.0,226.42,44.16999999999999,60.0,100.0,38.27158998526197,204.33,248.5,160,-40.0,-96.0,-0.25
07:39:59,205.07,28.0,207.0,34.0,203.25,24.0,208.0,40.0,206.04,1.9300000000000068,52.0,74.0,37.62927211626614,205.07,207.0,126,-22.0,-34.0,-0.17
07:40:00,206.0,22.0,207.0,33.0,204.36,33.0,208.0,55.0,206.5,1.0,55.0,88.0,36.86584625368044,206.0,207.0,143,-33.0,17.0,-0.23
07:40:01,206.0,20.0,207.8,30.0,204.0,30.0,235.75,32.0,206.9,1.8000000000000114,50.0,62.0,37.10767952863672,206.0,207.8,112,-12.0,-31.0,-0.11
07:40:02,206.0,18.0,208.0,15.0,204.0,27.0,284.47,17.0,207.0,2.0,45.0,32.0,8.867385183920097,206.0,208.0,77,13.0,-35.0,0.17
07:40:03,205.5,24.0,208.0,18.0,203.64,33.0,407.0,40.0,206.75,2.5,57.0,58.0,0.38369258528941674,205.5,208.0,115,-1.0,38.0,-0.01
07:40:04,204.8,45.0,313.81,37.0,203.8,45.0,427.65,40.0,259.31,109.00999999999999,90.0,77.0,23.48953107237361,204.8,313.81,167,13.0,52.0,0.08
07:40:05,206.93,42.0,210.0,52.0,202.44,48.0,431.82,34.0,208.46,3.069999999999993,90.0,86.0,23.2798245268302,206.92999999999998,210.0,176,4.0,9.0,0.02
07:40:06,204.91,23.0,309.0,14.0,148.09,44.0,689.71,7.0,256.96,104.09,67.0,21.0,27.806967292389228,204.91000000000003,309.0,88,46.0,-88.0,0.52
07:40:07,214.3,20.0,345.81,21.0,198.91,33.0,549.36,14.0,280.05,131.51,53.0,35.0,32.93275770414624,214.3,345.81,88,18.0,0.0,0.2
07:40:08,199.0,16.0,324.5,20.0,198.0,24.0,724.43,14.0,261.75,125.5,40.0,34.0,26.679140353467208,199.0,324.5,74,6.0,-14.0,0.08
07:40:09,199.0,24.0,419.4,20.0,198.0,24.0,737.35,20.0,309.2,220.39999999999998,48.0,40.0,36.86934675309559,199.0,419.4,88,8.0,14.0,0.09
07:40:13,215.0,16.0,269.12,32.0,210.0,24.0,275.73,33.0,242.06,54.120000000000005,40.0,65.0,50.14118287396098,215.0,269.12,105,-25.0,-41.0,-0.24
07:40:14,211.23,26.0,260.1,40.0,209.67,18.0,262.3,40.0,235.67,48.87000000000003,44.0,80.0,49.78429641965426,211.23,260.1,124,-36.0,19.0,-0.29
07:40:15,208.79,14.0,211.0,12.0,205.12,42.0,266.65,55.0,209.89,2.210000000000008,56.0,67.0,14.83449527284319,208.79,211.0,123,-11.0,-1.0,-0.09
07:40:16,209.77,13.0,211.0,12.0,205.07,14.0,377.38,32.0,210.38,1.2299999999999898,27.0,44.0,16.940845020246435,209.77,211.0,71,-17.0,-52.0,-0.24
07:40:17,208.0,9.0,211.0,9.0,199.29,21.0,261.48,33.0,209.5,3.0,30.0,42.0,16.015219324130715,208.0,211.0,72,-12.0,1.0,-0.17
07:40:18,207.4,10.0,211.0,8.0,199.45,20.0,332.0,40.0,209.2,3.5999999999999943,30.0,48.0,11.603549887858081,207.4,211.0,78,-18.0,6.0,-0.23
07:40:19,207.57,23.0,209.97,36.0,202.25,24.0,263.09,32.0,208.77,2.4000000000000057,47.0,68.0,0.6200564490533222,207.57,209.97,115,-21.0,37.0,-0.18
07:40:20,206.0,8.0,209.2,25.0,200.0,24.0,211.0,10.0,207.6,3.1999999999999886,32.0,35.0,1.0206370559668738,206.0,209.2,67,-3.0,-48.0,-0.04
07:40:21,206.0,13.0,208.0,52.0,194.22,36.0,209.0,39.0,207.0,2.0,49.0,91.0,1.0707380632128778,206.0,208.0,140,-42.0,73.0,-0.3
07:40:22,177.0,18.0,206.68,28.0,161.0,18.0,207.47,32.0,191.84,29.680000000000007,36.0,60.0,7.343855935407065,177.0,206.68,96,-24.0,-44.0,-0.25
07:40:23,181.38,13.0,203.76,45.0,161.7,20.0,204.41,27.0,192.57,22.379999999999995,33.0,72.0,8.563844347021638,181.38,203.75999999999996,105,-39.0,9.0,-0.37
07:40:24,198.0,17.0,203.19,57.0,151.0,34.0,203.58,62.0,200.6,5.189999999999998,51.0,119.0,7.564391581615456,198.0,203.19,170,-68.0,65.0,-0.4
07:40:25,198.0,11.0,202.0,22.0,131.91,22.0,204.0,33.0,200.0,4.0,33.0,55.0,6.292505065553394,198.0,202.0,88,-22.0,-82.0,-0.25
07:40:26,198.0,7.0,202.0,20.0,161.0,14.0,204.14,14.0,200.0,4.0,21.0,34.0,4.393474706882408,198.0,202.0,55,-13.0,-33.0,-0.24
07:40:27,198.0,9.0,203.91,11.0,135.5,20.0,206.55,11.0,200.95,5.909999999999997,29.0,22.0,3.5196775420505495,198.0,203.90999999999997,51,7.0,-4.0,0.14
07:40:28,198.0,6.0,205.0,6.0,76.0,18.0,208.0,6.0,201.5,7.0,24.0,12.0,0.6426507605336826,198.0,205.0,36,12.0,-15.0,0.33
07:40:29,198.0,5.0,205.0,5.0,123.43,14.0,208.0,5.0,201.5,7.0,19.0,10.0,0.7553145040408494,198.0,205.0,29,9.0,-7.0,0.31
07:40:30,198.0,3.0,205.0,3.0,102.0,6.0,208.0,3.0,201.5,7.0,9.0,6.0,0.6542170893628502,198.0,205.0,15,3.0,-14.0,0.2
07:40:31,198.0,11.0,205.18,11.0,89.14,21.0,206.22,27.0,201.59,7.180000000000007,32.0,38.0,0.25897876363579325,198.0,205.18,70,-6.0,55.0,-0.09
07:40:32,198.0,6.0,206.0,6.0,173.53,19.0,208.0,6.0,202.0,8.0,25.0,12.0,0.21707141685230738,198.0,206.0,37,13.0,-33.0,0.35
07:40:33,199.2,15.0,219.7,30.0,193.83,29.0,253.59,41.0,209.45,20.5,44.0,71.0,3.495507116287101,199.2,219.7,115,-27.0,78.0,-0.23
07:40:34,209.8,50.0,345.0,16.0,199.78,9.0,552.38,40.0,277.4,135.2,59.0,56.0,33.159643695311466,209.8,345.0,115,3.0,0.0,0.03
07:40:35,210.23,26.0,328.64,22.0,205.0,8.0,436.54,13.0,269.43,118.41,34.0,35.0,38.063867775096185,210.23,328.64,69,-1.0,-46.0,-0.01
07:40:36,211.0,60.0,367.24,29.0,210.0,40.0,533.9,50.0,289.12,156.24,100.0,79.0,40.637451322640814,211.0,367.24,179,21.0,110.0,0.12
07:40:38,210.93,15.0,311.44,43.0,209.5,32.0,427.1,21.0,261.19,100.50999999999999,47.0,64.0,41.16002708939815,210.93,311.44,111,-17.0,-61.0,-0.15
07:40:39,210.04,25.0,334.81,31.0,207.0,16.0,386.55,22.0,272.42,124.77000000000001,41.0,53.0,41.6620432768244,210.04,334.81,94,-12.0,-17.0,-0.13
07:40:40,210.15,13.0,309.0,27.0,208.8,30.0,341.0,45.0,259.58,98.85,43.0,72.0,43.14978968662524,210.15000000000003,309.0,115,-29.0,21.0,-0.25
07:40:41,206.0,9.0,460.84,25.0,200.0,18.0,638.97,32.0,333.42,254.83999999999997,27.0,57.0,47.475881771695285,206.0,460.84,84,-30.0,-31.0,-0.36
07:40:42,206.98,43.0,417.45,11.0,204.67,9.0,285.33,18.0,312.22,210.47,52.0,29.0,33.23597418460893,206.98,417.45,81,23.0,-3.0,0.28
07:40:43,207.0,36.0,208.0,6.0,206.0,6.0,276.82,22.0,207.5,1.0,42.0,28.0,48.9345064346213,207.0,208.0,70,14.0,-11.0,0.2
07:40:44,211.55,22.0,252.67,39.0,208.71,62.0,294.5,32.0,232.11,41.119999999999976,84.0,71.0,53.032437055070304,211.55,252.67,155,13.0,85.0,0.08
07:40:45,212.5,18.0,228.05,38.0,211.25,20.0,241.55,22.0,220.28,15.550000000000011,38.0,60.0,57.495845762976614,212.5,228.04999999999998,98,-22.0,-57.0,-0.22
07:40:46,207.0,18.0,213.0,34.0,206.0,9.0,276.09,22.0,210.0,6.0,27.0,56.0,43.47153804502438,207.0,213.0,83,-29.0,-15.0,-0.35
07:40:47,207.52,21.0,212.0,44.0,206.44,18.0,318.9,40.0,209.76,4.47999999999999,39.0,84.0,10.30792898695014,207.52,212.0,123,-45.0,40.0,-0.37
07:40:48,205.0,12.0,211.08,48.0,204.0,24.0,245.87,46.0,208.04,6.0800000000000125,36.0,94.0,10.1997852918582,205.0,211.08,130,-58.0,7.0,-0.45
07:40:49,205.0,9.0,209.22,36.0,204.0,18.0,213.0,36.0,207.11,4.219999999999999,27.0,72.0,5.3043020276006105,205.0,209.22,99,-45.0,-31.0,-0.45
07:40:50,206.18,34.0,208.78,46.0,202.68,19.0,213.06,49.0,207.48,2.5999999999999943,53.0,95.0,1.3246961915883189,206.18,208.77999999999997,148,-42.0,49.0,-0.28
07:40:51,202.5,20.0,206.87,45.0,184.4,25.0,207.47,19.0,204.68,4.3700000000000045,45.0,64.0,1.8348787425900475,202.5,206.87,109,-19.0,-39.0,-0.17
07:40:52,200.0,30.0,203.56,27.0,111.52,21.0,205.6,15.0,201.78,3.5600000000000023,51.0,42.0,2.5965977740129955,200.0,203.56,93,9.0,-16.0,0.1
07:40:53,198.93,14.0,213.0,27.0,136.27,11.0,253.0,16.0,205.96,14.069999999999993,25.0,43.0,2.301460405918242,198.93,213.0,68,-18.0,-25.0,-0.26
07:40:54,168.33,15.0,213.0,14.0,62.1,10.0,248.5,16.0,190.67,44.66999999999999,25.0,30.0,6.731395100572418,168.33,213.0,55,-5.0,-13.0,-0.09
07:40:55,212.0,12.0,213.0,6.0,198.17,6.0,302.14,14.0,212.5,1.0,18.0,20.0,7.988768365649996,212.0,213.0,38,-2.0,-17.0,-0.05
07:40:56,212.56,25.0,324.06,32.0,206.0,13.0,415.06,34.0,268.31,111.5,38.0,66.0,30.38537197402735,212.56,324.06,104,-28.0,66.0,-0.27
07:40:57,213.0,56.0,356.57,28.0,212.0,8.0,458.2,20.0,284.79,143.57,64.0,48.0,41.44486132200231,213.0,356.57,112,16.0,8.0,0.14
07:40:58,213.0,44.0,311.4,20.0,212.0,7.0,346.9,20.0,262.2,98.39999999999998,51.0,40.0,40.06841312056169,213.0,311.4,91,11.0,-21.0,0.12
07:40:59,213.0,24.0,310.5,48.0,212.0,12.0,348.67,24.0,261.75,97.5,36.0,72.0,27.045850883268496,213.0,310.5,108,-36.0,17.0,-0.33
07:41:00,213.0,20.0,310.0,40.0,212.0,10.0,356.0,20.0,261.5,97.0,30.0,60.0,9.956558140240642,213.0,310.0,90,-30.0,-18.0,-0.33
07:41:01,213.0,18.0,309.23,26.0,212.0,9.0,322.36,28.0,261.12,96.23000000000002,27.0,54.0,10.359308374596862,213.0,309.23,81,-27.0,-9.0,-0.33
07:41:02,214.07,30.0,292.89,36.0,212.53,15.0,381.37,38.0,253.48,78.82,45.0,74.0,3.6714030015778865,214.07,292.89,119,-29.0,38.0,-0.24
07:41:03,215.0,44.0,259.0,44.0,212.71,17.0,260.0,22.0,237.0,44.0,61.0,66.0,10.625121175779466,215.0,259.0,127,-5.0,8.0,-0.04
07:41:04,215.73,44.0,259.0,36.0,213.22,65.0,285.4,20.0,237.36,43.27000000000001,109.0,56.0,12.214152447059071,215.73,259.0,165,53.0,38.0,0.32
07:41:05,213.0,88.0,258.38,32.0,212.0,141.0,401.92,26.0,235.69,45.379999999999995,229.0,58.0,11.62740297744948,213.0,258.38,287,171.0,122.0,0.6
07:41:09,213.0,231.0,412.09,33.0,212.0,260.0,502.0,21.0,312.55,199.08999999999997,491.0,54.0,37.4398954325463,213.0,412.09,545,437.0,165.5,0.8
07:41:10,213.06,204.0,333.73,44.0,212.06,277.0,345.85,41.0,273.39,120.67000000000002,481.0,85.0,38.37278944773234,213.06,333.73,566,396.0,21.0,0.7
07:41:11,213.0,55.0,264.0,15.0,212.0,100.0,265.0,20.0,238.5,51.0,155.0,35.0,38.19615726745293,213.0,264.0,190,120.0,-166.5,0.63
07:41:12,213.0,110.0,234.55,33.0,212.0,200.0,262.72,25.0,223.77,21.55000000000001,310.0,58.0,39.63102484165654,213.0,234.55,368,252.0,165.5,0.68
07:41:13,213.0,99.0,222.38,32.0,212.0,177.0,223.52,31.0,217.69,9.379999999999995,276.0,63.0,39.60186738021325,213.0,222.38,339,213.0,-29.0,0.63
07:41:14,213.0,143.0,218.86,44.0,212.0,260.0,220.07,41.0,215.93,5.860000000000014,403.0,85.0,23.816550547885914,213.0,218.86,488,318.0,149.0,0.65
07:41:15,213.0,147.0,216.55,64.0,212.0,340.0,229.64,59.0,214.77,3.5500000000000114,487.0,123.0,9.785061062661235,213.0,216.55,610,364.0,122.0,0.6
07:41:16,213.0,18.0,251.93,15.0,212.0,180.0,294.22,23.0,232.47,38.93000000000001,198.0,38.0,7.325986622975053,213.0,251.93,236,160.0,-166.5,0.68
07:41:17,213.0,12.0,351.67,9.0,212.0,120.0,417.5,12.0,282.33,138.67000000000002,132.0,21.0,28.684440381503077,213.0,351.67,153,111.0,-83.0,0.73
07:41:18,213.0,16.0,371.43,14.0,212.0,160.0,407.08,13.0,292.21,158.43,176.0,27.0,37.10095308748818,213.0,371.43,203,149.0,50.0,0.73
07:41:19,213.0,18.0,412.86,14.0,212.0,180.0,539.43,21.0,312.93,199.86,198.0,35.0,41.534307746729,213.0,412.86,233,163.0,30.0,0.7
07:41:20,213.0,9.0,360.5,16.0,212.0,100.0,568.79,19.0,286.75,147.5,109.0,35.0,29.726293411725404,213.0,360.5,144,74.0,-89.0,0.51
07:41:21,215.14,21.0,262.76,42.0,212.02,123.0,340.54,24.0,238.95,47.620000000000005,144.0,66.0,27.087234631833294,215.14,262.76,210,78.0,66.0,0.37
07:41:22,214.18,97.0,252.59,41.0,212.73,131.0,255.38,34.0,233.38,38.41,228.0,75.0,34.933925917365634,214.17999999999998,252.59,303,153.0,93.0,0.5
07:41:23,213.0,90.0,238.5,18.0,212.0,126.0,250.29,14.0,225.75,25.5,216.0,32.0,38.21299935885682,213.0,238.5,248,184.0,-55.0,0.74
07:41:24,213.0,131.0,237.0,27.0,212.0,189.0,295.08,24.0,225.0,24.0,320.0,51.0,25.68669947657723,213.0,237.0,371,269.0,123.0,0.73
07:41:25,213.0,143.0,236.0,33.0,212.0,231.0,334.89,46.0,224.5,23.0,374.0,79.0,6.3966420878453025,213.0,236.0,453,295.0,82.0,0.65
07:41:26,213.0,91.0,236.0,21.0,212.0,147.0,571.2,10.0,224.5,23.0,238.0,31.0,3.8101023608289233,213.0,236.0,269,207.0,-166.5,0.77
07:41:27,213.53,79.0,234.08,36.0,212.46,196.0,438.11,36.0,223.81,20.55000000000001,275.0,72.0,0.7183105178085174,213.53,234.08000000000004,347,203.0,78.0,0.59
07:41:28,213.0,105.0,232.4,30.0,212.0,210.0,407.0,30.0,222.7,19.400000000000006,315.0,60.0,0.8907973955925134,213.0,232.4,375,255.0,28.0,0.68
07:41:29,213.0,64.0,231.38,24.0,212.0,168.0,515.23,26.0,222.19,18.379999999999995,232.0,50.0,1.054063565443027,213.0,231.38,282,182.0,-93.0,0.65
07:41:30,213.0,72.0,230.78,27.0,212.0,189.0,441.4,20.0,221.89,17.78,261.0,47.0,1.1048393548360531,213.0,230.78,308,214.0,26.0,0.69
07:41:31,213.0,56.0,230.0,30.0,212.0,210.0,328.78,36.0,221.5,17.0,266.0,66.0,0.8931237316266036,213.0,230.0,332,200.0,24.0,0.6
07:41:32,213.33,36.0,228.89,27.0,212.04,153.0,318.0,36.0,221.11,15.559999999999974,189.0,63.0,0.6135715117202792,213.33,228.89,252,126.0,-80.0,0.5
07:41:33,214.0,36.0,228.0,18.0,213.0,18.0,318.0,24.0,221.0,14.0,54.0,42.0,0.5057370858408322,214.0,228.0,96,12.0,-156.0,0.12
07:41:34,214.0,60.0,225.7,30.0,213.0,30.0,249.38,32.0,219.85,11.699999999999989,90.0,62.0,0.7668441823440181,214.0,225.7,152,28.0,56.0,0.18
07:41:35,214.0,62.0,222.03,40.0,213.0,42.0,255.91,46.0,218.01,8.030000000000001,104.0,86.0,1.4170850362610654,214.0,222.03000000000003,190,18.0,38.0,0.09
07:41:36,214.0,40.0,218.85,26.0,213.0,43.0,220.43,14.0,216.42,4.849999999999994,83.0,40.0,2.0263686732663513,214.0,218.84999999999997,123,43.0,-67.0,0.35
07:41:37,213.3,82.0,216.36,33.0,212.65,37.0,217.33,43.0,214.83,3.0600000000000023,119.0,76.0,2.4982734037721834,213.30000000000004,216.36,195,43.0,72.0,0.22
07:41:38,213.0,127.0,214.0,42.0,212.0,13.0,215.0,39.0,213.5,1.0,140.0,81.0,2.5147306018728384,213.0,214.0,221,59.0,26.0,0.27
07:41:39,213.0,34.0,214.07,29.0,212.0,9.0,220.62,26.0,213.53,1.0699999999999932,43.0,55.0,1.9482992583266074,213.0,214.07,98,-12.0,-123.0,-0.12
07:41:40,212.71,17.0,214.09,22.0,211.14,29.0,286.18,22.0,213.4,1.3799999999999955,46.0,44.0,1.3049636010235033,212.71,214.09000000000003,90,2.0,-8.0,0.02
07:41:41,211.0,17.0,375.5,16.0,208.0,25.0,434.0,6.0,293.25,164.5,42.0,22.0,35.52927764534473,211.0,375.5,64,20.0,-26.0,0.31
07:41:42,212.71,7.0,467.43,14.0,208.63,19.0,757.43,14.0,340.07,254.72,26.0,28.0,58.890206741019234,212.71,467.43,54,-2.0,-10.0,-0.04
07:41:43,214.0,10.0,461.08,13.0,211.0,10.0,612.56,18.0,337.54,247.07999999999998,20.0,31.0,63.14202855467967,214.0,461.08,51,-11.0,-3.0,-0.22
07:41:44,215.0,12.0,269.33,18.0,213.17,12.0,298.0,30.0,242.17,54.329999999999984,24.0,48.0,56.61664711019172,215.0,269.33,72,-24.0,21.0,-0.33
07:41:45,214.0,7.0,267.14,7.0,213.0,7.0,400.86,21.0,240.57,53.139999999999986,14.0,28.0,48.7495148693808,214.0,267.14,42,-14.0,-30.0,-0.33
07:41:46,213.63,19.0,216.0,15.0,211.92,13.0,267.0,13.0,214.82,2.3700000000000045,32.0,28.0,59.224608314449675,213.63,216.0,60,4.0,18.0,0.07
07:41:47,212.29,14.0,215.29,14.0,208.79,34.0,370.62,24.0,213.79,3.0,48.0,38.0,50.89704185903132,212.29,215.29,86,10.0,26.0,0.12
07:41:48,208.25,48.0,216.73,11.0,206.73,55.0,384.75,24.0,212.49,8.47999999999999,103.0,35.0,15.188493012803791,208.25,216.73,138,68.0,52.0,0.49
07:41:49,208.0,19.0,217.0,7.0,184.17,23.0,368.0,14.0,212.5,9.0,42.0,21.0,12.189890483510956,208.0,217.0,63,21.0,-75.0,0.33
07:41:50,185.56,16.0,215.12,16.0,186.95,64.0,217.25,8.0,200.34,29.560000000000002,80.0,24.0,5.921517541981355,185.56,215.12,104,56.0,41.0,0.54
07:41:51,199.12,49.0,207.55,11.0,180.47,51.0,212.5,16.0,203.33,8.430000000000007,100.0,27.0,6.189066973300048,199.12000000000003,207.55,127,73.0,23.0,0.57
07:41:52,206.12,85.0,209.0,58.0,205.52,257.0,219.0,13.0,207.56,2.8799999999999955,342.0,71.0,5.436692928609612,206.12,209.0,413,271.0,165.5,0.66
07:41:53,205.88,40.0,209.0,88.0,204.55,384.0,219.0,16.0,207.44,3.1200000000000045,424.0,104.0,4.6273080727345155,205.88000000000002,209.0,528,320.0,115.0,0.61
07:41:54,205.0,212.0,209.0,32.0,186.0,72.0,217.44,9.0,207.0,4.0,284.0,41.0,3.1985121541107757,205.0,209.0,325,243.0,-166.5,0.75
07:41:55,202.46,118.0,209.0,36.0,197.65,161.0,212.0,18.0,205.73,6.539999999999992,279.0,54.0,1.7666550314065363,202.46,209.0,333,225.0,8.0,0.68
07:41:56,201.0,275.0,209.0,36.0,167.03,74.0,212.0,22.0,205.0,8.0,349.0,58.0,1.1279982269462743,201.0,209.0,407,291.0,74.0,0.71
07:41:57,201.0,250.0,207.16,38.0,158.15,75.0,207.87,39.0,204.08,6.159999999999997,325.0,77.0,1.3892803892642243,201.0,207.16,402,248.0,-5.0,0.62
07:41:58,202.0,12.0,204.67,39.0,198.5,300.0,206.41,51.0,203.33,2.6699999999999875,312.0,90.0,1.428660211524914,202.0,204.67,402,222.0,0.0,0.55
07:41:59,202.86,7.0,206.0,14.0,198.0,175.0,207.0,49.0,204.43,3.1399999999999864,182.0,63.0,0.9099615376457313,202.85999999999999,206.0,245,119.0,-157.0,0.49
07:42:00,198.47,64.0,206.0,14.0,191.58,135.0,207.0,24.0,202.23,7.530000000000001,199.0,38.0,1.0723945169548401,198.47,206.0,237,161.0,-8.0,0.68
07:42:01,200.22,36.0,206.62,16.0,196.44,225.0,207.65,23.0,203.42,6.400000000000006,261.0,39.0,0.8440201419367237,200.22,206.62,300,222.0,63.0,0.74
07:42:02,201.44,36.0,206.78,18.0,195.0,225.0,207.84,25.0,204.11,5.340000000000003,261.0,43.0,0.8492820497307629,201.44,206.78,304,218.0,4.0,0.72
07:42:03,203.94,136.0,206.14,29.0,198.05,143.0,207.6,30.0,205.04,2.1999999999999886,279.0,59.0,1.0757927309639155,203.94,206.14,338,220.0,34.0,0.65
07:42:04,195.18,336.0,208.69,35.0,180.15,95.0,210.69,35.0,201.93,13.509999999999991,431.0,70.0,1.2951177552620066,195.17999999999998,208.69,501,361.0,163.0,0.72
07:42:05,194.07,177.0,250.91,23.0,192.51,57.0,281.59,17.0,222.49,56.84,234.0,40.0,8.512682890839649,194.07,250.91000000000003,274,194.0,-166.5,0.71
07:42:06,200.8,5.0,311.0,15.0,194.34,53.0,403.0,5.0,255.9,110.19999999999999,58.0,20.0,22.779664835110985,200.8,311.0,78,38.0,-166.5,0.49
07:42:07,202.41,51.0,258.31,29.0,194.52,81.0,353.26,19.0,230.36,55.900000000000006,132.0,48.0,21.813083917685525,202.41,258.31,180,84.0,102.0,0.47
07:42:08,203.03,58.0,209.43,28.0,195.39,119.0,218.21,38.0,206.23,6.400000000000006,177.0,66.0,21.571322861614,203.03,209.43,243,111.0,63.0,0.46
07:42:09,203.0,64.0,209.0,40.0,194.25,200.0,216.88,32.0,206.0,6.0,264.0,72.0,20.615046204168223,203.0,209.0,336,192.0,93.0,0.57
07:42:10,204.39,74.0,209.0,18.0,197.92,148.0,217.0,36.0,206.7,4.610000000000014,222.0,54.0,22.097823874761772,204.39,209.0,276,168.0,-60.0,0.61
07:42:11,206.0,14.0,209.0,28.0,201.18,161.0,215.71,56.0,207.5,3.0,175.0,84.0,10.637923669588604,206.0,209.0,259,91.0,-17.0,0.35
07:42:12,201.69,39.0,208.44,18.0,193.52,81.0,210.23,26.0,205.07,6.75,120.0,44.0,0.8955166106747466,201.69,208.44,164,76.0,-95.0,0.46
07:42:13,203.0,54.0,208.0,18.0,193.14,153.0,209.0,18.0,205.5,5.0,207.0,36.0,0.9664781425331908,203.0,208.0,243,171.0,79.0,0.7
07:42:14,203.85,39.0,209.0,8.0,194.59,152.0,211.0,32.0,206.42,5.150000000000006,191.0,40.0,0.9679979338791983,203.85,209.0,231,151.0,-12.0,0.65
07:42:15,204.9,30.0,209.0,10.0,196.0,184.0,211.0,40.0,206.95,4.099999999999994,214.0,50.0,1.0036284172911785,204.9,209.0,264,164.0,33.0,0.62
07:42:16,201.4,30.0,207.0,35.0,195.48,97.0,209.0,7.0,204.2,5.599999999999994,127.0,42.0,1.0887929095996283,201.4,207.0,169,85.0,-95.0,0.5
07:42:17,196.52,29.0,207.0,35.0,194.15,162.0,209.0,7.0,201.76,10.47999999999999,191.0,42.0,2.073687536731234,196.52,207.0,233,149.0,64.0,0.64
07:42:18,194.0,75.0,208.43,14.0,150.0,27.0,212.33,6.0,201.21,14.430000000000007,102.0,20.0,2.6144923025311155,194.0,208.43,122,82.0,-111.0,0.67
07:42:19,191.72,167.0,210.07,69.0,141.49,79.0,212.0,40.0,200.9,18.349999999999994,246.0,109.0,2.5590095740333725,191.72,210.07,355,137.0,165.5,0.39
07:42:20,197.43,21.0,231.96,69.0,146.26,57.0,256.11,27.0,214.69,34.53,78.0,96.0,5.813868763568241,197.42999999999998,231.96,174,-18.0,-166.5,-0.1
07:42:21,196.16,32.0,339.38,13.0,194.38,26.0,699.71,21.0,267.77,143.22,58.0,34.0,28.82432531734254,196.16,339.38,92,24.0,-82.0,0.26
07:42:24,213.0,13.0,384.92,37.0,207.3,94.0,416.09,33.0,298.96,171.92000000000002,107.0,70.0,82.1835277291015,213.0,384.92,177,37.0,94.0,0.21
07:42:25,205.77,26.0,234.3,10.0,195.36,22.0,376.29,14.0,220.03,28.53,48.0,24.0,80.55367421787783,205.77,234.3,72,24.0,-105.0,0.33
07:42:26,207.24,34.0,232.21,38.0,200.68,38.0,366.04,46.0,219.72,24.97,72.0,84.0,90.21655906761238,207.24,232.20999999999998,156,-12.0,84.0,-0.08
07:42:27,202.56,39.0,229.54,37.0,198.11,36.0,231.82,17.0,216.05,26.97999999999999,75.0,54.0,83.1666407281188,202.56,229.54,129,21.0,-27.0,0.16
07:42:28,202.5,48.0,229.77,26.0,192.92,50.0,231.24,34.0,216.13,27.27000000000001,98.0,60.0,36.26383143022786,202.5,229.77,158,38.0,29.0,0.24
07:42:29,208.0,32.0,229.06,32.0,171.27,44.0,230.62,16.0,218.53,21.060000000000002,76.0,48.0,1.911627578787325,208.0,229.06,124,28.0,-34.0,0.23
07:42:30,215.16,38.0,228.58,43.0,204.83,48.0,229.14,35.0,221.87,13.420000000000016,86.0,78.0,2.4727312834152255,215.16,228.58,164,8.0,40.0,0.05
07:42:31,216.0,26.0,226.27,33.0,208.0,85.0,227.69,45.0,221.14,10.27000000000001,111.0,78.0,2.722550275014276,216.0,226.27,189,33.0,25.0,0.17
07:42:34,215.57,21.0,217.42,12.0,210.62,48.0,219.35,40.0,216.49,1.8499999999999943,69.0,52.0,2.2214589800354982,215.57000000000002,217.42,121,17.0,33.0,0.14
07:42:35,208.75,56.0,216.08,24.0,181.04,79.0,219.25,24.0,212.42,7.3300000000000125,135.0,48.0,3.2608633825997946,208.75,216.08,183,87.0,62.0,0.48
07:42:36,208.0,47.0,213.64,22.0,172.32,65.0,214.82,38.0,210.82,5.639999999999986,112.0,60.0,3.558970356715545,208.0,213.64,172,52.0,-11.0,0.3
07:42:37,208.0,45.0,210.61,28.0,124.2,20.0,211.46,48.0,209.3,2.6100000000000136,65.0,76.0,3.7033700868235946,208.0,210.60999999999999,141,-11.0,-31.0,-0.08
