Time,Bid1_Price,Bid1_Volume,Ask1_Price,Ask1_Volume,Bid2_Price,Bid2_Volume,Ask2_Price,Ask2_Volume,Mid-Price,Bid_Ask_Spread,Market_Depth_Bid,Market_Depth_Ask,Historical_Volatility,Weighted_Avg_Bid_Price,Weighted_Avg_Ask_Price,Total_volume,Cumulative_Volume_Difference,Total_Volume_Change_Corrected,Order_imbalance
07:30:05,99.6,5.0,109.0,4.0,90.25,8.0,0.0,0.0,104.3,9.400000000000006,13.0,4.0,39.58692486162571,99.6,109.0,17,9.0,-13.0,0.53
07:30:08,101.6,10.0,104.0,3.0,95.14,7.0,0.0,0.0,102.8,2.4000000000000057,17.0,3.0,28.23480423165707,101.6,104.0,20,14.0,13.0,0.7
07:30:09,96.07,15.0,103.14,35.0,95.17,12.0,189.4,15.0,99.6,7.070000000000007,27.0,50.0,30.0951906456829,96.07,103.14,77,-23.0,57.0,-0.3
07:30:10,97.33,6.0,103.0,24.0,91.8,15.0,104.0,6.0,100.17,5.670000000000002,21.0,30.0,29.318104133794186,97.33,103.0,51,-9.0,-26.0,-0.18
07:30:13,86.5,14.0,103.0,22.0,81.41,17.0,104.0,11.0,94.75,16.5,31.0,33.0,2.3952912140278766,86.5,103.0,64,-2.0,-17.0,-0.03
07:30:14,90.75,8.0,103.0,14.0,89.54,13.0,104.0,7.0,96.88,12.25,21.0,21.0,2.499755988091472,90.75,103.0,42,0.0,-22.0,0.0
07:30:15,95.83,18.0,372.08,37.0,94.95,37.0,505.5,34.0,233.96,276.25,55.0,71.0,60.89623855378917,95.83,372.08,126,-16.0,84.0,-0.13
07:30:16,100.81,26.0,126.55,22.0,99.55,29.0,128.66,29.0,113.68,25.739999999999995,55.0,51.0,59.87396303903724,100.81,126.55,106,4.0,-20.0,0.04
07:30:17,106.0,44.0,118.12,24.0,104.31,29.0,125.66,44.0,112.06,12.120000000000005,73.0,68.0,58.598231031320374,106.0,118.12,141,5.0,35.0,0.04
07:30:18,107.2,55.0,119.93,61.0,105.24,42.0,123.98,54.0,113.57,12.730000000000004,97.0,115.0,56.3061772810053,107.2,119.93,212,-18.0,71.0,-0.08
07:30:19,108.38,16.0,119.5,20.0,107.0,10.0,122.61,46.0,113.94,11.120000000000005,26.0,66.0,53.96021515894832,108.38,119.5,92,-40.0,-120.0,-0.43
07:30:20,109.17,48.0,117.97,40.0,108.34,76.0,119.01,70.0,113.57,8.799999999999997,124.0,110.0,0.74446625175237,109.17,117.97,234,14.0,142.0,0.06
07:30:21,109.0,24.0,116.0,20.0,107.95,38.0,116.71,14.0,112.5,7.0,62.0,34.0,0.8039091988516116,109.0,116.0,96,28.0,-138.0,0.29
07:30:22,109.0,24.0,114.75,16.0,106.75,8.0,116.0,16.0,111.88,5.75,32.0,32.0,0.8653727520544234,109.0,114.75,64,0.0,-32.0,0.0
07:30:23,109.0,33.0,111.62,34.0,107.0,11.0,113.39,31.0,110.31,2.6200000000000045,44.0,65.0,1.4474978411031545,109.0,111.62,109,-21.0,45.0,-0.19
07:30:24,109.0,26.0,110.0,51.0,107.0,12.0,113.07,29.0,109.5,1.0,38.0,80.0,1.645591079216931,109.0,110.0,118,-42.0,9.0,-0.36
07:30:25,108.4,10.0,111.96,23.0,106.37,19.0,162.4,30.0,110.18,3.559999999999988,29.0,53.0,1.2593172753513653,108.4,111.96,82,-24.0,-36.0,-0.29
07:30:26,107.0,15.0,114.6,30.0,106.0,60.0,209.48,50.0,110.8,7.599999999999994,75.0,80.0,0.8841832389264151,107.0,114.6,155,-5.0,73.0,-0.03
07:30:27,107.0,9.0,111.75,24.0,106.0,36.0,112.79,29.0,109.38,4.75,45.0,53.0,0.5909991539743805,107.0,111.75,98,-8.0,-57.0,-0.08
07:30:28,107.0,12.0,109.42,12.0,106.0,48.0,111.0,48.0,108.21,2.4200000000000017,60.0,60.0,0.9702989230121104,107.0,109.42,120,0.0,22.0,0.0
07:30:29,106.0,36.0,108.8,15.0,96.0,24.0,111.04,46.0,107.4,2.799999999999997,60.0,61.0,1.3939799137715276,106.0,108.8,121,-1.0,1.0,-0.01
07:30:30,106.95,41.0,110.87,46.0,105.08,40.0,151.17,30.0,108.91,3.9200000000000017,81.0,76.0,1.28048818815266,106.94999999999999,110.87,157,5.0,36.0,0.03
07:30:31,107.6,15.0,111.78,18.0,106.22,27.0,112.64,11.0,109.69,4.180000000000007,42.0,29.0,0.923996753240232,107.6,111.78,71,13.0,-86.0,0.18
07:30:32,106.3,30.0,109.27,15.0,103.27,99.0,112.0,24.0,107.78,2.969999999999999,129.0,39.0,0.9144233155374525,106.3,109.27,168,90.0,97.0,0.54
07:30:33,103.03,86.0,109.65,17.0,100.77,31.0,142.51,35.0,106.34,6.6200000000000045,117.0,52.0,1.3081781224277262,103.03,109.65,169,65.0,1.0,0.38
07:30:34,100.0,28.0,108.29,41.0,98.0,42.0,141.59,44.0,104.15,8.290000000000006,70.0,85.0,2.1995067628899356,100.0,108.29,155,-15.0,-14.0,-0.1
07:30:35,100.0,28.0,103.36,33.0,98.0,42.0,106.0,51.0,101.68,3.3599999999999994,70.0,84.0,3.1208604582708674,100.0,103.36,154,-14.0,-1.0,-0.09
07:30:39,96.0,14.0,104.0,14.0,27.5,6.0,378.64,33.0,100.0,8.0,20.0,47.0,1.6398536520065348,96.0,104.0,67,-27.0,-77.0,-0.4
07:30:42,95.2,10.0,103.82,22.0,63.44,18.0,104.46,26.0,99.51,8.61999999999999,28.0,48.0,0.7009065558255105,95.2,103.82,76,-20.0,-65.0,-0.26
07:30:43,98.12,16.0,104.0,32.0,72.89,18.0,105.0,32.0,101.06,5.8799999999999955,34.0,64.0,1.0791061115567584,98.12,104.0,98,-30.0,22.0,-0.31
07:30:44,100.0,6.0,104.0,6.0,96.0,6.0,105.0,12.0,102.0,4.0,12.0,18.0,1.5415803579441187,100.0,104.0,30,-6.0,-68.0,-0.2
07:30:45,100.0,8.0,104.0,8.0,96.0,8.0,105.0,16.0,102.0,4.0,16.0,24.0,1.3179036383586833,100.0,104.0,40,-8.0,10.0,-0.2
07:30:46,100.0,14.0,104.0,14.0,96.0,14.0,105.0,28.0,102.0,4.0,28.0,42.0,1.0875109194849533,100.0,104.0,70,-14.0,30.0,-0.2
07:30:56,101.25,53.0,103.4,30.0,99.54,52.0,104.33,18.0,102.32,2.1500000000000057,105.0,48.0,18.813313636890257,101.25,103.4,153,57.0,62.0,0.37
07:30:57,102.13,31.0,104.0,20.0,101.33,54.0,105.0,5.0,103.06,1.8700000000000045,85.0,25.0,21.986708030080376,102.13,104.0,110,60.0,-43.0,0.55
07:30:58,102.21,53.0,105.21,29.0,101.21,87.0,149.77,35.0,103.71,3.0,140.0,64.0,24.041928583206484,102.21000000000001,105.21,204,76.0,94.0,0.37
07:30:59,104.82,17.0,118.26,38.0,102.41,44.0,204.66,41.0,111.54,13.440000000000012,61.0,79.0,15.565179729126207,104.82,118.26,140,-18.0,-64.0,-0.13
07:31:00,107.5,16.0,163.25,12.0,105.93,29.0,389.6,30.0,135.38,55.75,45.0,42.0,14.017864316649739,107.5,163.25,87,3.0,-53.0,0.03
07:31:01,106.4,20.0,126.6,10.0,101.34,58.0,161.23,13.0,116.5,20.19999999999999,78.0,23.0,13.181108451112987,106.4,126.6,101,55.0,14.0,0.54
07:31:02,109.0,27.0,125.2,10.0,108.51,41.0,236.0,40.0,117.1,16.200000000000003,68.0,50.0,11.666206752839694,109.0,125.2,118,18.0,17.0,0.15
07:31:03,111.18,33.0,124.0,11.0,109.98,50.0,236.0,44.0,117.59,12.819999999999993,83.0,55.0,9.136050569037078,111.18,124.0,138,28.0,20.0,0.2
07:31:04,112.0,46.0,121.75,12.0,111.0,36.0,236.0,48.0,116.88,9.75,82.0,60.0,8.22141107109983,112.0,121.75,142,22.0,4.0,0.15
07:31:05,112.38,39.0,120.31,13.0,111.0,39.0,230.42,31.0,116.35,7.930000000000007,78.0,44.0,0.49439862459604994,112.38,120.31,122,34.0,-20.0,0.28
07:31:06,111.6,10.0,120.0,8.0,110.05,66.0,381.73,11.0,115.8,8.400000000000006,76.0,19.0,0.6905287828921054,111.6,120.0,95,57.0,-27.0,0.6
07:31:07,111.0,11.0,119.36,11.0,108.31,59.0,292.4,30.0,115.18,8.36,70.0,41.0,0.9339967880043308,111.0,119.36,111,29.0,16.0,0.26
07:31:08,110.6,10.0,119.0,10.0,108.16,38.0,280.62,21.0,114.8,8.400000000000006,48.0,31.0,0.8445827372154557,110.6,119.0,79,17.0,-32.0,0.22
07:31:09,110.0,6.0,119.0,6.0,108.0,30.0,207.0,24.0,114.5,9.0,36.0,30.0,0.7505864373956622,110.0,119.0,66,6.0,-13.0,0.09
07:31:10,108.44,9.0,119.0,9.0,106.59,34.0,207.0,36.0,113.72,10.560000000000002,43.0,45.0,0.7747257579313315,108.44,119.0,88,-2.0,22.0,-0.02
07:31:11,108.0,12.0,118.17,12.0,106.0,36.0,240.74,27.0,113.08,10.170000000000002,48.0,39.0,0.848457423800528,108.0,118.17,87,9.0,-1.0,0.1
07:31:12,93.41,17.0,116.82,11.0,82.69,29.0,336.0,22.0,105.11,23.409999999999997,46.0,33.0,4.043330310523991,93.41,116.82,79,13.0,-8.0,0.16
07:31:13,88.15,26.0,115.15,13.0,51.01,87.0,306.21,19.0,101.65,27.0,113.0,32.0,5.840733686789851,88.15,115.15,145,81.0,66.0,0.56
07:31:14,110.61,122.0,112.52,23.0,96.31,35.0,239.87,23.0,111.56,1.9099999999999966,157.0,46.0,5.353272830708493,110.61,112.52,203,111.0,58.0,0.55
07:31:15,109.64,66.0,112.0,16.0,78.57,84.0,231.0,20.0,110.82,2.3599999999999994,150.0,36.0,4.850807149331096,109.64,112.0,186,114.0,-17.0,0.61
07:31:16,106.09,45.0,111.23,13.0,92.61,138.0,225.92,26.0,108.66,5.140000000000001,183.0,39.0,4.146329702279067,106.09,111.23,222,144.0,36.0,0.65
07:31:17,99.54,52.0,122.88,16.0,90.73,98.0,191.07,15.0,111.21,23.33999999999999,150.0,31.0,4.142650117980239,99.53999999999999,122.88,181,119.0,-41.0,0.66
07:31:18,102.77,13.0,221.31,26.0,79.89,125.0,315.62,26.0,162.04,118.54,138.0,52.0,23.04911321504587,102.77,221.31,190,86.0,9.0,0.45
07:31:19,110.86,28.0,230.5,24.0,110.83,48.0,333.56,18.0,170.68,119.64,76.0,42.0,30.910315753806252,110.86,230.5,118,34.0,-72.0,0.29
07:31:20,110.0,60.0,224.75,32.0,106.0,9.0,230.0,26.0,167.38,114.75,69.0,58.0,31.25695090695833,110.0,224.75,127,11.0,9.0,0.09
07:31:21,114.75,32.0,228.1,40.0,110.5,24.0,230.0,30.0,171.43,113.35,56.0,70.0,25.613550515303498,114.75,228.1,126,-14.0,-1.0,-0.11
07:31:22,115.74,38.0,225.38,39.0,110.41,44.0,226.74,38.0,170.56,109.64,82.0,77.0,3.8901568091793997,115.74,225.38,159,5.0,33.0,0.03
07:31:23,110.35,31.0,222.65,43.0,109.43,167.0,223.58,48.0,166.5,112.30000000000001,198.0,91.0,2.2110404790516336,110.35,222.65,289,107.0,130.0,0.37
07:31:24,110.0,140.0,184.11,46.0,106.0,168.0,212.26,38.0,147.05,74.11000000000001,308.0,84.0,10.018858717439066,110.0,184.11000000000004,392,224.0,103.0,0.57
07:31:25,110.0,110.0,168.54,26.0,106.0,132.0,170.5,40.0,139.27,58.53999999999999,242.0,66.0,14.802505531159397,110.0,168.54,308,176.0,-84.0,0.57
07:31:26,110.58,83.0,165.91,22.0,107.29,124.0,168.0,44.0,138.24,55.33,207.0,66.0,15.248702567759794,110.58,165.91,273,141.0,-35.0,0.52
07:31:27,110.0,90.0,151.3,23.0,106.11,114.0,167.47,34.0,130.65,41.30000000000001,204.0,57.0,13.681563141688299,110.0,151.3,261,147.0,-12.0,0.56
07:31:28,110.0,93.0,126.57,42.0,106.0,144.0,128.12,34.0,118.29,16.569999999999993,237.0,76.0,10.858517394193527,110.0,126.57,313,161.0,52.0,0.51
07:31:29,110.0,35.0,122.9,40.0,106.0,110.0,124.62,26.0,116.45,12.900000000000006,145.0,66.0,10.780742089485448,110.0,122.9,211,79.0,-102.0,0.37
07:31:30,106.08,146.0,118.36,44.0,79.09,160.0,120.3,40.0,112.22,12.280000000000001,306.0,84.0,10.861981863361894,106.08,118.36,390,222.0,173.5,0.57
07:31:31,106.0,106.0,114.86,28.0,87.67,63.0,117.22,18.0,110.43,8.86,169.0,46.0,7.944401802527501,106.0,114.86,215,123.0,-174.5,0.57
07:31:32,106.24,164.0,112.0,32.0,95.17,96.0,113.27,44.0,109.12,5.760000000000005,260.0,76.0,3.927412634292696,106.24000000000001,112.0,336,184.0,121.0,0.55
07:31:33,106.23,173.0,108.94,34.0,88.88,113.0,109.91,44.0,107.59,2.7099999999999937,286.0,78.0,3.411271024120154,106.23,108.94,364,208.0,28.0,0.57
07:31:34,106.0,164.0,199.21,39.0,105.0,65.0,282.0,31.0,152.6,93.21000000000001,229.0,70.0,19.198486138235015,106.0,199.21,299,159.0,-65.0,0.53
07:31:35,110.0,11.0,419.0,21.0,106.0,70.0,471.0,21.0,264.5,309.0,81.0,42.0,67.35343695758965,110.0,419.0,123,39.0,-174.5,0.32
07:31:37,107.37,35.0,177.0,33.0,105.17,94.0,451.93,15.0,142.19,69.63,129.0,48.0,77.8586634228973,107.37,177.0,177,81.0,71.0,0.46
07:31:38,108.0,50.0,175.0,26.0,106.0,90.0,176.11,27.0,141.5,67.0,140.0,53.0,70.0211509474102,108.0,175.0,193,87.0,16.0,0.45
07:31:39,108.58,24.0,164.89,27.0,107.32,53.0,169.26,19.0,136.74,56.30999999999999,77.0,46.0,72.79947060247076,108.58,164.89,123,31.0,-70.0,0.25
07:31:40,109.5,24.0,156.18,33.0,108.0,60.0,165.59,29.0,132.84,46.68000000000001,84.0,62.0,63.779466131349885,109.5,156.18,146,22.0,23.0,0.15
07:31:41,108.44,54.0,151.13,31.0,106.94,90.0,154.43,28.0,129.79,42.69,144.0,59.0,5.38030389476355,108.44,151.13,203,85.0,57.0,0.42
07:31:42,108.47,32.0,148.91,33.0,106.44,81.0,152.76,29.0,128.69,40.44,113.0,62.0,5.267463336370555,108.47,148.91,175,51.0,-28.0,0.29
07:31:43,111.21,86.0,145.73,22.0,106.56,94.0,161.0,26.0,128.47,34.519999999999996,180.0,48.0,3.502360632488929,111.21,145.73,228,132.0,53.0,0.58
07:31:44,113.09,86.0,151.75,28.0,108.48,86.0,152.89,27.0,132.42,38.66,172.0,55.0,2.0643570427637505,113.09,151.75,227,117.0,-1.0,0.52
07:31:45,116.0,48.0,150.38,16.0,113.0,24.0,151.47,19.0,133.19,34.379999999999995,72.0,35.0,2.1692671573617415,116.0,150.38,107,37.0,-120.0,0.35
07:31:46,116.0,48.0,148.32,19.0,113.0,24.0,149.41,17.0,132.16,32.31999999999999,72.0,36.0,2.2301412511337113,116.0,148.32,108,36.0,1.0,0.33
07:31:47,116.0,48.0,143.27,22.0,113.0,24.0,144.47,17.0,129.64,27.27000000000001,72.0,39.0,2.0157951284811215,116.0,143.27,111,33.0,3.0,0.3
07:31:48,116.0,72.0,142.61,31.0,113.0,36.0,143.48,29.0,129.31,26.610000000000014,108.0,60.0,1.7515792873884424,116.0,142.61,168,48.0,57.0,0.29
07:31:49,116.0,20.0,139.68,25.0,113.0,30.0,142.2,25.0,127.84,23.680000000000007,50.0,50.0,2.19072362474328,116.0,139.68,100,0.0,-68.0,0.0
07:31:50,116.0,18.0,136.46,26.0,113.0,27.0,138.79,19.0,126.23,20.460000000000008,45.0,45.0,2.208128166571978,116.0,136.46,90,0.0,-10.0,0.0
07:31:51,114.27,33.0,132.27,45.0,111.27,49.0,133.56,43.0,123.27,18.000000000000014,82.0,88.0,2.6069273100738393,114.27,132.27,170,-6.0,80.0,-0.04
07:31:52,111.0,108.0,126.15,26.0,106.0,58.0,128.03,30.0,118.58,15.150000000000006,166.0,56.0,4.2530377379008995,111.0,126.15,222,110.0,52.0,0.5
07:31:53,111.0,90.0,121.08,26.0,106.0,60.0,122.18,22.0,116.04,10.079999999999998,150.0,48.0,5.001526766899243,111.0,121.08,198,102.0,-24.0,0.52
07:31:54,111.5,60.0,119.0,33.0,109.21,84.0,120.0,22.0,115.25,7.5,144.0,55.0,4.735158920248613,111.5,119.0,199,89.0,1.0,0.45
07:31:55,113.0,48.0,116.9,30.0,111.0,108.0,118.2,30.0,114.95,3.9000000000000057,156.0,60.0,3.4672135786551084,113.0,116.9,216,96.0,17.0,0.44
07:31:56,113.0,50.0,114.33,55.0,111.0,126.0,116.44,36.0,113.66,1.3299999999999983,176.0,91.0,1.825960021471089,113.0,114.33,267,85.0,51.0,0.32
07:31:57,111.08,78.0,114.64,42.0,110.27,99.0,119.0,27.0,112.86,3.5600000000000023,177.0,69.0,1.2765461213802225,111.08,114.64,246,108.0,-21.0,0.44
07:31:58,111.0,62.0,113.36,36.0,110.0,80.0,115.27,30.0,112.18,2.3599999999999994,142.0,66.0,1.3181995296657474,111.0,113.36,208,76.0,-38.0,0.37
07:31:59,110.0,88.0,120.09,22.0,107.0,44.0,234.9,31.0,115.05,10.090000000000003,132.0,53.0,1.264377317105538,110.0,120.09,185,79.0,-23.0,0.43
07:32:00,110.0,100.0,116.85,26.0,107.0,52.0,118.31,26.0,113.42,6.849999999999994,152.0,52.0,1.068260267917443,110.0,116.85,204,100.0,19.0,0.49
07:32:01,110.58,52.0,114.38,16.0,109.37,57.0,116.25,16.0,112.48,3.799999999999997,109.0,32.0,1.1341604824763931,110.58,114.38,141,77.0,-63.0,0.55
07:32:02,110.35,102.0,112.44,39.0,109.04,113.0,122.25,32.0,111.39,2.0900000000000034,215.0,71.0,1.4024728161398117,110.35,112.44,286,144.0,145.0,0.5
07:32:03,110.0,94.0,111.0,66.0,108.0,72.0,145.67,18.0,110.5,1.0,166.0,84.0,1.771883178996627,110.0,111.0,250,82.0,-36.0,0.33
07:32:04,108.77,26.0,262.13,23.0,107.4,70.0,425.46,28.0,185.45,153.36,96.0,51.0,32.88978519236647,108.77,262.13,147,45.0,-103.0,0.31
07:32:05,107.4,30.0,129.33,18.0,106.08,49.0,206.8,15.0,118.37,21.930000000000007,79.0,33.0,32.46381323874335,107.4,129.33,112,46.0,-35.0,0.41
07:32:06,108.0,42.0,114.0,14.0,107.0,14.0,180.43,7.0,111.0,6.0,56.0,21.0,32.64282723662287,108.0,114.0,77,35.0,-35.0,0.45
07:32:07,109.08,26.0,132.27,15.0,107.91,46.0,205.0,9.0,120.67,23.190000000000012,72.0,24.0,31.760991325838805,109.08,132.27,96,48.0,19.0,0.5
07:32:08,113.0,27.0,233.24,21.0,110.0,26.0,413.17,24.0,173.12,120.24000000000001,53.0,45.0,34.75023841644838,113.0,233.24,98,8.0,2.0,0.08
07:32:09,113.0,33.0,229.39,38.0,110.0,66.0,231.0,39.0,171.2,116.38999999999999,99.0,77.0,30.604404421586214,113.0,229.39,176,22.0,78.0,0.12
07:32:10,112.36,39.0,227.25,48.0,110.19,73.0,229.0,36.0,169.8,114.89,112.0,84.0,30.633798654427487,112.36,227.25,196,28.0,20.0,0.14
07:32:11,112.0,40.0,203.0,32.0,110.0,96.0,221.86,28.0,157.5,91.0,136.0,60.0,21.99331989491357,112.0,203.0,196,76.0,0.0,0.39
07:32:12,112.0,65.0,192.89,44.0,110.0,234.0,199.67,49.0,152.44,80.88999999999999,299.0,93.0,9.236358589833946,112.0,192.89,392,206.0,173.5,0.53
07:32:13,112.0,60.0,187.28,36.0,110.0,96.0,190.02,45.0,149.64,75.28,156.0,81.0,9.901337283417874,112.0,187.28,237,75.0,-155.0,0.32
07:32:14,112.0,60.0,117.61,38.0,110.0,72.0,127.73,22.0,114.8,5.609999999999999,132.0,60.0,20.53435365430343,112.0,117.61000000000001,192,72.0,-45.0,0.38
07:32:15,112.0,25.0,117.0,20.0,110.0,30.0,118.0,15.0,114.5,5.0,55.0,35.0,21.29842905004986,112.0,117.0,90,20.0,-102.0,0.22
07:32:16,112.0,40.0,116.36,28.0,110.0,48.0,117.43,28.0,114.18,4.359999999999999,88.0,56.0,20.04309656714776,112.0,116.36,144,32.0,54.0,0.22
07:32:17,111.8,41.0,114.0,32.0,109.8,60.0,173.69,35.0,112.9,2.200000000000003,101.0,67.0,15.912682991878286,111.80000000000001,114.0,168,34.0,24.0,0.2
07:32:18,109.09,66.0,112.8,45.0,107.82,66.0,341.28,46.0,110.95,3.7099999999999937,132.0,91.0,1.581859665082555,109.09,112.8,223,41.0,55.0,0.18
07:32:19,108.0,50.0,109.9,30.0,107.0,20.0,417.24,34.0,108.95,1.9000000000000057,70.0,64.0,2.3334159509216184,108.0,109.9,134,6.0,-89.0,0.04
07:32:20,108.65,52.0,238.17,12.0,107.25,24.0,433.77,52.0,173.41,129.51999999999998,76.0,64.0,27.648531064054957,108.65,238.17,140,12.0,6.0,0.09
07:32:22,116.0,40.0,314.19,32.0,109.0,80.0,405.32,28.0,215.09,198.19,120.0,60.0,68.98417412711409,116.0,314.19,180,60.0,-66.0,0.33
07:32:23,113.17,47.0,209.88,52.0,108.62,42.0,284.45,40.0,161.53,96.71,89.0,92.0,60.29204756848114,113.17,209.88,181,-3.0,1.0,-0.02
07:32:24,116.0,42.0,225.96,28.0,111.33,36.0,357.52,52.0,170.98,109.96000000000001,78.0,80.0,44.98159045654109,116.0,225.96,158,-2.0,-23.0,-0.01
07:32:25,111.3,54.0,288.47,17.0,109.65,34.0,361.52,29.0,199.88,177.17000000000002,88.0,46.0,42.85121993595967,111.3,288.47,134,42.0,-24.0,0.31
07:32:26,110.0,20.0,278.78,9.0,108.0,18.0,358.0,9.0,194.39,168.77999999999997,38.0,18.0,21.825882112757583,110.0,278.78,56,20.0,-78.0,0.36
07:32:27,110.0,12.0,168.67,12.0,108.0,24.0,179.0,12.0,139.33,58.66999999999999,36.0,24.0,24.744344202261562,110.0,168.67,60,12.0,4.0,0.2
07:32:28,110.58,12.0,167.83,12.0,108.67,18.0,170.0,12.0,139.21,57.250000000000014,30.0,24.0,29.024158385730956,110.58,167.83,54,6.0,-6.0,0.11
07:32:29,112.95,21.0,166.64,11.0,111.82,11.0,248.63,38.0,139.79,53.68999999999998,32.0,49.0,31.659325640322766,112.95000000000002,166.64,81,-17.0,27.0,-0.21
07:32:30,113.0,16.0,165.75,8.0,112.0,8.0,246.31,26.0,139.38,52.75,24.0,34.0,24.580945872769064,113.0,165.75,58,-10.0,-23.0,-0.17
07:32:31,113.0,31.0,163.54,13.0,112.0,13.0,165.23,13.0,138.27,50.53999999999999,44.0,26.0,0.561765075460054,113.0,163.54,70,18.0,12.0,0.26
07:32:32,109.2,20.0,163.0,8.0,107.4,20.0,165.0,8.0,136.1,53.8,40.0,16.0,1.4784282194299645,109.2,163.0,56,24.0,-14.0,0.43
07:32:33,111.27,44.0,162.7,10.0,107.5,24.0,164.4,10.0,136.99,51.42999999999999,68.0,20.0,1.5616753824040999,111.27,162.7,88,48.0,32.0,0.55
07:32:34,108.6,40.0,160.75,12.0,106.19,74.0,162.5,12.0,134.68,52.150000000000006,114.0,24.0,1.832656541746802,108.6,160.75,138,90.0,50.0,0.65
07:32:35,107.0,45.0,159.2,15.0,106.0,120.0,160.2,15.0,133.1,52.19999999999999,165.0,30.0,2.0091963567575544,107.0,159.2,195,135.0,57.0,0.69
07:32:36,107.0,30.0,157.79,34.0,106.0,80.0,158.0,18.0,132.4,50.78999999999999,110.0,52.0,1.9393246247104214,107.0,157.79,162,58.0,-33.0,0.36
07:32:37,107.83,54.0,122.14,58.0,106.65,69.0,139.31,42.0,114.99,14.310000000000002,123.0,100.0,8.81049771579392,107.83,122.14,223,23.0,61.0,0.1
07:32:38,108.28,25.0,113.41,17.0,107.54,39.0,114.73,41.0,110.85,5.1299999999999955,64.0,58.0,11.338947482020185,108.28,113.41,122,6.0,-101.0,0.05
07:32:39,108.36,14.0,110.25,8.0,107.68,22.0,114.25,20.0,109.3,1.8900000000000006,36.0,28.0,11.711113098250468,108.36,110.25,64,8.0,-58.0,0.12
07:32:40,107.26,43.0,109.77,44.0,104.36,165.0,128.73,55.0,108.51,2.509999999999991,208.0,99.0,9.929403305335898,107.26,109.77,307,109.0,173.5,0.36
07:32:41,106.03,125.0,114.32,31.0,92.56,57.0,153.98,43.0,110.18,8.289999999999992,182.0,74.0,2.52147377539741,106.03,114.32,256,108.0,-51.0,0.42
07:32:42,106.0,98.0,112.71,31.0,85.0,84.0,114.4,25.0,109.35,6.709999999999994,182.0,56.0,0.8989271383250458,106.0,112.71,238,126.0,-18.0,0.53
07:32:43,106.54,74.0,110.53,36.0,99.94,94.0,112.57,28.0,108.53,3.989999999999995,168.0,64.0,0.6918309042081114,106.54,110.53,232,104.0,-6.0,0.45
07:32:44,106.79,63.0,109.0,21.0,98.13,119.0,144.74,31.0,107.9,2.2099999999999937,182.0,52.0,0.8845507334333651,106.79,109.0,234,130.0,2.0,0.56
07:32:45,106.0,246.0,108.55,31.0,91.08,144.0,234.67,36.0,107.27,2.549999999999997,390.0,67.0,1.1524018396451772,106.0,108.55,457,323.0,173.5,0.71
07:32:46,106.0,97.0,270.5,20.0,100.48,73.0,378.57,23.0,188.25,164.5,170.0,43.0,35.77978060301673,106.0,270.5,213,127.0,-174.5,0.6
07:32:47,106.0,77.0,360.88,16.0,77.57,42.0,553.37,19.0,233.44,254.88,119.0,35.0,58.606888417659604,106.0,360.88,154,84.0,-59.0,0.55
07:32:48,106.0,50.0,290.0,10.0,88.0,5.0,637.0,3.0,198.0,184.0,55.0,13.0,56.76115546744972,106.0,290.0,68,42.0,-86.0,0.62
07:32:49,108.67,18.0,270.05,42.0,105.75,73.0,528.5,16.0,189.36,161.38,91.0,58.0,46.29225129543811,108.67,270.05,149,33.0,81.0,0.22
07:32:51,111.0,99.0,190.8,30.0,110.0,21.0,553.57,28.0,150.9,79.80000000000001,120.0,58.0,59.244905266191275,111.0,190.8,178,62.0,100.0,0.35
07:32:52,111.44,48.0,262.77,13.0,110.0,66.0,626.91,22.0,187.1,151.32999999999998,114.0,35.0,59.44714391793757,111.44,262.77,149,79.0,-29.0,0.53
07:32:53,112.0,36.0,308.0,12.0,110.0,66.0,559.33,24.0,210.0,196.0,102.0,36.0,59.25142124877665,112.0,308.0,138,66.0,-11.0,0.48
07:32:54,112.0,72.0,150.51,35.0,110.0,132.0,245.8,40.0,131.26,38.50999999999999,204.0,75.0,68.98178397229218,112.0,150.51,279,129.0,141.0,0.46
07:32:55,111.47,75.0,120.58,36.0,109.55,124.0,124.5,36.0,116.03,9.11,199.0,72.0,38.961941943388794,111.47,120.58,271,127.0,-8.0,0.47
07:32:56,110.0,111.0,119.18,33.0,106.0,77.0,162.71,28.0,114.59,9.180000000000007,188.0,61.0,43.92976929144975,110.0,119.18,249,127.0,-22.0,0.51
07:32:57,110.98,61.0,118.0,24.0,108.13,60.0,236.0,16.0,114.49,7.019999999999996,121.0,40.0,41.26203254809446,110.98,118.0,161,81.0,-88.0,0.5
07:32:58,113.0,81.0,117.85,39.0,110.0,104.0,271.56,36.0,115.42,4.849999999999994,185.0,75.0,7.240032458491679,113.0,117.85,260,110.0,99.0,0.42
07:32:59,115.5,54.0,117.0,18.0,112.55,53.0,316.29,21.0,116.25,1.5,107.0,39.0,0.8053446467284124,115.5,117.0,146,68.0,-114.0,0.47
07:33:00,116.0,63.0,404.09,32.0,113.0,90.0,592.73,30.0,260.05,288.09,153.0,62.0,64.78838939192735,116.0,404.09,215,91.0,69.0,0.42
07:33:01,116.0,24.0,191.0,6.0,113.0,54.0,394.45,20.0,153.5,75.0,78.0,26.0,62.65020885839091,116.0,191.0,104,52.0,-111.0,0.5
07:33:02,113.0,63.0,188.5,12.0,110.0,72.0,291.7,20.0,150.75,75.5,135.0,32.0,59.23682494867529,113.0,188.5,167,103.0,63.0,0.62
07:33:03,113.0,63.0,189.8,10.0,110.0,72.0,465.68,22.0,151.4,76.80000000000001,135.0,32.0,54.59321615365775,113.0,189.8,167,103.0,0.0,0.62
07:33:04,113.0,58.0,188.8,10.0,110.0,80.0,509.47,49.0,150.9,75.80000000000001,138.0,59.0,48.49606427329949,113.0,188.8,197,79.0,30.0,0.4
07:33:05,113.0,31.0,240.76,50.0,110.0,88.0,406.0,53.0,176.88,127.75999999999999,119.0,103.0,11.342441536106769,113.0,240.76,222,16.0,25.0,0.07
07:33:06,113.0,18.0,190.12,41.0,110.0,72.0,210.17,41.0,151.56,77.12,90.0,82.0,11.510609019508923,113.0,190.12,172,8.0,-50.0,0.05
07:33:07,113.0,14.0,205.74,23.0,109.95,42.0,207.0,33.0,159.37,92.74000000000001,56.0,56.0,11.110495938525862,113.0,205.74,112,0.0,-60.0,0.0
07:33:08,109.5,14.0,203.6,43.0,106.7,43.0,205.17,29.0,156.55,94.1,57.0,72.0,10.568631415656402,109.5,203.6,129,-15.0,17.0,-0.12
07:33:09,107.67,18.0,197.58,33.0,106.26,92.0,198.56,34.0,152.62,89.91000000000001,110.0,67.0,10.260454668288311,107.67,197.58,177,43.0,48.0,0.24
07:33:10,110.0,57.0,191.5,30.0,107.0,36.0,192.4,30.0,150.75,81.5,93.0,60.0,3.661126875703853,110.0,191.5,153,33.0,-24.0,0.22
07:33:11,110.0,24.0,182.63,38.0,107.0,36.0,189.23,52.0,146.32,72.63,60.0,90.0,5.072826628222319,110.0,182.63,150,-30.0,-3.0,-0.2
07:33:12,110.0,34.0,120.89,47.0,107.0,33.0,142.19,27.0,115.45,10.89,67.0,74.0,16.562631735325287,110.0,120.89,141,-7.0,-9.0,-0.05
07:33:13,111.0,10.0,114.88,43.0,110.0,60.0,115.97,35.0,112.94,3.8799999999999955,70.0,78.0,19.707981378111946,111.0,114.88000000000001,148,-8.0,7.0,-0.05
07:33:14,110.04,54.0,111.58,73.0,108.77,52.0,187.98,47.0,110.81,1.539999999999992,106.0,120.0,19.558914335923905,110.04000000000002,111.58,226,-14.0,78.0,-0.06
07:33:15,107.74,19.0,110.0,10.0,106.21,86.0,130.93,40.0,108.87,2.260000000000005,105.0,50.0,15.534856613435867,107.74,110.0,155,55.0,-71.0,0.35
07:33:16,107.71,51.0,353.0,25.0,106.17,103.0,408.56,39.0,230.35,245.29000000000002,154.0,64.0,52.97655689076072,107.71,353.0,218,90.0,63.0,0.41
07:33:17,108.9,30.0,249.9,50.0,106.02,183.0,560.24,34.0,179.4,141.0,213.0,84.0,54.56605107573759,108.9,249.9,297,129.0,79.0,0.43
07:33:18,110.0,24.0,196.17,24.0,106.0,145.0,480.0,20.0,153.08,86.16999999999999,169.0,44.0,50.857944020575594,110.0,196.17,213,125.0,-84.0,0.59
07:33:19,106.24,51.0,381.2,10.0,101.3,23.0,474.8,10.0,243.72,274.96,74.0,20.0,55.52550972300923,106.24,381.2,94,54.0,-119.0,0.57
07:33:20,106.0,186.0,274.59,17.0,81.52,27.0,381.05,38.0,190.29,168.58999999999997,213.0,55.0,37.251490842649346,106.0,274.59,268,158.0,173.5,0.59
07:33:21,113.27,55.0,206.67,9.0,103.52,82.0,357.5,24.0,159.97,93.39999999999999,137.0,33.0,35.88991320691641,113.27,206.67,170,104.0,-98.0,0.61
07:33:22,116.0,40.0,232.4,25.0,106.0,75.0,347.43,21.0,174.2,116.4,115.0,46.0,36.177521612183355,116.0,232.4,161,69.0,-9.0,0.43
07:33:23,116.0,96.0,229.92,51.0,106.0,180.0,263.62,50.0,172.96,113.91999999999999,276.0,101.0,32.83300580208873,116.0,229.92,377,175.0,173.5,0.46
07:33:24,116.0,72.0,237.0,36.0,106.71,51.0,262.46,24.0,176.5,121.0,123.0,60.0,10.799343961556056,116.0,237.0,183,63.0,-174.5,0.34
07:33:25,116.0,56.0,235.29,28.0,112.0,7.0,412.12,32.0,175.64,119.28999999999999,63.0,60.0,6.78003539813757,116.0,235.29,123,3.0,-60.0,0.02
07:33:26,116.0,62.0,233.0,15.0,112.0,9.0,253.61,33.0,174.5,117.0,71.0,48.0,1.3622775047681577,116.0,233.0,119,23.0,-4.0,0.19
07:33:27,116.0,20.0,174.2,25.0,112.95,19.0,231.8,25.0,145.1,58.19999999999999,39.0,50.0,13.392751771014046,116.0,174.2,89,-11.0,-30.0,-0.12
07:33:28,116.0,22.0,158.31,16.0,113.0,22.0,194.83,35.0,137.16,42.31,44.0,51.0,19.0718588501489,116.0,158.31,95,-7.0,6.0,-0.07
07:33:29,116.0,20.0,156.37,19.0,113.0,20.0,156.7,20.0,136.18,40.370000000000005,40.0,39.0,19.802047368896137,116.0,156.37,79,1.0,-16.0,0.01
07:33:30,116.0,16.0,153.0,32.0,113.0,163.0,154.0,8.0,134.5,37.0,179.0,40.0,16.72256918060172,116.0,153.0,219,139.0,140.0,0.63
07:33:31,113.31,136.0,149.14,49.0,112.95,170.0,150.29,42.0,131.23,35.829999999999984,306.0,91.0,5.1408442886372985,113.31,149.14,397,215.0,173.5,0.54
07:33:32,113.0,165.0,143.97,36.0,112.0,15.0,145.38,29.0,128.49,30.97,180.0,65.0,3.599662484180496,113.0,143.97,245,115.0,-152.0,0.47
07:33:33,113.0,60.0,139.79,33.0,112.0,9.0,141.62,13.0,126.39,26.789999999999992,69.0,46.0,4.063455426114297,113.0,139.79,115,23.0,-130.0,0.2
07:33:34,110.3,60.0,137.07,30.0,109.43,21.0,139.68,19.0,123.68,26.769999999999996,81.0,49.0,4.19811505321366,110.3,137.07,130,32.0,15.0,0.25
07:33:35,110.0,70.0,135.62,13.0,109.0,18.0,136.44,18.0,122.81,25.620000000000005,88.0,31.0,3.4609102848846693,110.0,135.62,119,57.0,-11.0,0.48
07:33:36,110.0,64.0,132.79,19.0,109.0,20.0,134.05,19.0,121.39,22.789999999999992,84.0,38.0,2.8582896984073676,110.0,132.79,122,46.0,3.0,0.38
07:33:37,110.0,24.0,129.12,8.0,109.0,12.0,130.33,12.0,119.56,19.120000000000005,36.0,20.0,2.556487825127024,110.0,129.12,56,16.0,-66.0,0.29
07:33:38,116.0,11.0,127.25,16.0,110.0,44.0,129.22,18.0,121.62,11.25,55.0,34.0,1.5630003199050413,116.0,127.25,89,21.0,33.0,0.24
07:33:39,116.0,9.0,125.33,18.0,110.0,36.0,126.33,18.0,120.67,9.329999999999998,45.0,36.0,1.2015198708401007,116.0,125.33,81,9.0,-8.0,0.11
07:33:40,111.71,28.0,122.08,24.0,109.44,50.0,123.27,22.0,116.9,10.370000000000005,78.0,46.0,1.9238684986308925,111.71,122.08,124,32.0,43.0,0.26
07:33:41,110.03,29.0,120.43,21.0,108.07,114.0,121.25,24.0,115.23,10.400000000000006,143.0,45.0,2.663724835643687,110.03,120.43,188,98.0,64.0,0.52
07:33:42,110.0,16.0,118.5,8.0,108.5,60.0,120.0,16.0,114.25,8.5,76.0,24.0,3.2720375914750135,110.0,118.5,100,52.0,-88.0,0.52
07:33:43,110.0,22.0,117.57,14.0,108.9,20.0,119.68,19.0,113.79,7.569999999999993,42.0,33.0,2.784657968229946,110.0,117.57000000000001,75,9.0,-25.0,0.12
07:33:44,110.0,26.0,115.32,19.0,108.0,11.0,116.5,14.0,112.66,5.319999999999993,37.0,33.0,1.5986963439088453,110.0,115.32,70,4.0,-5.0,0.06
07:33:45,108.05,39.0,112.38,13.0,97.0,10.0,113.13,15.0,110.22,4.329999999999998,49.0,28.0,1.9195702644155315,108.05,112.38000000000001,77,21.0,7.0,0.27
07:33:46,106.0,171.0,110.0,9.0,98.3,53.0,113.0,18.0,108.0,4.0,224.0,27.0,2.628560442529179,106.0,110.0,251,197.0,173.5,0.78
07:33:47,106.0,228.0,107.74,23.0,94.37,38.0,109.39,23.0,106.87,1.7399999999999949,266.0,46.0,2.9500288134237076,106.0,107.74,312,220.0,61.0,0.71
07:33:48,106.0,172.0,108.14,14.0,81.05,95.0,124.5,20.0,107.07,2.1400000000000006,267.0,34.0,2.4565890987364827,106.0,108.14,301,233.0,-11.0,0.77
07:33:49,106.05,110.0,107.91,11.0,95.76,127.0,212.8,51.0,106.98,1.8599999999999994,237.0,62.0,1.4109110531963573,106.05,107.91,299,175.0,-2.0,0.59
07:33:50,106.38,21.0,185.22,9.0,105.3,53.0,296.83,24.0,145.8,78.84,74.0,33.0,17.254901622438393,106.38,185.22,107,41.0,-174.5,0.38
07:33:51,106.0,74.0,247.0,40.0,92.31,26.0,546.0,32.0,176.5,141.0,100.0,72.0,31.59667118542739,106.0,247.0,172,28.0,65.0,0.16
07:33:52,106.12,34.0,367.65,43.0,105.08,26.0,557.86,42.0,236.88,261.53,60.0,85.0,54.437586096372776,106.12,367.65,145,-25.0,-27.0,-0.17
07:33:53,111.46,39.0,133.5,40.0,109.86,21.0,274.0,36.0,122.48,22.040000000000006,60.0,76.0,51.42345107049891,111.46,133.5,136,-16.0,-9.0,-0.12
07:33:54,111.74,19.0,132.45,44.0,108.97,29.0,133.35,46.0,122.1,20.709999999999994,48.0,90.0,48.025402861402355,111.74,132.45,138,-42.0,2.0,-0.3
07:33:55,111.0,44.0,130.36,47.0,107.0,33.0,132.31,52.0,120.68,19.360000000000014,77.0,99.0,51.19022680160733,111.0,130.36,176,-22.0,38.0,-0.12
07:33:56,111.56,16.0,128.33,30.0,107.84,19.0,129.24,33.0,119.95,16.77000000000001,35.0,63.0,51.69808042858076,111.56,128.33,98,-28.0,-78.0,-0.29
07:33:57,112.43,21.0,126.21,33.0,109.11,19.0,128.69,39.0,119.32,13.779999999999987,40.0,72.0,1.358631664588513,112.43,126.20999999999998,112,-32.0,14.0,-0.29
07:33:58,111.0,27.0,123.93,70.0,107.0,42.0,125.6,40.0,117.46,12.930000000000007,69.0,110.0,1.7132483766294013,111.0,123.93,179,-41.0,67.0,-0.23
07:33:59,111.92,12.0,121.89,54.0,109.93,15.0,122.74,46.0,116.9,9.969999999999999,27.0,100.0,1.6212402659766476,111.92,121.89,127,-73.0,-52.0,-0.57
07:34:00,110.93,14.0,119.52,31.0,109.85,39.0,120.62,32.0,115.22,8.58999999999999,53.0,63.0,1.9046259475353235,110.92999999999999,119.52,116,-10.0,-11.0,-0.09
07:34:01,110.0,104.0,119.0,65.0,107.0,39.0,120.0,52.0,114.5,9.0,143.0,117.0,1.9046259475355314,110.0,119.0,260,26.0,144.0,0.1
07:34:02,110.0,88.0,118.22,46.0,107.0,33.0,119.15,53.0,114.11,8.219999999999999,121.0,99.0,1.4762181410707533,110.0,118.22,220,22.0,-40.0,0.1
07:34:03,110.0,78.0,117.33,36.0,107.06,34.0,165.0,46.0,113.67,7.329999999999998,112.0,82.0,1.264654102917847,110.0,117.33,194,30.0,-26.0,0.15
07:34:04,109.91,47.0,113.36,33.0,107.86,21.0,115.07,27.0,111.64,3.450000000000003,68.0,60.0,1.3491738212801632,109.91,113.36,128,8.0,-66.0,0.06
07:34:05,107.26,39.0,109.61,38.0,106.14,111.0,111.53,47.0,108.43,2.3499999999999943,150.0,85.0,2.513016116149818,107.26,109.61000000000001,235,65.0,107.0,0.28
07:34:06,106.33,24.0,108.16,19.0,93.9,58.0,140.11,18.0,107.25,1.8299999999999983,82.0,37.0,3.07717402823269,106.33,108.16,119,45.0,-116.0,0.38
07:34:07,106.0,80.0,108.45,11.0,72.61,54.0,273.48,29.0,107.23,2.450000000000003,134.0,40.0,2.882061762008375,106.0,108.45,174,94.0,55.0,0.54
07:34:08,107.31,16.0,126.38,8.0,67.22,18.0,191.57,28.0,116.84,19.069999999999993,34.0,36.0,4.08622931319699,107.31,126.38,70,-2.0,-104.0,-0.03
07:34:09,107.0,38.0,138.0,8.0,106.0,8.0,197.75,40.0,122.5,31.0,46.0,48.0,6.905132149353022,107.0,138.0,94,-2.0,24.0,-0.02
07:34:10,107.0,48.0,252.05,43.0,106.0,14.0,446.78,49.0,179.52,145.05,62.0,92.0,30.258016623698555,107.0,252.04999999999998,154,-30.0,60.0,-0.19
07:34:11,108.54,110.0,271.66,47.0,106.86,28.0,348.24,34.0,190.1,163.12,138.0,81.0,38.522479411377525,108.54,271.66,219,57.0,65.0,0.26
07:34:12,110.26,125.0,309.28,50.0,108.97,79.0,392.29,31.0,209.77,199.01999999999998,204.0,81.0,41.72219529219418,110.26,309.28,285,123.0,66.0,0.43
07:34:13,113.24,68.0,286.58,38.0,112.38,116.0,350.38,37.0,199.91,173.33999999999997,184.0,75.0,34.243624954142604,113.24,286.58,259,109.0,-26.0,0.42
07:34:14,113.0,156.0,184.19,47.0,107.58,26.0,235.04,46.0,148.6,71.19,182.0,93.0,23.532846194202136,113.0,184.19,275,89.0,16.0,0.32
07:34:15,113.0,119.0,213.28,29.0,110.0,13.0,267.07,42.0,163.14,100.28,132.0,71.0,25.63371081213129,113.0,213.28,203,61.0,-72.0,0.3
07:34:16,113.0,64.0,250.2,25.0,110.0,18.0,376.5,24.0,181.6,137.2,82.0,49.0,25.26666044415007,113.0,250.2,131,33.0,-72.0,0.25
07:34:17,113.0,88.0,274.45,33.0,110.0,27.0,487.41,27.0,193.73,161.45,115.0,60.0,21.352965367835445,113.0,274.45,175,55.0,44.0,0.31
07:34:18,113.0,94.0,273.67,36.0,111.67,12.0,552.65,46.0,193.33,160.67000000000002,106.0,82.0,19.762017862555968,113.0,273.67,188,24.0,13.0,0.13
07:34:19,113.0,70.0,273.0,30.0,112.0,10.0,544.59,34.0,193.0,160.0,80.0,64.0,13.219430774431032,113.0,273.0,144,16.0,-44.0,0.11
07:34:20,113.0,56.0,232.38,24.0,112.0,8.0,369.6,30.0,172.69,119.38,64.0,54.0,9.42355293930971,113.0,232.38,118,10.0,-26.0,0.08
07:34:21,112.94,52.0,216.2,30.0,111.7,10.0,438.0,30.0,164.57,103.25999999999999,62.0,60.0,13.844911700692627,112.94,216.2,122,2.0,4.0,0.02
07:34:22,108.1,123.0,214.0,44.0,107.44,27.0,215.0,33.0,161.05,105.9,150.0,77.0,15.412060861545452,108.1,214.0,227,73.0,105.0,0.32
07:34:23,108.91,53.0,139.15,47.0,112.0,129.0,192.72,43.0,124.03,30.24000000000001,182.0,90.0,25.093830317430466,108.91,139.15,272,92.0,45.0,0.34
07:34:24,114.0,6.0,123.0,12.0,113.0,90.0,173.64,22.0,118.5,9.0,96.0,34.0,24.995666024333186,114.0,123.0,130,62.0,-142.0,0.48
07:34:25,113.0,154.0,122.48,23.0,112.0,11.0,209.19,32.0,117.74,9.480000000000004,165.0,55.0,23.5572042059327,113.0,122.48,220,110.0,90.0,0.5
07:34:26,113.0,140.0,119.9,20.0,112.0,10.0,121.0,30.0,116.45,6.900000000000006,150.0,50.0,18.947222223851725,113.0,119.9,200,100.0,-20.0,0.5
07:34:27,113.0,126.0,119.0,18.0,112.0,9.0,121.0,27.0,116.0,6.0,135.0,45.0,3.2249542632457926,113.0,119.0,180,90.0,-20.0,0.5
07:34:28,113.0,154.0,118.27,22.0,112.0,11.0,121.0,33.0,115.64,5.269999999999996,165.0,55.0,1.210363581750727,113.0,118.27,220,110.0,40.0,0.5
07:34:29,113.0,129.0,115.13,31.0,112.0,11.0,117.25,24.0,114.06,2.1299999999999955,140.0,55.0,1.3342488523619274,113.0,115.13,195,85.0,-25.0,0.44
07:34:30,113.0,60.0,114.73,33.0,112.0,10.0,170.43,21.0,113.86,1.730000000000004,70.0,54.0,1.171674016111021,113.0,114.73,124,16.0,-71.0,0.13
07:34:31,110.0,70.0,114.6,20.0,108.57,14.0,277.4,20.0,112.3,4.599999999999994,84.0,40.0,1.492554856623492,110.0,114.6,124,44.0,0.0,0.35
07:34:32,110.0,70.0,113.0,20.0,108.0,10.0,246.2,20.0,111.5,3.0,80.0,40.0,1.617009585633638,110.0,113.0,120,40.0,-4.0,0.33
07:34:33,110.0,45.0,240.22,18.0,108.0,7.0,354.0,16.0,175.11,130.22,52.0,34.0,27.828337715358106,110.0,240.22,86,18.0,-34.0,0.21
07:34:34,110.0,52.0,188.0,32.0,108.0,8.0,523.0,16.0,149.0,78.0,60.0,48.0,28.654166887208874,110.0,188.0,108,12.0,22.0,0.11
07:34:35,110.0,54.0,224.56,16.0,108.0,9.0,418.82,22.0,167.28,114.56,63.0,38.0,29.96374175566212,110.0,224.56,101,25.0,-7.0,0.25
07:34:39,116.0,42.0,336.7,23.0,108.0,7.0,593.74,19.0,226.35,220.7,49.0,42.0,58.21388726068659,116.0,336.7,91,7.0,15.0,0.08
07:34:40,116.0,54.0,246.38,13.0,110.63,41.0,255.39,41.0,181.19,130.38,95.0,54.0,53.10609757833771,116.0,246.38,149,41.0,58.0,0.28
07:34:41,116.0,32.0,158.65,23.0,110.87,47.0,191.33,15.0,137.33,42.650000000000006,79.0,38.0,67.73950383638741,116.0,158.65,117,41.0,-32.0,0.35
07:34:42,116.0,36.0,123.0,9.0,108.22,9.0,246.0,9.0,119.5,7.0,45.0,18.0,62.89551915677275,116.0,123.0,63,27.0,-54.0,0.43
07:34:43,116.0,28.0,228.14,7.0,110.0,7.0,407.14,7.0,172.07,112.13999999999999,35.0,14.0,41.4898411662419,116.0,228.14000000000001,49,21.0,-14.0,0.43
07:34:44,116.0,48.0,241.37,30.0,110.0,12.0,296.25,12.0,178.68,125.37,60.0,42.0,27.715517855526116,116.0,241.37,102,18.0,53.0,0.18
07:34:45,114.1,21.0,243.0,27.0,108.33,9.0,245.0,9.0,178.55,128.9,30.0,36.0,27.177349576439333,114.1,243.0,66,-6.0,-36.0,-0.09
07:34:46,108.0,13.0,204.22,18.0,107.0,13.0,236.68,31.0,156.11,96.22,26.0,49.0,24.94639392778012,108.0,204.22,75,-23.0,9.0,-0.31
07:34:47,107.69,13.0,192.45,22.0,106.09,66.0,242.55,33.0,150.07,84.75999999999999,79.0,55.0,13.235376080791246,107.69,192.45,134,24.0,59.0,0.18
07:34:48,106.05,84.0,191.5,24.0,94.0,50.0,227.31,26.0,148.77,85.45,134.0,50.0,15.026845310975412,106.04999999999998,191.5,184,84.0,50.0,0.46
07:34:49,106.0,110.0,187.52,31.0,68.47,114.0,190.56,27.0,146.76,81.52000000000001,224.0,58.0,13.0510198835182,106.0,187.52,282,166.0,98.0,0.59
07:34:50,106.0,74.0,140.5,16.0,104.25,48.0,172.78,18.0,123.25,34.5,122.0,34.0,12.644264312327278,106.0,140.5,156,88.0,-126.0,0.56
07:34:51,113.38,104.0,125.46,26.0,107.76,116.0,184.08,37.0,119.42,12.079999999999998,220.0,63.0,15.00496351211815,113.38000000000001,125.46000000000001,283,157.0,127.0,0.55
07:34:52,114.0,105.0,123.36,39.0,109.03,111.0,150.71,38.0,118.68,9.36,216.0,77.0,15.07800484149016,114.0,123.36,293,139.0,10.0,0.47
07:34:53,114.0,50.0,121.7,27.0,110.0,10.0,123.22,23.0,117.85,7.700000000000003,60.0,50.0,12.232917477037281,114.0,121.7,110,10.0,-174.5,0.09
07:34:54,114.0,31.0,118.14,22.0,111.78,18.0,121.43,28.0,116.07,4.140000000000001,49.0,50.0,2.6567894158190097,114.0,118.14,99,-1.0,-11.0,-0.01
07:34:55,106.0,98.0,115.53,17.0,73.57,42.0,116.67,18.0,110.76,9.530000000000001,140.0,35.0,3.471963421467643,106.0,115.53,175,105.0,76.0,0.6
07:34:56,106.0,104.0,114.88,16.0,76.22,18.0,116.0,24.0,110.44,8.879999999999995,122.0,40.0,3.914492304247173,106.0,114.88,162,82.0,-13.0,0.51
07:34:57,107.36,33.0,114.0,14.0,104.5,22.0,116.0,21.0,110.68,6.640000000000001,55.0,35.0,3.527499114104953,107.36,114.0,90,20.0,-72.0,0.22
07:34:59,111.09,23.0,199.5,24.0,110.08,38.0,437.38,32.0,155.29,88.41,61.0,56.0,69.08736700729006,111.09,199.5,117,5.0,-111.0,0.04
07:35:00,112.0,20.0,120.78,40.0,111.0,30.0,126.44,34.0,116.39,8.780000000000001,50.0,74.0,68.29970753963731,112.0,120.78,124,-24.0,7.0,-0.19
07:35:01,111.53,19.0,122.33,48.0,110.3,50.0,123.5,48.0,116.93,10.799999999999997,69.0,96.0,67.35376581899477,111.53000000000002,122.33,165,-27.0,41.0,-0.16
07:35:02,114.18,11.0,120.73,44.0,110.26,27.0,121.73,44.0,117.45,6.549999999999997,38.0,88.0,66.32850910430588,114.18,120.73,126,-50.0,-39.0,-0.4
07:35:03,116.0,12.0,118.58,48.0,111.0,12.0,119.58,48.0,117.29,2.5799999999999983,24.0,96.0,17.121939142515412,116.0,118.58,120,-72.0,-6.0,-0.6
07:35:04,112.47,17.0,117.33,48.0,109.75,12.0,119.0,48.0,114.9,4.859999999999999,29.0,96.0,1.0297184081124493,112.47,117.33,125,-67.0,5.0,-0.54
07:35:05,110.96,51.0,115.03,29.0,109.73,15.0,116.14,29.0,113.0,4.070000000000007,66.0,58.0,1.923832113258847,110.96,115.03,124,8.0,-1.0,0.06
07:35:06,111.42,65.0,113.0,60.0,109.0,30.0,115.2,50.0,112.21,1.5799999999999983,95.0,110.0,2.39980207517339,111.42,113.0,205,-15.0,81.0,-0.07
07:35:07,108.64,25.0,114.48,25.0,106.62,26.0,127.63,19.0,111.56,5.840000000000003,51.0,44.0,2.3224706672005846,108.64,114.48,95,7.0,-110.0,0.07
07:35:08,108.0,24.0,111.0,8.0,106.22,23.0,112.0,24.0,109.5,3.0,47.0,32.0,1.9763552312294383,108.0,111.0,79,15.0,-16.0,0.19
07:35:09,106.37,35.0,141.38,16.0,100.8,55.0,126.6,30.0,123.87,35.00999999999999,90.0,46.0,5.6528904111089044,106.37,141.38,136,44.0,57.0,0.32
07:35:10,89.6,42.0,122.29,42.0,63.25,40.0,210.37,27.0,105.94,32.69000000000001,82.0,69.0,6.7492762574966365,89.6,122.29,151,13.0,15.0,0.09
07:35:11,100.73,44.0,165.38,56.0,96.53,60.0,296.16,64.0,133.05,64.64999999999999,104.0,120.0,11.321807717851664,100.73,165.37999999999997,224,-16.0,73.0,-0.07
07:35:12,113.64,33.0,314.19,16.0,109.83,53.0,370.17,48.0,213.91,200.55,86.0,64.0,44.226119318791625,113.64,314.19,150,22.0,-74.0,0.15
07:35:13,110.0,29.0,203.7,43.0,108.0,33.0,272.73,26.0,156.85,93.69999999999999,62.0,69.0,41.80045669606959,110.0,203.70000000000002,131,-7.0,-19.0,-0.05
07:35:14,110.0,9.0,157.38,13.0,108.0,27.0,164.67,45.0,133.69,47.379999999999995,36.0,58.0,40.67372026259692,110.0,157.38,94,-22.0,-37.0,-0.23
07:35:15,110.0,14.0,156.07,14.0,108.0,42.0,158.0,70.0,133.04,46.06999999999999,56.0,84.0,34.95708969579683,110.0,156.07,140,-28.0,46.0,-0.2
07:35:16,110.0,9.0,131.27,15.0,108.0,27.0,157.78,37.0,120.63,21.27000000000001,36.0,52.0,37.19703724760867,110.0,131.27,88,-16.0,-52.0,-0.18
07:35:17,110.0,10.0,124.1,21.0,108.0,30.0,171.5,10.0,117.05,14.099999999999994,40.0,31.0,15.603862342381708,110.0,124.1,71,9.0,-17.0,0.13
07:35:18,110.0,11.0,154.0,11.0,108.0,66.0,189.0,11.0,132.0,44.0,77.0,22.0,7.83293495440892,110.0,154.0,99,55.0,28.0,0.56
07:35:19,110.0,11.0,154.0,11.0,108.0,66.0,243.33,15.0,132.0,44.0,77.0,26.0,7.5174018117965,110.0,154.0,103,51.0,4.0,0.5
07:35:20,108.0,32.0,153.88,8.0,106.0,32.0,340.5,32.0,130.94,45.879999999999995,64.0,40.0,7.140905404778974,108.0,153.88,104,24.0,1.0,0.23
07:35:21,106.82,39.0,152.0,13.0,94.46,52.0,154.0,13.0,129.41,45.18000000000001,91.0,26.0,6.366753489809429,106.82,152.0,117,65.0,13.0,0.56
07:35:22,110.0,30.0,149.86,14.0,106.0,20.0,152.1,10.0,129.93,39.860000000000014,50.0,24.0,1.1803516425197353,110.0,149.85999999999999,74,26.0,-43.0,0.35
07:35:23,106.0,12.0,146.79,14.0,85.64,88.0,147.62,13.0,126.39,40.78999999999999,100.0,27.0,2.116301018286303,106.0,146.79,127,73.0,53.0,0.57
07:35:24,108.67,30.0,145.05,21.0,107.25,16.0,146.09,11.0,126.86,36.38000000000001,46.0,32.0,1.9846989696173454,108.67,145.05,78,14.0,-49.0,0.18
07:35:25,108.0,13.0,143.7,20.0,106.0,13.0,144.84,19.0,125.85,35.69999999999999,26.0,39.0,1.8534076723701773,108.0,143.7,65,-13.0,-13.0,-0.2
07:35:26,108.0,11.0,140.83,12.0,106.0,11.0,141.88,17.0,124.42,32.83000000000001,22.0,29.0,2.0294703742605127,108.0,140.83,51,-7.0,-14.0,-0.14
07:35:27,113.88,34.0,136.71,21.0,113.02,49.0,138.65,20.0,125.3,22.830000000000013,83.0,41.0,0.9515934005663924,113.88,136.71,124,42.0,73.0,0.34
07:35:28,116.0,12.0,132.0,30.0,114.0,72.0,133.19,21.0,124.0,16.0,84.0,51.0,1.1401228004042943,116.0,132.0,135,33.0,11.0,0.24
07:35:29,116.0,15.0,127.78,41.0,114.0,90.0,128.84,19.0,121.89,11.780000000000001,105.0,60.0,1.5259980340754702,116.0,127.78000000000002,165,45.0,30.0,0.27
07:35:30,116.0,9.0,125.33,9.0,114.0,54.0,126.6,15.0,120.67,9.329999999999998,63.0,24.0,1.913094352091052,116.0,125.33,87,39.0,-78.0,0.45
07:35:31,116.0,15.0,122.14,28.0,114.0,90.0,122.56,18.0,119.07,6.140000000000001,105.0,46.0,2.504142567826996,116.0,122.14,151,59.0,64.0,0.39
07:35:32,114.0,64.0,116.53,30.0,112.0,60.0,118.06,16.0,115.27,2.530000000000001,124.0,46.0,3.282407652928578,114.0,116.53,170,78.0,19.0,0.46
07:35:33,112.54,70.0,114.7,37.0,111.41,41.0,145.62,39.0,113.62,2.1599999999999966,111.0,76.0,3.5351492189163687,112.54,114.70000000000002,187,35.0,17.0,0.19
07:35:35,97.5,8.0,112.0,8.0,83.4,20.0,271.12,40.0,104.75,14.5,28.0,48.0,10.01466824213409,97.5,112.0,76,-20.0,-37.0,-0.26
07:35:36,108.8,10.0,111.4,10.0,83.59,17.0,275.5,50.0,110.1,2.6000000000000085,27.0,60.0,8.535475967982686,108.8,111.4,87,-33.0,11.0,-0.38
07:35:37,106.91,53.0,109.25,8.0,95.26,19.0,230.0,40.0,108.08,2.3400000000000034,72.0,48.0,7.450642254195988,106.91,109.25,120,24.0,33.0,0.2
07:35:38,107.02,180.0,109.0,12.0,106.59,27.0,583.0,48.0,108.01,1.980000000000004,207.0,60.0,6.387695202497627,107.02,109.0,267,147.0,147.0,0.55
07:35:40,106.82,71.0,258.0,40.0,105.52,117.0,536.0,50.0,182.41,151.18,188.0,90.0,69.82527500840928,106.82,258.0,278,98.0,9.0,0.35
07:35:41,106.05,143.0,221.29,28.0,93.13,69.0,383.69,26.0,163.67,115.24,212.0,54.0,65.18364188966416,106.05,221.29,266,158.0,-12.0,0.59
07:35:42,110.0,26.0,215.0,20.0,106.29,48.0,244.25,4.0,162.5,105.0,74.0,24.0,57.228151027269575,110.0,215.0,98,50.0,-168.0,0.51
07:35:43,110.0,154.0,213.06,68.0,106.73,62.0,225.6,40.0,161.53,103.06,216.0,108.0,44.88383038467161,110.0,213.06,324,108.0,173.5,0.33
07:35:44,110.81,47.0,209.86,58.0,109.7,69.0,210.81,43.0,160.34,99.05000000000001,116.0,101.0,9.20520233346244,110.80999999999999,209.86,217,15.0,-107.0,0.07
07:35:45,110.49,37.0,206.55,55.0,109.53,43.0,208.04,52.0,158.52,96.06000000000002,80.0,107.0,1.984885387115532,110.49,206.55,187,-27.0,-30.0,-0.14
07:35:46,112.67,30.0,165.07,75.0,110.42,57.0,188.41,83.0,138.87,52.39999999999999,87.0,158.0,9.884764539430732,112.67,165.07,245,-71.0,58.0,-0.29
07:35:47,115.87,93.0,127.58,43.0,113.57,28.0,128.36,70.0,121.73,11.709999999999994,121.0,113.0,17.459099919525958,115.87,127.57999999999998,234,8.0,-11.0,0.03
07:35:48,116.0,27.0,125.97,39.0,114.0,18.0,127.19,27.0,120.99,9.969999999999999,45.0,66.0,19.0598753930868,116.0,125.97,111,-21.0,-123.0,-0.19
07:35:49,116.0,33.0,125.0,55.0,114.0,22.0,126.0,55.0,120.5,9.0,55.0,110.0,16.653647348253767,116.0,125.0,165,-55.0,54.0,-0.33
07:35:50,116.0,35.0,122.04,54.0,114.0,30.0,123.39,54.0,119.02,6.040000000000006,65.0,108.0,8.248240418416747,116.0,122.04000000000002,173,-43.0,8.0,-0.25
07:35:51,113.92,24.0,117.05,58.0,111.83,53.0,138.99,67.0,115.48,3.1299999999999955,77.0,125.0,2.478614532355943,113.92,117.05,202,-48.0,29.0,-0.24
07:35:52,113.0,28.0,116.09,57.0,111.14,73.0,121.07,70.0,114.54,3.0900000000000034,101.0,127.0,2.9366783957401257,113.0,116.09,228,-26.0,26.0,-0.11
07:35:53,112.09,32.0,113.89,64.0,111.06,72.0,127.98,43.0,112.99,1.7999999999999972,104.0,107.0,3.144531761647139,112.09,113.89,211,-3.0,-17.0,-0.01
07:35:54,110.68,56.0,118.67,36.0,109.71,42.0,269.73,33.0,114.67,7.989999999999995,98.0,69.0,2.2457404124271076,110.67999999999999,118.67,167,29.0,-44.0,0.17
07:35:55,110.0,86.0,128.62,37.0,108.0,28.0,243.82,39.0,119.31,18.620000000000005,114.0,76.0,2.365115219182408,110.0,128.62,190,38.0,23.0,0.2
07:35:56,110.0,100.0,121.82,22.0,108.0,20.0,125.0,18.0,115.91,11.819999999999993,120.0,40.0,2.3766320708111723,110.0,121.82,160,80.0,-30.0,0.5
07:35:57,110.0,75.0,119.5,6.0,108.0,12.0,182.63,19.0,114.75,9.5,87.0,25.0,2.357558058671765,110.0,119.5,112,62.0,-48.0,0.55
07:36:01,110.0,61.0,248.67,9.0,108.0,18.0,309.67,9.0,179.33,138.67,79.0,18.0,90.5524502705473,110.0,248.66999999999996,97,61.0,-42.0,0.63
07:36:02,110.0,25.0,287.2,5.0,108.0,10.0,378.0,5.0,198.6,177.2,35.0,10.0,66.446794505077,110.0,287.2,45,25.0,-52.0,0.56
07:36:03,110.45,22.0,247.47,17.0,109.25,32.0,330.0,18.0,178.96,137.01999999999998,54.0,35.0,72.06868446142153,110.45,247.47,89,19.0,44.0,0.21
07:36:04,111.0,5.0,186.8,5.0,110.0,11.0,188.33,6.0,148.9,75.80000000000001,16.0,11.0,47.67380203004537,111.0,186.8,27,5.0,-62.0,0.19
07:36:05,110.0,7.0,184.0,7.0,108.0,14.0,185.71,7.0,147.0,74.0,21.0,14.0,22.124328690379944,110.0,184.0,35,7.0,8.0,0.2
07:36:06,108.13,15.0,161.55,11.0,106.02,191.0,182.12,8.0,134.84,53.420000000000016,206.0,19.0,26.27212971953307,108.12999999999998,161.55,225,187.0,173.5,0.83
07:36:07,108.0,12.0,144.67,9.0,106.0,162.0,157.0,9.0,126.33,36.66999999999999,174.0,18.0,19.99971199792584,108.0,144.67,192,156.0,-33.0,0.81
07:36:08,108.0,26.0,140.04,27.0,106.0,324.0,155.73,22.0,124.02,32.03999999999999,350.0,49.0,11.46240899636648,108.0,140.04,399,301.0,173.5,0.75
07:36:09,108.0,26.0,120.84,19.0,106.0,264.0,140.13,46.0,114.42,12.840000000000003,290.0,65.0,12.268790486432874,108.0,120.84,355,225.0,-44.0,0.63
07:36:10,106.77,82.0,118.52,25.0,105.92,266.0,120.19,26.0,112.64,11.75,348.0,51.0,9.106980838894316,106.77,118.52,399,297.0,44.0,0.74
07:36:11,107.87,15.0,113.84,19.0,106.32,71.0,117.08,71.0,110.85,5.969999999999999,86.0,90.0,7.0301543368542,107.87000000000002,113.84,176,-4.0,-174.5,-0.02
07:36:12,113.33,18.0,130.6,10.0,107.06,70.0,181.38,32.0,121.97,17.269999999999996,88.0,42.0,5.857213501315301,113.33,130.6,130,46.0,-46.0,0.35
07:36:13,116.0,24.0,143.0,8.0,113.98,92.0,305.0,16.0,129.5,27.0,116.0,24.0,7.755683722276834,116.0,143.0,140,92.0,10.0,0.66
07:36:14,114.1,116.0,132.36,14.0,113.44,36.0,341.0,22.0,123.23,18.26000000000002,152.0,36.0,7.774970739494086,114.1,132.36,188,116.0,48.0,0.62
07:36:15,114.0,137.0,117.31,13.0,112.0,13.0,223.6,20.0,115.65,3.3100000000000023,150.0,33.0,7.192370958174292,114.0,117.31,183,117.0,-5.0,0.64
07:36:16,114.0,140.0,225.24,21.0,112.41,22.0,444.03,31.0,169.62,111.24000000000001,162.0,52.0,21.600639573864118,114.0,225.24,214,110.0,31.0,0.51
07:36:17,114.0,80.0,284.2,20.0,113.0,30.0,397.1,20.0,199.1,170.2,110.0,40.0,35.634526094785926,114.0,284.2,150,70.0,-64.0,0.47
07:36:18,114.0,64.0,245.5,16.0,113.0,24.0,378.0,16.0,179.75,131.5,88.0,32.0,36.39494401699192,114.0,245.5,120,56.0,-30.0,0.47
07:36:19,114.0,52.0,218.0,14.0,113.0,21.0,291.0,14.0,166.0,104.0,73.0,28.0,30.95519552514527,114.0,218.0,101,45.0,-19.0,0.45
07:36:20,114.0,31.0,216.33,18.0,113.0,27.0,218.0,18.0,165.17,102.33000000000001,58.0,36.0,14.191898040782675,114.0,216.33,94,22.0,-7.0,0.23
07:36:21,113.75,32.0,204.83,24.0,112.74,19.0,213.5,24.0,159.29,91.08000000000001,51.0,48.0,15.979129200302868,113.75,204.83,99,3.0,5.0,0.03
07:36:22,113.6,15.0,198.31,13.0,112.5,12.0,266.67,18.0,155.95,84.71000000000001,27.0,31.0,9.121799164637098,113.6,198.31,58,-4.0,-41.0,-0.07
07:36:23,116.0,9.0,164.5,12.0,113.0,18.0,191.12,16.0,140.25,48.5,27.0,28.0,10.417615850086607,116.0,164.5,55,-1.0,-3.0,-0.02
07:36:24,114.67,12.0,148.0,12.0,111.81,37.0,176.5,16.0,131.33,33.33,49.0,28.0,14.094989180555514,114.67,148.0,77,21.0,22.0,0.27
07:36:25,114.0,11.0,146.47,15.0,112.0,11.0,174.56,18.0,130.23,32.47,22.0,33.0,13.592740709657438,114.0,146.47,55,-11.0,-22.0,-0.2
07:36:26,111.75,16.0,144.17,12.0,110.29,28.0,145.44,9.0,127.96,32.41999999999999,44.0,21.0,11.502877031420445,111.75,144.17,65,23.0,10.0,0.35
07:36:27,111.0,52.0,141.79,33.0,110.0,104.0,142.0,30.0,126.39,30.789999999999992,156.0,63.0,5.396500718056234,111.0,141.79,219,93.0,154.0,0.42
07:36:28,111.0,36.0,137.25,28.0,110.0,72.0,138.62,21.0,124.12,26.25,108.0,49.0,2.9030036169426516,111.0,137.25,157,59.0,-62.0,0.38
07:36:29,110.74,70.0,132.44,36.0,109.97,117.0,134.3,44.0,121.59,21.700000000000003,187.0,80.0,3.3485922415221703,110.74,132.44,267,107.0,110.0,0.4
07:36:30,110.0,162.0,126.94,36.0,108.0,18.0,128.8,35.0,118.47,16.939999999999998,180.0,71.0,3.786981647695557,110.0,126.94,251,109.0,-16.0,0.43
07:36:31,110.0,117.0,123.61,18.0,108.0,13.0,124.67,46.0,116.81,13.61,130.0,64.0,3.9356930774621395,110.0,123.61,194,66.0,-57.0,0.34
07:36:32,110.0,117.0,117.88,16.0,108.0,13.0,119.53,30.0,113.94,7.8799999999999955,130.0,46.0,3.9875468649263435,110.0,117.88,176,84.0,-18.0,0.48
07:36:33,110.0,92.0,112.71,42.0,108.0,16.0,113.46,54.0,111.36,2.7099999999999937,108.0,96.0,3.9634744858500612,110.0,112.71,204,12.0,28.0,0.06
07:36:34,109.87,30.0,111.18,34.0,107.67,12.0,112.29,34.0,110.52,1.3100000000000023,42.0,68.0,3.4175502922392864,109.87000000000002,111.18,110,-26.0,-94.0,-0.24
07:36:35,108.0,8.0,110.08,37.0,107.0,16.0,111.62,26.0,109.04,2.0799999999999983,24.0,63.0,3.0701596049692843,108.0,110.08,87,-39.0,-23.0,-0.45
07:36:36,94.94,32.0,111.77,44.0,96.37,30.0,296.44,16.0,103.36,16.83,62.0,60.0,3.9376744405785558,94.94,111.77,122,2.0,35.0,0.02
07:36:37,110.0,10.0,112.0,30.0,89.3,60.0,339.0,10.0,111.0,2.0,70.0,40.0,3.3043728603149134,110.0,112.0,110,30.0,-12.0,0.27
07:36:38,110.0,9.0,112.0,27.0,94.11,9.0,323.32,19.0,111.0,2.0,18.0,46.0,3.2450084745630137,110.0,112.0,64,-28.0,-46.0,-0.44
07:36:39,110.0,11.0,111.55,33.0,94.67,51.0,303.29,31.0,110.77,1.5499999999999972,62.0,64.0,3.276366890320095,110.0,111.55,126,-2.0,62.0,-0.02
07:36:40,106.67,18.0,264.8,10.0,99.38,39.0,435.17,18.0,185.73,158.13,57.0,28.0,34.45628926625708,106.67,264.8,85,29.0,-41.0,0.34
07:36:41,108.92,52.0,164.67,9.0,107.88,33.0,167.0,18.0,136.79,55.749999999999986,85.0,27.0,32.55047265401812,108.92,164.67,112,58.0,27.0,0.52
07:36:42,108.31,39.0,163.6,10.0,106.67,24.0,349.74,19.0,135.95,55.28999999999999,63.0,29.0,30.558308526487203,108.31,163.6,92,34.0,-20.0,0.37
07:36:43,108.05,22.0,161.83,12.0,106.35,17.0,165.91,11.0,134.94,53.780000000000015,39.0,23.0,27.360745238388144,108.05,161.83,62,16.0,-30.0,0.26
07:36:44,110.81,16.0,151.75,16.0,108.0,48.0,161.69,29.0,131.28,40.94,64.0,45.0,22.90012161539712,110.81,151.75,109,19.0,47.0,0.17
07:36:45,107.98,82.0,156.54,26.0,105.92,26.0,160.56,25.0,132.26,48.55999999999999,108.0,51.0,2.376895033437809,107.98,156.54,159,57.0,50.0,0.36
07:36:46,109.0,72.0,153.86,21.0,106.0,84.0,156.8,15.0,131.43,44.860000000000014,156.0,36.0,2.1382866973307273,109.0,153.86,192,120.0,33.0,0.62
07:36:47,109.0,66.0,152.75,12.0,106.09,107.0,155.14,21.0,130.88,43.75,173.0,33.0,1.6343255489595019,109.0,152.75,206,140.0,14.0,0.68
07:36:48,109.0,36.0,152.0,11.0,108.0,11.0,155.0,22.0,130.5,43.0,47.0,33.0,0.6615889962672751,109.0,152.0,80,14.0,-126.0,0.17
07:36:49,109.2,10.0,150.33,18.0,108.0,10.0,153.0,12.0,129.77,41.13000000000001,20.0,30.0,0.9413660286955289,109.2,150.33,50,-10.0,-30.0,-0.2
07:36:50,106.32,87.0,148.0,26.0,86.05,22.0,151.18,34.0,127.16,41.68000000000001,109.0,60.0,1.6713976187556887,106.32000000000001,148.0,169,49.0,119.0,0.29
07:36:51,106.0,176.0,140.0,23.0,54.55,33.0,144.17,24.0,123.0,34.0,209.0,47.0,3.280231699130783,106.0,140.0,256,162.0,87.0,0.63
07:36:52,108.54,48.0,115.96,26.0,103.13,92.0,117.0,20.0,112.25,7.4199999999999875,140.0,46.0,7.469178669705457,108.54,115.96000000000001,186,94.0,-70.0,0.51
07:36:53,106.98,97.0,114.24,21.0,103.38,134.0,230.05,21.0,110.61,7.259999999999991,231.0,42.0,8.694772567467396,106.97999999999999,114.24,273,189.0,87.0,0.69
07:36:54,109.3,115.0,111.6,30.0,106.99,153.0,149.0,16.0,110.45,2.299999999999997,268.0,46.0,7.827108661567445,109.3,111.6,314,222.0,41.0,0.71
07:36:55,110.25,48.0,337.96,23.0,109.33,18.0,528.5,14.0,224.1,227.70999999999998,66.0,37.0,49.47750367591297,110.25,337.96,103,29.0,-174.5,0.28
07:36:56,111.0,54.0,371.33,36.0,110.0,54.0,539.45,11.0,241.17,260.33,108.0,47.0,66.84237563103197,111.0,371.33,155,61.0,52.0,0.39
07:36:57,111.43,7.0,280.5,16.0,110.0,42.0,483.0,19.0,195.96,169.07,49.0,35.0,62.31120741889034,111.42999999999999,280.5,84,14.0,-71.0,0.17
07:37:00,107.0,117.0,338.41,32.0,106.0,36.0,405.94,34.0,222.7,231.41000000000003,153.0,66.0,49.24568102889792,107.0,338.41,219,87.0,-28.0,0.4
07:37:01,107.0,94.0,291.71,28.0,106.0,24.0,439.83,30.0,199.36,184.70999999999998,118.0,58.0,55.14979709844777,107.0,291.71,176,60.0,-43.0,0.34
07:37:02,108.87,180.0,285.74,61.0,107.42,116.0,339.99,74.0,197.3,176.87,296.0,135.0,54.85090591776911,108.87000000000002,285.74,431,161.0,173.5,0.37
07:37:03,114.0,42.0,291.1,39.0,110.0,72.0,305.84,32.0,202.55,177.10000000000002,114.0,71.0,46.219173294207295,114.0,291.1,185,43.0,-174.5,0.23
07:37:04,114.0,60.0,246.74,57.0,110.0,113.0,296.33,49.0,180.37,132.74,173.0,106.0,15.114474188670044,114.0,246.74,279,67.0,94.0,0.24
07:37:05,114.0,45.0,153.24,42.0,110.0,90.0,201.79,39.0,133.62,39.24000000000001,135.0,81.0,28.71844093957711,114.0,153.24,216,54.0,-63.0,0.25
07:37:06,114.0,55.0,151.6,50.0,110.0,110.0,152.49,49.0,132.8,37.599999999999994,165.0,99.0,33.9757850534757,114.0,151.6,264,66.0,48.0,0.25
07:37:07,114.0,35.0,135.85,26.0,110.0,70.0,142.72,25.0,124.92,21.849999999999994,105.0,51.0,34.493770017207254,114.0,135.85,156,54.0,-108.0,0.35
07:37:08,114.0,60.0,132.67,48.0,110.0,130.0,151.07,58.0,123.33,18.669999999999987,190.0,106.0,23.572527866140934,114.0,132.67,296,84.0,140.0,0.28
07:37:09,114.0,30.0,130.46,37.0,110.0,120.0,131.57,35.0,122.23,16.460000000000008,150.0,72.0,5.415039242701235,114.0,130.46,222,78.0,-74.0,0.35
07:37:10,114.0,30.0,124.3,44.0,110.0,150.0,125.41,39.0,119.15,10.299999999999997,180.0,83.0,5.104158108835893,114.0,124.3,263,97.0,41.0,0.37
07:37:11,113.58,38.0,120.29,56.0,110.02,197.0,121.53,64.0,116.93,6.710000000000008,235.0,120.0,3.23298932877856,113.58,120.29,355,115.0,92.0,0.32
07:37:12,110.2,99.0,118.0,44.0,109.8,66.0,119.0,44.0,114.1,7.799999999999997,165.0,88.0,3.787798833095107,110.20000000000002,118.0,253,77.0,-102.0,0.3
07:37:13,110.0,143.0,116.09,44.0,109.0,61.0,117.64,44.0,113.05,6.090000000000003,204.0,88.0,3.740002673795465,110.0,116.09,292,116.0,39.0,0.4
07:37:14,110.0,134.0,112.45,65.0,109.0,42.0,113.63,57.0,111.22,2.450000000000003,176.0,122.0,3.153878564561079,110.0,112.45,298,54.0,6.0,0.18
07:37:15,110.0,90.0,111.18,34.0,109.0,30.0,113.85,26.0,110.59,1.1800000000000068,120.0,60.0,2.523662021745052,110.0,111.18,180,60.0,-118.0,0.33
07:37:16,110.0,76.0,111.0,44.0,108.11,81.0,241.25,40.0,110.5,1.0,157.0,84.0,1.604733622754463,110.0,111.0,241,73.0,61.0,0.3
07:37:18,112.0,12.0,264.71,35.0,107.97,37.0,517.0,31.0,188.36,152.70999999999998,49.0,66.0,70.02218734087066,112.0,264.71,115,-17.0,19.0,-0.15
07:37:19,112.44,9.0,245.27,22.0,107.97,31.0,344.33,30.0,178.86,132.83,40.0,52.0,65.17782291546706,112.44,245.27,92,-12.0,-23.0,-0.13
07:37:20,108.0,28.0,279.88,24.0,107.0,8.0,532.0,32.0,193.94,171.88,36.0,56.0,55.79356235265838,108.0,279.88,92,-20.0,0.0,-0.22
07:37:21,108.0,7.0,419.1,29.0,107.0,7.0,533.74,27.0,263.55,311.1,14.0,56.0,43.35133907966358,108.0,419.1,70,-42.0,-22.0,-0.6
07:37:22,108.0,17.0,289.17,72.0,106.78,18.0,398.65,69.0,198.58,181.17000000000002,35.0,141.0,33.73146483626187,108.0,289.17,176,-106.0,106.0,-0.6
07:37:23,109.0,12.0,328.93,14.0,108.0,4.0,495.59,17.0,218.96,219.93,16.0,31.0,32.79823653795992,109.0,328.93,47,-15.0,-129.0,-0.32
07:37:25,111.25,36.0,236.83,48.0,108.0,12.0,245.5,48.0,174.04,125.58000000000001,48.0,96.0,46.4326051390611,111.25,236.83,144,-48.0,68.0,-0.33
07:37:26,113.0,36.0,187.45,55.0,108.0,12.0,240.42,48.0,150.23,74.44999999999999,48.0,103.0,52.30855780845016,113.0,187.45,151,-55.0,7.0,-0.36
07:37:27,113.0,18.0,143.88,25.0,108.0,6.0,157.31,29.0,128.44,30.879999999999995,24.0,54.0,63.03367671332506,113.0,143.88,78,-30.0,-73.0,-0.38
07:37:28,113.0,18.0,120.82,22.0,108.0,6.0,143.5,24.0,116.91,7.819999999999993,24.0,46.0,68.32799682414219,113.0,120.82,70,-22.0,-8.0,-0.31
07:37:29,113.0,36.0,146.74,46.0,108.0,12.0,212.83,53.0,129.87,33.74000000000001,48.0,99.0,22.542854078399163,113.0,146.74,147,-51.0,77.0,-0.35
07:37:30,106.85,46.0,144.3,61.0,97.01,73.0,185.58,66.0,125.57,37.45000000000002,119.0,127.0,12.272615043257977,106.85,144.3,246,-8.0,99.0,-0.03
07:37:31,95.32,85.0,146.64,44.0,78.23,43.0,224.84,19.0,120.98,51.31999999999999,128.0,63.0,5.371157230988929,95.32,146.64,191,65.0,-55.0,0.34
07:37:32,98.77,39.0,144.55,71.0,94.61,110.0,147.58,66.0,121.66,45.780000000000015,149.0,137.0,4.918482489549518,98.77,144.55,286,12.0,95.0,0.04
07:37:33,97.67,24.0,142.64,33.0,88.86,44.0,144.0,44.0,120.15,44.969999999999985,68.0,77.0,4.053199970394374,97.67,142.64,145,-9.0,-141.0,-0.06
07:37:34,99.05,21.0,115.48,52.0,31.38,39.0,121.0,42.0,107.26,16.430000000000007,60.0,94.0,6.950433799411867,99.04999999999998,115.48,154,-34.0,9.0,-0.22
07:37:35,101.28,25.0,143.95,62.0,76.32,74.0,191.87,46.0,122.62,42.66999999999999,99.0,108.0,6.367195615026067,101.28,143.95,207,-9.0,53.0,-0.04
07:37:36,110.0,12.0,245.0,8.0,108.0,66.0,331.29,14.0,177.5,135.0,78.0,22.0,27.359956505813415,110.0,245.0,100,56.0,-107.0,0.56
07:37:37,108.56,41.0,163.0,9.0,107.31,87.0,366.89,18.0,135.78,54.44,128.0,27.0,27.031563402807475,108.56,163.0,155,101.0,55.0,0.65
07:37:38,108.53,49.0,137.44,9.0,107.0,80.0,183.67,18.0,122.99,28.909999999999997,129.0,27.0,26.731096124177178,108.53,137.44,156,102.0,1.0,0.65
07:37:39,109.16,31.0,134.78,9.0,107.66,29.0,259.38,16.0,121.97,25.620000000000005,60.0,25.0,23.80796022342105,109.16,134.78,85,35.0,-71.0,0.41
07:37:40,108.24,42.0,194.93,28.0,107.67,42.0,285.71,21.0,151.58,86.69000000000001,84.0,49.0,23.20177428560145,108.24,194.93,133,35.0,48.0,0.26
07:37:41,116.0,117.0,194.0,26.0,110.0,93.0,394.0,25.0,155.0,78.0,210.0,51.0,15.485229413863989,116.0,194.0,261,159.0,128.0,0.61
07:37:42,116.0,90.0,185.5,24.0,110.0,132.0,330.17,24.0,150.75,69.5,222.0,48.0,16.492658063514114,116.0,185.5,270,174.0,9.0,0.64
07:37:43,116.0,56.0,144.25,16.0,110.0,88.0,148.75,16.0,130.12,28.25,144.0,32.0,14.829083923155757,116.0,144.25,176,112.0,-94.0,0.64
07:37:44,116.0,58.0,141.5,20.0,110.0,106.0,143.9,20.0,128.75,25.5,164.0,40.0,12.711685568798336,116.0,141.5,204,124.0,28.0,0.61
07:37:45,115.44,43.0,134.33,18.0,111.33,54.0,272.0,18.0,124.89,18.890000000000015,97.0,36.0,13.883834844883394,115.44,134.33,133,61.0,-71.0,0.46
07:37:46,110.06,206.0,131.75,32.0,108.24,85.0,434.24,29.0,120.9,21.689999999999998,291.0,61.0,11.567280147035492,110.06,131.75,352,230.0,173.5,0.65
07:37:47,110.0,224.0,131.0,32.0,108.0,80.0,403.31,26.0,120.5,21.0,304.0,58.0,4.3972684703124925,110.0,131.0,362,246.0,10.0,0.68
07:37:48,110.0,108.0,130.44,18.0,108.44,45.0,364.44,18.0,120.22,20.439999999999998,153.0,36.0,3.7084188005139502,110.0,130.44,189,117.0,-173.0,0.62
07:37:49,111.33,108.0,127.5,40.0,109.58,83.0,128.78,37.0,119.42,16.17,191.0,77.0,2.1403224056216894,111.33,127.5,268,114.0,79.0,0.43
07:37:50,116.0,62.0,124.52,62.0,110.0,156.0,125.79,29.0,120.26,8.519999999999996,218.0,91.0,0.5418486873719133,116.0,124.52,309,127.0,41.0,0.41
07:37:51,111.71,84.0,122.92,49.0,109.74,97.0,124.29,28.0,117.32,11.210000000000008,181.0,77.0,1.3081590117439958,111.71,122.92,258,104.0,-51.0,0.4
07:37:52,110.0,116.0,118.32,34.0,109.0,55.0,119.53,43.0,114.16,8.319999999999993,171.0,77.0,2.5922731337587983,110.0,118.32,248,94.0,-10.0,0.38
07:37:53,110.0,159.0,115.92,24.0,108.33,60.0,118.0,60.0,112.96,5.920000000000002,219.0,84.0,3.194476482932437,110.0,115.92,303,135.0,55.0,0.45
07:37:54,110.0,272.0,112.23,44.0,107.95,84.0,115.13,46.0,111.11,2.230000000000004,356.0,90.0,3.6372407124095028,110.0,112.23,446,266.0,143.0,0.6
07:37:55,110.0,124.0,111.0,24.0,108.0,8.0,112.0,16.0,110.5,1.0,132.0,40.0,2.7208087033104915,110.0,111.0,172,92.0,-174.5,0.53
07:37:56,110.0,152.0,112.57,28.0,108.0,14.0,297.25,24.0,111.29,2.569999999999993,166.0,52.0,1.5110691579179034,110.0,112.57000000000001,218,114.0,46.0,0.52
07:37:57,110.0,90.0,125.73,22.0,108.0,10.0,243.76,17.0,117.86,15.730000000000004,100.0,39.0,3.0016545437492184,110.0,125.73,139,61.0,-79.0,0.44
07:37:58,110.0,54.0,123.83,18.0,108.0,6.0,126.0,12.0,116.92,13.829999999999998,60.0,30.0,3.545973773170059,110.0,123.83,90,30.0,-49.0,0.33
07:37:59,110.92,40.0,122.17,18.0,109.8,30.0,146.45,11.0,116.55,11.25,70.0,29.0,3.448757747364886,110.92,122.17,99,41.0,9.0,0.41
07:38:00,112.0,54.0,121.25,24.0,109.93,56.0,336.92,12.0,116.62,9.25,110.0,36.0,2.601032487303588,112.0,121.25,146,74.0,47.0,0.51
07:38:01,110.0,99.0,118.82,11.0,108.0,20.0,121.0,33.0,114.41,8.819999999999993,119.0,44.0,1.265610524611887,110.0,118.82,163,75.0,17.0,0.46
07:38:02,110.55,40.0,114.76,25.0,109.96,101.0,117.29,35.0,112.66,4.210000000000008,141.0,60.0,1.844171900883676,110.55,114.76,201,81.0,38.0,0.4
07:38:03,110.31,65.0,112.67,45.0,109.89,95.0,142.4,50.0,111.49,2.3599999999999994,160.0,95.0,2.2930394676083257,110.31,112.66999999999999,255,65.0,54.0,0.25
07:38:04,110.0,143.0,197.11,61.0,108.58,19.0,246.78,72.0,153.56,87.11000000000001,162.0,133.0,17.888294217169108,110.0,197.11,295,29.0,40.0,0.1
07:38:05,110.0,38.0,262.23,13.0,109.0,10.0,326.36,22.0,186.12,152.23000000000002,48.0,35.0,33.284276618247226,110.0,262.23,83,13.0,-174.5,0.16
07:38:06,109.54,13.0,187.51,37.0,108.54,13.0,273.7,23.0,148.53,77.96999999999998,26.0,60.0,31.278709532204104,109.53999999999999,187.51,86,-34.0,3.0,-0.4
07:38:07,109.0,7.0,125.43,7.0,108.0,7.0,127.0,21.0,117.21,16.430000000000007,14.0,28.0,30.243608746311928,109.0,125.42999999999999,42,-14.0,-44.0,-0.33
07:38:08,109.98,60.0,125.0,14.0,108.43,14.0,182.0,60.0,117.49,15.019999999999996,74.0,74.0,28.743692699442686,109.98,125.0,148,0.0,106.0,0.0
07:38:09,110.0,55.0,328.11,38.0,108.0,11.0,492.27,33.0,219.05,218.11,66.0,71.0,44.474402750346066,110.0,328.11,137,-5.0,-11.0,-0.04
07:38:10,110.0,35.0,280.65,17.0,108.0,7.0,518.75,12.0,195.32,170.64999999999998,42.0,29.0,46.10557992260794,110.0,280.65,71,13.0,-66.0,0.18
07:38:11,110.0,51.0,140.79,28.0,108.0,11.0,199.03,39.0,125.39,30.789999999999992,62.0,67.0,48.579529845398774,110.0,140.79,129,-5.0,58.0,-0.04
07:38:12,110.91,44.0,137.0,24.0,109.96,45.0,308.89,28.0,123.95,26.090000000000003,89.0,52.0,47.35047940623188,110.91,137.0,141,37.0,12.0,0.26
07:38:13,111.0,130.0,136.31,26.0,110.0,52.0,247.0,39.0,123.65,25.310000000000002,182.0,65.0,46.155249105599985,111.0,136.31,247,117.0,106.0,0.47
07:38:14,112.0,72.0,135.0,26.0,111.1,58.0,216.85,39.0,123.5,23.0,130.0,65.0,31.849310353600988,112.0,135.0,195,65.0,-52.0,0.33
07:38:15,116.0,13.0,133.69,26.0,113.0,65.0,241.08,39.0,124.85,17.689999999999998,78.0,65.0,0.8170801674255204,116.0,133.69,143,13.0,-52.0,0.09
07:38:16,116.0,9.0,131.67,18.0,113.0,45.0,404.77,31.0,123.83,15.669999999999987,54.0,49.0,0.5283748669270981,116.0,131.67,103,5.0,-40.0,0.05
07:38:17,116.0,8.0,129.75,16.0,113.0,40.0,130.75,16.0,122.88,13.75,48.0,32.0,0.7151013914126505,116.0,129.75,80,16.0,-23.0,0.2
07:38:18,116.0,12.0,127.75,24.0,113.0,60.0,130.0,24.0,121.88,11.75,72.0,48.0,1.1042508772921322,116.0,127.75,120,24.0,40.0,0.2
07:38:19,112.67,24.0,126.0,20.0,111.39,46.0,130.0,20.0,119.33,13.329999999999998,70.0,40.0,2.112730460802028,112.67,126.0,110,30.0,-10.0,0.27
07:38:20,113.33,18.0,125.78,18.0,111.36,33.0,130.0,18.0,119.56,12.450000000000003,51.0,36.0,1.996880066504033,113.33,125.78,87,15.0,-23.0,0.17
07:38:21,111.35,68.0,124.0,28.0,110.32,50.0,125.86,28.0,117.68,12.650000000000006,118.0,56.0,2.0916452854156753,111.35,124.0,174,62.0,87.0,0.36
07:38:22,111.0,54.0,120.44,18.0,110.0,45.0,121.56,18.0,115.72,9.439999999999998,99.0,36.0,2.295643700577734,111.0,120.44,135,63.0,-39.0,0.47
07:38:23,111.0,82.0,115.67,30.0,110.0,75.0,118.73,30.0,113.33,4.670000000000002,157.0,60.0,2.62084528349214,111.0,115.67,217,97.0,82.0,0.45
07:38:24,111.0,43.0,112.78,18.0,110.0,45.0,141.24,21.0,111.89,1.7800000000000011,88.0,39.0,3.1198124943662333,111.0,112.78,127,49.0,-90.0,0.39
07:38:25,111.0,15.0,294.47,30.0,110.0,44.0,469.62,34.0,202.73,183.47000000000003,59.0,64.0,39.45076108264574,111.0,294.47,123,-5.0,-4.0,-0.04
07:38:26,112.22,23.0,187.0,32.0,110.34,56.0,247.0,8.0,149.61,74.78,79.0,40.0,39.081174240291105,112.22,187.0,119,39.0,-4.0,0.33
07:38:27,112.0,21.0,277.77,39.0,111.0,9.0,434.33,24.0,194.88,165.76999999999998,30.0,63.0,43.27577174355169,112.0,277.77,93,-33.0,-26.0,-0.35
07:38:28,112.6,10.0,372.0,30.0,111.6,10.0,530.14,14.0,242.3,259.4,20.0,44.0,50.45166964531477,112.6,372.0,64,-24.0,-29.0,-0.38
07:38:29,113.0,11.0,117.0,11.0,112.0,11.0,266.07,15.0,115.0,4.0,22.0,26.0,49.40603029995403,113.0,117.0,48,-4.0,-16.0,-0.08
07:38:30,113.0,10.0,301.27,30.0,112.0,10.0,387.28,25.0,207.13,188.26999999999998,20.0,55.0,49.928399033015026,113.0,301.2699999999999,75,-35.0,27.0,-0.47
07:38:31,113.0,11.0,321.45,55.0,112.0,11.0,323.92,51.0,217.23,208.45,22.0,106.0,48.16155074330529,113.0,321.45,128,-84.0,53.0,-0.66
07:38:32,113.0,8.0,285.17,24.0,112.0,8.0,317.0,40.0,199.08,172.17000000000002,16.0,64.0,48.18883864547858,113.0,285.17,80,-48.0,-48.0,-0.6
07:38:33,113.0,8.0,251.57,37.0,112.0,8.0,316.88,40.0,182.28,138.57,16.0,77.0,40.71391322385967,113.0,251.57,93,-61.0,13.0,-0.66
07:38:34,113.0,9.0,118.36,22.0,112.0,9.0,228.38,37.0,115.68,5.359999999999999,18.0,59.0,40.425316943717036,113.0,118.36,77,-41.0,-16.0,-0.53
07:38:35,113.0,16.0,117.41,34.0,111.45,11.0,177.73,15.0,115.21,4.409999999999997,27.0,49.0,47.68519193628128,113.0,117.41,76,-22.0,-1.0,-0.29
07:38:36,114.0,46.0,115.92,26.0,112.0,10.0,117.83,46.0,114.96,1.9200000000000017,56.0,72.0,41.72222453321485,114.0,115.92,128,-16.0,52.0,-0.12
07:38:37,114.0,11.0,116.0,55.0,112.0,11.0,126.0,44.0,115.0,2.0,22.0,99.0,29.99486256011189,114.0,116.0,121,-77.0,-7.0,-0.64
07:38:38,110.25,89.0,123.94,36.0,108.14,35.0,251.37,35.0,117.1,13.689999999999998,124.0,71.0,0.8912911982106001,110.25,123.94,195,53.0,74.0,0.27
07:38:39,110.0,140.0,133.0,7.0,107.17,29.0,291.92,13.0,121.5,23.0,169.0,20.0,2.7983530870866122,110.0,133.0,189,149.0,-6.0,0.79
07:38:40,110.0,228.0,132.0,56.0,108.0,14.0,402.44,25.0,121.0,22.0,242.0,81.0,3.1726518876180956,110.0,132.0,323,161.0,134.0,0.5
07:38:41,110.71,68.0,130.54,41.0,109.94,124.0,349.26,35.0,120.62,19.83,192.0,76.0,2.8493297457483147,110.71,130.54,268,116.0,-55.0,0.43
07:38:42,109.97,59.0,126.13,62.0,107.31,52.0,127.73,60.0,118.05,16.159999999999997,111.0,122.0,1.952454865036802,109.97,126.13,233,-11.0,-35.0,-0.05
07:38:43,110.0,19.0,124.0,28.0,107.16,57.0,125.0,28.0,117.0,14.0,76.0,56.0,1.9853916490218955,110.0,124.0,132,20.0,-101.0,0.15
07:38:44,108.2,30.0,121.29,28.0,107.03,111.0,123.71,34.0,114.74,13.090000000000003,141.0,62.0,2.6027331787961887,108.2,121.29,203,79.0,71.0,0.39
07:38:45,108.0,45.0,117.53,60.0,107.0,180.0,124.78,54.0,112.77,9.530000000000001,225.0,114.0,3.022619724677131,108.0,117.53,339,111.0,136.0,0.33
07:38:46,108.0,39.0,114.46,52.0,106.62,117.0,116.62,52.0,111.23,6.459999999999994,156.0,104.0,2.840029929421183,108.0,114.46000000000001,260,52.0,-79.0,0.2
07:38:47,108.0,27.0,111.83,48.0,106.0,68.0,113.0,48.0,109.92,3.8299999999999983,95.0,96.0,2.8112577256468043,108.0,111.83,191,-1.0,-69.0,-0.01
07:38:48,106.7,46.0,109.02,41.0,92.13,67.0,110.69,29.0,107.86,2.319999999999993,113.0,70.0,2.6333116032877117,106.7,109.02,183,43.0,-8.0,0.23
07:38:49,106.22,55.0,108.46,39.0,76.98,61.0,171.08,24.0,107.34,2.239999999999995,116.0,63.0,2.274451582252389,106.22000000000001,108.46,179,53.0,-4.0,0.3
07:38:50,106.0,21.0,161.86,7.0,92.33,27.0,414.29,7.0,133.93,55.860000000000014,48.0,14.0,11.22011274453196,106.0,161.85999999999999,62,34.0,-117.0,0.55
07:38:51,109.39,44.0,242.44,25.0,106.52,94.0,267.67,12.0,175.91,133.05,138.0,37.0,29.516073078917568,109.39,242.44,175,101.0,113.0,0.58
07:38:52,112.0,8.0,230.7,27.0,110.0,120.0,237.71,24.0,171.35,118.69999999999999,128.0,51.0,33.18977357560603,112.0,230.7,179,77.0,4.0,0.43
07:38:53,113.0,9.0,220.61,28.0,110.0,135.0,227.44,27.0,166.8,107.61000000000001,144.0,55.0,29.503513858521845,113.0,220.60999999999999,199,89.0,20.0,0.45
07:38:54,115.82,17.0,225.89,18.0,111.04,23.0,227.0,45.0,170.86,110.07,40.0,63.0,16.990516472432034,115.82,225.89,103,-23.0,-96.0,-0.22
07:38:55,116.0,24.0,222.25,48.0,113.0,12.0,225.22,36.0,169.12,106.25,36.0,84.0,3.363044751409176,116.0,222.25,120,-48.0,17.0,-0.4
07:38:56,110.15,160.0,208.97,38.0,107.86,14.0,212.56,48.0,159.56,98.82,174.0,86.0,4.802678419380427,110.15,208.97,260,88.0,140.0,0.34
07:38:57,114.0,80.0,133.86,28.0,110.0,104.0,139.76,25.0,123.93,19.860000000000014,184.0,53.0,19.555420731858142,114.0,133.86,237,131.0,-23.0,0.55
07:38:58,114.0,56.0,130.63,19.0,110.0,104.0,132.05,37.0,122.32,16.629999999999995,160.0,56.0,24.157763141482935,114.0,130.63,216,104.0,-21.0,0.48
07:38:59,114.0,14.0,128.5,20.0,110.0,130.0,132.0,50.0,121.25,14.5,144.0,70.0,23.184258237002023,114.0,128.5,214,74.0,-2.0,0.35
07:39:00,114.0,13.0,128.0,26.0,110.0,181.0,132.0,65.0,121.0,14.0,194.0,91.0,16.781170102230675,114.0,128.0,285,103.0,71.0,0.36
07:39:01,114.0,21.0,127.29,42.0,110.0,156.0,130.86,42.0,120.64,13.290000000000006,177.0,84.0,1.331491644736979,114.0,127.29,261,93.0,-24.0,0.36
07:39:02,110.75,118.0,124.68,47.0,109.83,143.0,125.51,77.0,117.71,13.930000000000007,261.0,124.0,1.7243346542956717,110.75,124.68,385,137.0,124.0,0.36
07:39:03,110.0,88.0,117.88,24.0,107.0,13.0,120.0,19.0,113.94,7.8799999999999955,101.0,43.0,3.1215973475138923,110.0,117.88,144,58.0,-174.5,0.4
07:39:04,110.0,56.0,114.06,32.0,107.0,28.0,115.29,17.0,112.03,4.060000000000002,84.0,49.0,3.9936737473167025,110.0,114.06,133,35.0,-11.0,0.26
07:39:05,110.0,40.0,112.22,9.0,107.0,20.0,113.18,22.0,111.11,2.219999999999999,60.0,31.0,4.006036694790449,110.0,112.22,91,29.0,-42.0,0.32
07:39:06,110.0,57.0,111.23,52.0,107.56,32.0,112.44,25.0,110.62,1.230000000000004,89.0,77.0,2.881470110899741,110.0,111.23,166,12.0,75.0,0.07
07:39:07,109.4,15.0,191.38,39.0,106.57,21.0,420.25,24.0,150.39,81.97999999999999,36.0,63.0,17.248793291126347,109.4,191.38,99,-27.0,-67.0,-0.27
07:39:09,95.95,38.0,283.45,22.0,86.62,24.0,468.0,16.0,189.7,187.5,62.0,38.0,86.927094912921,95.95,283.45,100,24.0,34.0,0.24
07:39:11,98.42,53.0,124.0,33.0,76.3,43.0,211.45,11.0,111.21,25.58,96.0,44.0,87.31233091608524,98.42,124.0,140,52.0,-33.0,0.37
07:39:12,94.77,26.0,115.67,9.0,75.17,29.0,122.63,19.0,105.22,20.900000000000006,55.0,28.0,92.79861017278212,94.77,115.67,83,27.0,-57.0,0.33
07:39:13,95.37,41.0,114.09,33.0,94.12,34.0,152.36,11.0,104.73,18.72,75.0,44.0,36.89158481279981,95.37,114.09,119,31.0,36.0,0.26
07:39:14,110.9,30.0,113.25,36.0,105.91,44.0,287.0,12.0,112.08,2.3499999999999943,74.0,48.0,3.3548248836579284,110.9,113.25,122,26.0,3.0,0.21
07:39:15,110.0,39.0,124.4,30.0,109.0,12.0,347.0,18.0,117.2,14.400000000000006,51.0,48.0,5.201275805031833,110.0,124.4,99,3.0,-23.0,0.03
07:39:16,110.93,75.0,346.8,25.0,109.62,13.0,471.21,19.0,228.87,235.87,88.0,44.0,53.496127429936436,110.93,346.8,132,44.0,33.0,0.33
07:39:17,113.24,76.0,158.7,10.0,111.5,28.0,373.84,25.0,135.97,45.459999999999994,104.0,35.0,51.13020780321545,113.24,158.7,139,69.0,7.0,0.5
07:39:18,116.0,117.0,353.69,13.0,112.85,91.0,444.14,37.0,234.85,237.69,208.0,50.0,60.998677280740935,116.0,353.69,258,158.0,119.0,0.61
07:39:19,114.88,56.0,376.0,16.0,112.92,38.0,379.0,16.0,245.44,261.12,94.0,32.0,60.796110319657515,114.88,376.0,126,62.0,-132.0,0.49
07:39:20,113.0,77.0,368.57,21.0,112.0,11.0,378.75,32.0,240.79,255.57,88.0,53.0,45.82578073530176,113.0,368.57,141,35.0,15.0,0.25
07:39:21,113.0,70.0,214.06,17.0,112.0,10.0,264.92,13.0,163.53,101.06,80.0,30.0,50.71571432997824,113.0,214.06,110,50.0,-31.0,0.45
07:39:22,113.0,44.0,203.38,52.0,112.0,13.0,206.0,26.0,158.19,90.38,57.0,78.0,43.74616897512236,113.0,203.38,135,-21.0,25.0,-0.16
07:39:23,113.5,24.0,201.95,38.0,112.57,14.0,205.27,22.0,157.72,88.44999999999999,38.0,60.0,45.71280816138913,113.5,201.95,98,-22.0,-37.0,-0.22
07:39:24,114.0,12.0,200.0,8.0,113.0,8.0,202.0,16.0,157.0,86.0,20.0,24.0,36.61988844876472,114.0,200.0,44,-4.0,-54.0,-0.09
07:39:25,114.0,33.0,196.19,37.0,113.0,22.0,200.53,30.0,155.09,82.19,55.0,67.0,3.1502111040340073,114.0,196.19,122,-12.0,78.0,-0.1
07:39:26,114.0,27.0,162.6,20.0,113.0,18.0,164.09,35.0,138.3,48.599999999999994,45.0,55.0,8.445925052946029,114.0,162.6,100,-10.0,-22.0,-0.1
07:39:27,114.0,42.0,160.3,54.0,113.0,28.0,162.27,30.0,137.15,46.30000000000001,70.0,84.0,10.392611317661377,114.0,160.3,154,-14.0,54.0,-0.09
07:39:28,112.0,39.0,158.38,52.0,110.0,26.0,168.67,36.0,135.19,46.379999999999995,65.0,88.0,10.577406581955028,112.0,158.38,153,-23.0,-1.0,-0.15
07:39:29,112.0,36.0,155.83,48.0,110.0,24.0,157.0,48.0,133.92,43.83000000000001,60.0,96.0,8.642895926712743,112.0,155.83,156,-36.0,3.0,-0.23
07:39:30,112.0,30.0,152.76,34.0,110.0,20.0,155.9,40.0,132.38,40.75999999999999,50.0,74.0,2.3888637466355602,112.0,152.76,124,-24.0,-32.0,-0.19
07:39:31,111.62,26.0,149.39,38.0,109.74,19.0,151.55,47.0,130.51,37.76999999999998,45.0,85.0,2.549754890178737,111.61999999999999,149.39,130,-40.0,6.0,-0.31
07:39:32,110.0,10.0,145.61,36.0,109.0,10.0,147.0,34.0,127.81,35.610000000000014,20.0,70.0,2.905850994113639,110.0,145.61,90,-50.0,-40.0,-0.56
07:39:33,110.0,24.0,140.86,56.0,109.0,15.0,142.16,57.0,125.43,30.860000000000014,39.0,113.0,3.4267842068026577,110.0,140.86,152,-74.0,62.0,-0.49
07:39:34,110.0,14.0,130.32,53.0,108.84,19.0,134.89,47.0,120.16,20.319999999999993,33.0,100.0,4.765455906835521,110.0,130.32,133,-67.0,-19.0,-0.5
07:39:35,106.11,19.0,126.07,27.0,88.75,24.0,131.68,25.0,116.09,19.959999999999994,43.0,52.0,5.836411568763401,106.11,126.07,95,-9.0,-38.0,-0.09
07:39:36,88.06,16.0,124.22,37.0,53.29,35.0,126.97,39.0,106.14,36.16,51.0,76.0,8.574306385941544,88.06,124.22000000000001,127,-25.0,32.0,-0.2
07:39:37,91.53,57.0,117.39,66.0,85.0,39.0,119.16,68.0,104.46,25.86,96.0,134.0,9.009857379559373,91.53,117.39,230,-38.0,103.0,-0.17
07:39:38,92.0,45.0,106.04,67.0,84.0,45.0,108.74,61.0,99.02,14.040000000000006,90.0,128.0,8.704221964081754,92.0,106.04,218,-38.0,-12.0,-0.17
07:39:42,98.03,74.0,103.0,40.0,89.11,45.0,104.0,40.0,100.51,4.969999999999999,119.0,80.0,1.3255564869174337,98.03,103.0,199,39.0,90.0,0.2
07:39:43,99.73,37.0,103.18,34.0,98.95,95.0,104.6,40.0,101.45,3.450000000000003,132.0,74.0,1.8765073940724626,99.73,103.18,206,58.0,7.0,0.28
07:39:44,101.71,70.0,103.32,25.0,97.16,64.0,105.78,36.0,102.52,1.6099999999999994,134.0,61.0,2.0619408332946976,101.71,103.32,195,73.0,-11.0,0.37
07:39:45,102.12,24.0,311.09,22.0,96.0,72.0,511.18,22.0,206.61,208.96999999999997,96.0,44.0,47.371054664214476,102.12,311.09,140,52.0,-55.0,0.37
07:39:46,104.56,16.0,311.0,21.0,101.57,28.0,327.0,21.0,207.78,206.44,44.0,42.0,57.901032201507284,104.56,311.0,86,2.0,-54.0,0.02
07:39:47,106.73,22.0,284.1,30.0,105.87,31.0,599.4,30.0,195.41,177.37,53.0,60.0,55.685318801278065,106.73,284.1,113,-7.0,27.0,-0.06
07:39:49,116.0,24.0,333.67,36.0,109.48,25.0,463.75,36.0,224.83,217.67000000000002,49.0,72.0,28.79032788976083,116.0,333.67,121,-23.0,-46.0,-0.19
07:39:50,112.0,7.0,193.0,21.0,108.5,24.0,361.14,21.0,152.5,81.0,31.0,42.0,42.35742284417156,112.0,193.0,73,-11.0,-48.0,-0.15
07:39:51,109.47,19.0,188.36,33.0,102.4,60.0,257.73,33.0,148.92,78.89000000000001,79.0,66.0,50.46927035335416,109.46999999999998,188.36,145,13.0,72.0,0.09
07:39:52,108.0,24.0,111.0,13.0,88.16,37.0,113.27,33.0,109.5,3.0,61.0,46.0,64.31682571458236,108.0,111.0,107,15.0,-38.0,0.14
07:39:53,106.15,26.0,109.0,7.0,43.32,37.0,135.29,21.0,107.58,2.8499999999999943,63.0,28.0,47.53355109814522,106.15,109.0,91,35.0,-16.0,0.38
07:39:54,106.26,27.0,109.0,13.0,96.82,51.0,187.31,39.0,107.63,2.739999999999995,78.0,52.0,23.310857556083075,106.26,109.0,130,26.0,39.0,0.2
07:39:55,107.42,57.0,177.86,35.0,92.54,78.0,228.92,39.0,142.64,70.44000000000001,135.0,74.0,20.697323015307955,107.42000000000002,177.86,209,61.0,79.0,0.29
07:39:56,110.05,57.0,177.33,18.0,108.12,51.0,274.67,27.0,143.69,67.28000000000002,108.0,45.0,19.150278588051847,110.05,177.33,153,63.0,-56.0,0.41
07:39:57,112.62,39.0,175.4,20.0,110.29,76.0,398.0,30.0,144.01,62.78,115.0,50.0,19.637837202706237,112.62,175.4,165,65.0,12.0,0.39
07:39:58,111.0,54.0,175.0,18.0,109.0,81.0,218.0,27.0,143.0,64.0,135.0,45.0,15.976971865781994,111.0,175.0,180,90.0,15.0,0.5
07:39:59,111.0,66.0,175.0,22.0,109.0,99.0,457.85,39.0,143.0,64.0,165.0,61.0,0.5627343955948689,111.0,175.0,226,104.0,46.0,0.46
07:40:00,111.0,78.0,173.08,39.0,109.0,117.0,175.0,26.0,142.04,62.08000000000001,195.0,65.0,0.7596512357559747,111.0,173.08,260,130.0,34.0,0.5
07:40:01,111.0,42.0,172.38,16.0,109.0,63.0,173.42,19.0,141.69,61.379999999999995,105.0,35.0,0.9138216456102225,111.0,172.38,140,70.0,-120.0,0.5
07:40:02,111.0,54.0,171.0,18.0,109.0,81.0,173.0,27.0,141.0,60.0,135.0,45.0,0.8647427363014172,111.0,171.0,180,90.0,40.0,0.5
07:40:03,112.17,54.0,169.69,26.0,109.88,96.0,173.0,39.0,140.93,57.519999999999996,150.0,65.0,0.8490406350618647,112.17,169.69,215,85.0,35.0,0.4
07:40:04,111.0,37.0,168.06,31.0,108.93,97.0,170.79,29.0,139.53,57.06,134.0,60.0,0.9638827729483513,111.0,168.06,194,74.0,-21.0,0.38
07:40:05,111.0,42.0,163.64,36.0,109.0,98.0,165.41,34.0,137.32,52.639999999999986,140.0,70.0,1.7378233512031904,111.0,163.64,210,70.0,16.0,0.33
07:40:06,109.91,46.0,159.84,37.0,108.58,84.0,160.9,39.0,134.88,49.93000000000001,130.0,76.0,2.619326249245743,109.91,159.84,206,54.0,-4.0,0.26
07:40:07,108.0,70.0,155.47,38.0,106.0,80.0,158.24,34.0,131.74,47.47,150.0,72.0,3.6755339748108247,108.0,155.47,222,78.0,16.0,0.35
07:40:08,108.0,84.0,147.8,40.0,106.0,96.0,151.26,38.0,127.9,39.80000000000001,180.0,78.0,4.591293935263771,108.0,147.8,258,102.0,36.0,0.4
07:40:09,108.01,88.0,145.89,38.0,106.13,111.0,146.96,46.0,126.95,37.87999999999998,199.0,84.0,4.435202362913238,108.01,145.89,283,115.0,25.0,0.41
07:40:10,108.0,54.0,144.44,36.0,106.0,72.0,146.0,18.0,126.22,36.44,126.0,54.0,3.6665951508166756,108.0,144.44,180,72.0,-103.0,0.4
07:40:11,108.0,90.0,130.98,49.0,106.0,120.0,132.24,41.0,119.49,22.97999999999999,210.0,90.0,4.439329904388055,108.0,130.98,300,120.0,120.0,0.4
07:40:12,110.14,56.0,117.81,32.0,106.93,90.0,120.97,29.0,113.98,7.670000000000002,146.0,61.0,5.99205891159257,110.14,117.81,207,85.0,-93.0,0.41
07:40:13,114.0,20.0,116.8,40.0,108.67,54.0,118.0,20.0,115.4,2.799999999999997,74.0,60.0,5.996229648704029,114.0,116.8,134,14.0,-73.0,0.1
07:40:14,111.75,32.0,115.2,40.0,108.92,52.0,123.54,26.0,113.47,3.450000000000003,84.0,66.0,5.310722173113433,111.75,115.2,150,18.0,16.0,0.12
07:40:15,110.94,36.0,112.25,55.0,108.11,76.0,128.38,53.0,111.6,1.3100000000000023,112.0,108.0,2.9595894985622984,110.94,112.25,220,4.0,70.0,0.02
07:40:16,110.0,18.0,112.0,36.0,108.0,54.0,267.46,13.0,111.0,2.0,72.0,49.0,1.7930978779757545,110.0,112.0,121,23.0,-99.0,0.19
07:40:17,110.06,17.0,112.0,36.0,108.08,50.0,229.91,22.0,111.03,1.9399999999999977,67.0,58.0,1.908651356325053,110.06,112.0,125,9.0,4.0,0.07
07:40:18,108.43,42.0,111.31,54.0,106.57,84.0,224.96,52.0,109.87,2.8799999999999955,126.0,106.0,1.3193293751001038,108.43,111.31,232,20.0,107.0,0.09
07:40:19,108.0,28.0,136.92,26.0,106.0,56.0,238.75,16.0,122.46,28.919999999999987,84.0,42.0,5.218837993270252,108.0,136.92,126,42.0,-106.0,0.33
07:40:20,108.0,44.0,176.45,33.0,106.0,88.0,258.73,30.0,142.23,68.44999999999999,132.0,63.0,13.801962541609715,108.0,176.45,195,69.0,69.0,0.35
07:40:21,115.22,41.0,166.3,23.0,107.78,73.0,312.43,28.0,140.76,51.08000000000001,114.0,51.0,15.61582050357888,115.21999999999998,166.3,165,63.0,-30.0,0.38
07:40:22,111.64,11.0,165.12,17.0,106.77,52.0,166.05,38.0,138.38,53.480000000000004,63.0,55.0,14.097033375855773,111.64,165.12,118,8.0,-47.0,0.07
07:40:23,110.79,99.0,162.12,34.0,106.12,49.0,164.81,31.0,136.45,51.33,148.0,65.0,7.916017306700945,110.79,162.12,213,83.0,95.0,0.39
07:40:24,116.0,135.0,160.44,9.0,108.0,27.0,162.0,36.0,138.22,44.44,162.0,45.0,2.2808704478744857,116.0,160.44,207,117.0,-6.0,0.57
07:40:25,116.0,150.0,159.3,10.0,108.67,27.0,162.0,40.0,137.65,43.30000000000001,177.0,50.0,1.5739345602621728,116.0,159.3,227,127.0,20.0,0.56
07:40:26,116.0,195.0,157.08,13.0,111.8,30.0,162.0,52.0,136.54,41.08000000000001,225.0,65.0,0.9118497683216182,116.0,157.08,290,160.0,63.0,0.55
07:40:27,116.0,105.0,156.0,16.0,114.0,28.0,158.68,19.0,136.0,40.0,133.0,35.0,0.9248080881936902,116.0,156.0,168,98.0,-122.0,0.58
07:40:28,116.0,180.0,152.96,45.0,114.0,48.0,188.27,15.0,134.48,36.96000000000001,228.0,60.0,1.4647935008009523,116.0,152.96,288,168.0,120.0,0.58
07:40:29,116.0,135.0,151.53,30.0,114.0,36.0,167.16,19.0,133.77,35.53,171.0,49.0,1.56610025221543,116.0,151.53,220,122.0,-68.0,0.55
07:40:30,116.0,68.0,149.0,20.0,114.0,24.0,150.0,16.0,132.5,33.0,92.0,36.0,1.6446945005045321,116.0,149.0,128,56.0,-92.0,0.44
07:40:31,116.0,87.0,147.36,22.0,114.0,44.0,149.0,44.0,131.68,31.360000000000014,131.0,66.0,1.6898757350735778,116.0,147.36,197,65.0,69.0,0.33
07:40:32,116.0,68.0,145.65,40.0,114.0,64.0,146.79,56.0,130.82,29.650000000000006,132.0,96.0,1.4929500996319842,116.0,145.65,228,36.0,31.0,0.16
07:40:33,116.0,13.0,141.86,14.0,114.0,28.0,146.0,28.0,128.93,25.860000000000014,41.0,42.0,1.8196565610004272,116.0,141.86,83,-1.0,-145.0,-0.01
07:40:34,116.0,8.0,139.33,24.0,114.0,32.0,144.0,24.0,127.67,23.330000000000013,40.0,48.0,1.9878757506425655,116.0,139.33,88,-8.0,5.0,-0.09
07:40:35,116.0,12.0,137.43,28.0,114.0,48.0,138.17,46.0,126.71,21.430000000000007,60.0,74.0,2.084555108408877,116.0,137.43,134,-14.0,46.0,-0.1
07:40:36,116.0,17.0,134.05,44.0,114.0,68.0,135.35,62.0,125.02,18.05000000000001,85.0,106.0,2.1980787065058394,116.0,134.05,191,-21.0,57.0,-0.11
07:40:37,116.0,15.0,129.8,50.0,114.0,60.0,131.08,52.0,122.9,13.800000000000011,75.0,102.0,2.352961963142501,116.0,129.8,177,-27.0,-14.0,-0.15
07:40:38,112.19,42.0,124.3,46.0,111.63,38.0,125.88,50.0,118.25,12.11,80.0,96.0,3.743841609897088,112.18999999999998,124.3,176,-16.0,-1.0,-0.09
07:40:39,112.0,27.0,119.29,42.0,111.0,30.0,120.08,48.0,115.64,7.290000000000006,57.0,90.0,4.641888624256129,112.0,119.29,147,-33.0,-29.0,-0.22
07:40:40,112.0,12.0,115.0,32.0,111.0,24.0,116.1,40.0,113.5,3.0,36.0,72.0,4.835630258818424,112.0,115.0,108,-36.0,-39.0,-0.33
07:40:41,110.22,27.0,112.47,34.0,108.28,92.0,152.5,28.0,111.35,2.25,119.0,62.0,4.475954646776744,110.22,112.47,181,57.0,73.0,0.31
07:40:42,110.94,16.0,114.0,26.0,108.8,50.0,204.69,52.0,112.47,3.0600000000000023,66.0,78.0,2.7419281536910844,110.94,114.0,144,-12.0,-37.0,-0.08
07:40:43,110.53,19.0,113.44,36.0,109.17,59.0,264.36,44.0,111.99,2.9099999999999966,78.0,80.0,1.676499328960412,110.53000000000002,113.44,158,-2.0,14.0,-0.01
07:40:44,110.0,34.0,113.37,49.0,109.0,119.0,296.62,61.0,111.68,3.3700000000000045,153.0,110.0,0.8366420979160039,110.0,113.37,263,43.0,105.0,0.16
07:40:45,109.12,64.0,111.45,40.0,108.54,52.0,112.63,27.0,110.29,2.3299999999999983,116.0,67.0,0.8191947265490435,109.12,111.45,183,49.0,-80.0,0.27
07:40:46,109.2,60.0,110.94,35.0,108.63,57.0,111.79,28.0,110.07,1.7399999999999949,117.0,63.0,1.0632967600843877,109.2,110.94,180,54.0,-3.0,0.3
07:40:47,109.22,46.0,111.15,27.0,108.62,48.0,263.41,34.0,110.18,1.9300000000000068,94.0,61.0,0.9163896551174558,109.22,111.15,155,33.0,-25.0,0.21
07:40:48,108.62,39.0,110.18,22.0,106.25,143.0,227.45,44.0,109.4,1.5600000000000023,182.0,66.0,0.8335046490612258,108.62,110.18,248,116.0,93.0,0.47
07:40:49,108.0,15.0,123.4,20.0,106.0,175.0,199.43,28.0,115.7,15.400000000000006,190.0,48.0,2.5792188740016,108.0,123.4,238,142.0,-10.0,0.6
07:40:50,109.68,57.0,310.71,28.0,106.44,32.0,456.0,32.0,210.2,201.02999999999997,89.0,60.0,44.285344076793514,109.68,310.71,149,29.0,-89.0,0.19
07:40:51,110.0,88.0,298.31,39.0,108.0,11.0,379.56,36.0,204.15,188.31,99.0,75.0,52.36104830883332,110.0,298.31,174,24.0,25.0,0.14
07:40:52,110.0,96.0,255.4,45.0,106.61,36.0,265.54,26.0,182.7,145.4,132.0,71.0,48.50071648955266,110.0,255.4,203,61.0,29.0,0.3
07:40:53,112.8,30.0,144.0,80.0,109.92,125.0,171.75,80.0,128.4,31.200000000000003,155.0,160.0,43.608880976241096,112.8,144.0,315,-5.0,112.0,-0.02
07:40:54,114.25,20.0,141.71,34.0,111.09,79.0,143.29,70.0,127.98,27.460000000000008,99.0,104.0,40.11682913690913,114.25,141.71,203,-5.0,-112.0,-0.02
07:40:55,111.0,112.0,137.06,49.0,110.0,128.0,140.35,62.0,124.03,26.060000000000002,240.0,111.0,37.30888727903816,111.0,137.06,351,129.0,148.0,0.37
07:40:56,111.0,70.0,133.03,30.0,110.0,80.0,134.17,30.0,122.02,22.03,150.0,60.0,25.673080843560392,111.0,133.03,210,90.0,-141.0,0.43
07:40:57,110.72,76.0,128.03,60.0,109.92,78.0,130.32,28.0,119.38,17.310000000000002,154.0,88.0,3.8668747070466627,110.71999999999998,128.03,242,66.0,32.0,0.27
07:40:58,110.0,13.0,125.92,65.0,109.0,13.0,129.0,13.0,117.96,15.920000000000002,26.0,78.0,3.958924096266399,110.0,125.92,104,-52.0,-138.0,-0.5
07:40:59,113.94,66.0,123.35,43.0,110.57,14.0,124.5,50.0,118.64,9.409999999999997,80.0,93.0,2.54424448510752,113.94,123.35000000000001,173,-13.0,69.0,-0.08
07:41:00,114.0,49.0,121.47,17.0,113.0,13.0,123.05,38.0,117.74,7.469999999999999,62.0,55.0,1.7287336405591491,114.0,121.46999999999998,117,7.0,-56.0,0.06
07:41:01,112.54,46.0,116.29,68.0,108.9,63.0,116.83,48.0,114.42,3.75,109.0,116.0,1.904447426421089,112.54,116.29,225,-7.0,108.0,-0.03
07:41:02,109.0,36.0,111.9,31.0,107.75,72.0,112.8,40.0,110.45,2.9000000000000057,108.0,71.0,3.4282969532995695,109.0,111.9,179,37.0,-46.0,0.21
07:41:03,108.0,48.0,111.5,24.0,107.0,48.0,113.54,26.0,109.75,3.5,96.0,50.0,4.066896851409467,108.0,111.5,146,46.0,-33.0,0.32
07:41:04,107.75,24.0,109.5,24.0,106.81,37.0,201.0,16.0,108.62,1.75,61.0,40.0,3.7914812408880003,107.75,109.5,101,21.0,-45.0,0.21
07:41:05,107.09,33.0,289.85,26.0,106.34,53.0,451.35,37.0,198.47,182.76000000000002,86.0,63.0,39.26353868412772,107.09,289.85,149,23.0,48.0,0.15
07:41:06,109.0,11.0,315.85,40.0,107.0,66.0,468.17,47.0,212.43,206.85000000000002,77.0,87.0,52.731109224062216,109.0,315.85,164,-10.0,15.0,-0.06
07:41:07,111.85,13.0,294.29,41.0,107.2,45.0,345.47,47.0,203.07,182.44000000000003,58.0,88.0,52.53489906719119,111.85,294.29,146,-30.0,-18.0,-0.21
07:41:08,114.0,22.0,158.09,55.0,110.0,11.0,188.18,55.0,136.05,44.09,33.0,110.0,46.39409358959351,114.0,158.09,143,-77.0,-3.0,-0.54
07:41:09,114.0,23.0,154.65,40.0,110.0,12.0,169.58,60.0,134.32,40.650000000000006,35.0,100.0,38.387134824052154,114.0,154.65,135,-65.0,-8.0,-0.48
07:41:10,115.12,16.0,142.5,30.0,111.22,18.0,146.44,32.0,128.81,27.379999999999995,34.0,62.0,41.13000826647093,115.12,142.5,96,-28.0,-39.0,-0.29
07:41:11,112.0,30.0,140.81,26.0,111.0,8.0,148.9,30.0,126.4,28.810000000000002,38.0,56.0,32.29435476983521,112.0,140.81,94,-18.0,-2.0,-0.19
07:41:12,111.0,44.0,137.43,47.0,110.0,11.0,138.88,43.0,124.21,26.430000000000007,55.0,90.0,5.07829400487894,111.0,137.43,145,-35.0,51.0,-0.24
07:41:13,111.0,21.0,136.69,29.0,110.0,7.0,137.89,27.0,123.84,25.689999999999998,28.0,56.0,4.291180490260346,111.0,136.69,84,-28.0,-61.0,-0.33
07:41:14,112.27,66.0,131.98,49.0,110.87,31.0,134.95,57.0,122.13,19.709999999999994,97.0,106.0,2.581292312000468,112.27,131.98,203,-9.0,119.0,-0.04
07:41:15,112.77,53.0,129.0,30.0,110.92,26.0,135.0,50.0,120.89,16.230000000000004,79.0,80.0,2.1046686199955063,112.77,129.0,159,-1.0,-44.0,-0.01
07:41:16,111.06,31.0,127.43,42.0,110.11,28.0,135.0,70.0,119.25,16.370000000000005,59.0,112.0,2.065231221920382,111.06,127.43,171,-53.0,12.0,-0.31
07:41:17,111.27,11.0,124.71,21.0,110.2,10.0,125.47,19.0,117.99,13.439999999999998,21.0,40.0,2.3084193726434608,111.27,124.71,61,-19.0,-110.0,-0.31
07:41:18,112.0,30.0,122.34,38.0,111.0,20.0,124.14,44.0,117.17,10.340000000000003,50.0,82.0,2.0383522757356083,112.0,122.34,132,-32.0,71.0,-0.24
07:41:19,112.0,36.0,117.93,43.0,111.0,24.0,119.14,51.0,114.97,5.930000000000007,60.0,94.0,2.2231689094617897,112.0,117.93000000000002,154,-34.0,22.0,-0.22
07:41:20,111.79,19.0,114.59,39.0,110.53,19.0,115.97,40.0,113.19,2.799999999999997,38.0,79.0,2.4252587490819546,111.79,114.59,117,-41.0,-37.0,-0.35
07:41:21,109.15,20.0,112.58,59.0,108.08,36.0,113.55,64.0,110.86,3.4299999999999926,56.0,123.0,2.9125212445576527,109.15,112.58,179,-67.0,62.0,-0.37
07:41:22,107.83,12.0,109.47,36.0,106.19,32.0,110.72,36.0,108.65,1.6400000000000006,44.0,72.0,3.346747674982514,107.83,109.47,116,-28.0,-63.0,-0.24
07:41:23,106.09,58.0,108.18,33.0,101.62,73.0,109.46,39.0,107.13,2.0900000000000034,131.0,72.0,3.204215972746249,106.09,108.18,203,59.0,87.0,0.29
07:41:24,106.2,51.0,108.86,43.0,96.67,42.0,238.33,45.0,107.53,2.6599999999999966,93.0,88.0,2.5338745036017793,106.2,108.85999999999999,181,5.0,-22.0,0.03
07:41:25,108.21,39.0,151.92,39.0,106.11,73.0,355.71,42.0,130.06,43.709999999999994,112.0,81.0,9.731455697890269,108.21,151.92,193,31.0,12.0,0.16
07:41:26,116.0,6.0,212.17,12.0,108.89,18.0,222.0,18.0,164.08,96.16999999999999,24.0,30.0,24.664295043645467,116.0,212.17,54,-6.0,-139.0,-0.11
07:41:27,116.0,8.0,178.74,19.0,110.0,16.0,295.86,21.0,147.37,62.74000000000001,24.0,40.0,24.917317873318332,116.0,178.74,64,-16.0,10.0,-0.25
07:41:28,116.0,6.0,142.67,12.0,110.0,12.0,165.67,18.0,129.33,26.669999999999987,18.0,30.0,21.25761816384861,116.0,142.67,48,-12.0,-16.0,-0.25
07:41:29,116.0,9.0,142.0,18.0,110.0,18.0,317.11,27.0,129.0,26.0,27.0,45.0,15.554827867899517,116.0,142.0,72,-18.0,24.0,-0.25
07:41:30,116.0,4.0,141.25,8.0,110.0,8.0,337.6,10.0,128.62,25.25,12.0,18.0,15.79560540150277,116.0,141.25,30,-6.0,-42.0,-0.2
07:41:31,113.82,11.0,139.67,18.0,108.13,30.0,141.33,18.0,126.74,25.849999999999994,41.0,36.0,8.532776218792321,113.82,139.67,77,5.0,47.0,0.06
07:41:32,108.0,27.0,138.22,18.0,106.0,119.0,140.0,18.0,123.11,30.22,146.0,36.0,2.57900174485995,108.0,138.22,182,110.0,105.0,0.6
07:41:33,108.67,27.0,132.83,36.0,106.89,70.0,133.85,54.0,120.75,24.16000000000001,97.0,90.0,3.5948894280619617,108.67,132.83,187,7.0,5.0,0.04
07:41:34,108.0,23.0,128.8,20.0,107.0,64.0,129.71,28.0,118.4,20.80000000000001,87.0,48.0,4.19623998360352,108.0,128.8,135,39.0,-52.0,0.29
07:41:35,107.0,48.0,127.38,16.0,106.0,47.0,128.67,24.0,117.19,20.379999999999995,95.0,40.0,3.8227960970988444,107.0,127.38,135,55.0,0.0,0.41
07:41:36,107.0,54.0,124.0,17.0,106.0,36.0,125.29,14.0,115.5,17.0,90.0,31.0,2.993334261320549,107.0,124.0,121,59.0,-14.0,0.49
07:41:37,107.0,72.0,120.81,21.0,106.0,48.0,121.75,16.0,113.9,13.810000000000002,120.0,37.0,2.6367157601828173,107.0,120.81000000000002,157,83.0,36.0,0.53
07:41:38,106.5,36.0,116.0,21.0,97.63,38.0,116.6,20.0,111.25,9.5,74.0,41.0,2.8094074108248415,106.5,116.0,115,33.0,-42.0,0.29
07:41:39,106.0,78.0,112.46,52.0,76.7,46.0,114.0,13.0,109.23,6.459999999999994,124.0,65.0,3.2029096147095037,106.0,112.46000000000001,189,59.0,74.0,0.31
07:41:40,89.56,55.0,108.84,57.0,32.61,36.0,110.33,36.0,99.2,19.28,91.0,93.0,6.404805227327418,89.56,108.84,184,-2.0,-5.0,-0.01
07:41:42,100.34,53.0,241.75,51.0,80.3,23.0,320.5,44.0,171.04,141.41,76.0,95.0,30.563618404894335,100.34,241.75,171,-19.0,41.0,-0.11
07:41:43,114.0,36.0,200.53,30.0,106.43,23.0,246.68,31.0,157.27,86.53,59.0,61.0,34.83828741485423,114.0,200.53,120,-2.0,-51.0,-0.02
07:41:44,108.0,18.0,156.25,32.0,103.65,17.0,222.0,18.0,132.12,48.25,35.0,50.0,33.44271520077261,108.0,156.25,85,-15.0,-35.0,-0.18
07:41:45,107.0,34.0,123.1,42.0,103.32,44.0,177.77,44.0,115.05,16.099999999999994,78.0,86.0,30.238162146532417,107.0,123.1,164,-8.0,79.0,-0.05
07:41:46,108.57,23.0,147.15,39.0,107.33,33.0,218.59,27.0,127.86,38.58000000000001,56.0,66.0,22.866350167877286,108.56999999999998,147.15,122,-10.0,-42.0,-0.08
07:41:47,110.0,44.0,155.75,48.0,107.4,45.0,208.0,60.0,132.88,45.75,89.0,108.0,15.316962166173399,110.0,155.75,197,-19.0,75.0,-0.1
07:41:48,111.0,9.0,153.0,36.0,110.0,27.0,208.0,45.0,132.0,42.0,36.0,81.0,7.491816869090621,111.0,153.0,117,-45.0,-80.0,-0.38
07:41:49,111.8,10.0,152.0,40.0,110.0,30.0,208.0,50.0,131.9,40.2,40.0,90.0,7.46202519427473,111.8,152.0,130,-50.0,13.0,-0.38
07:41:50,112.0,5.0,151.35,23.0,110.0,15.0,177.45,22.0,131.67,39.349999999999994,20.0,45.0,1.9563793088223942,112.0,151.35,65,-25.0,-65.0,-0.38
07:41:51,107.9,39.0,148.59,74.0,107.09,77.0,149.87,61.0,128.25,40.69,116.0,135.0,1.7873024366313428,107.9,148.59,251,-19.0,173.5,-0.08
07:41:52,107.0,38.0,144.49,68.0,106.0,109.0,145.72,58.0,125.74,37.49000000000001,147.0,126.0,2.809371815902867,107.0,144.49,273,21.0,22.0,0.08
07:41:53,107.66,41.0,141.27,71.0,106.34,82.0,142.96,57.0,124.46,33.610000000000014,123.0,128.0,3.375074813984196,107.65999999999998,141.27,251,-5.0,-22.0,-0.02
07:41:54,108.92,13.0,137.6,20.0,106.95,21.0,138.9,20.0,123.26,28.679999999999993,34.0,40.0,3.3493775541123494,108.92,137.6,74,-6.0,-174.5,-0.08
07:41:55,106.89,47.0,136.62,26.0,101.52,21.0,137.09,44.0,121.75,29.730000000000004,68.0,70.0,2.475756450055828,106.89,136.62,138,-2.0,64.0,-0.01
07:41:56,106.0,20.0,124.64,22.0,98.0,12.0,134.27,44.0,115.32,18.64,32.0,66.0,4.069874690945025,106.0,124.64,98,-34.0,-40.0,-0.35
07:41:57,106.0,14.0,112.72,46.0,96.0,14.0,114.43,47.0,109.36,6.719999999999999,28.0,93.0,6.360998349315708,106.0,112.72,121,-65.0,23.0,-0.54
07:41:58,106.41,17.0,109.7,37.0,90.32,31.0,109.83,65.0,108.06,3.2900000000000063,48.0,102.0,6.9345728058763285,106.41,109.7,150,-54.0,29.0,-0.36
07:41:59,106.0,13.0,108.09,55.0,86.23,53.0,110.46,65.0,107.05,2.0900000000000034,66.0,120.0,6.176695718586251,106.0,108.09,186,-54.0,36.0,-0.29
07:42:00,90.44,27.0,107.0,47.0,70.64,50.0,149.45,55.0,98.72,16.560000000000002,77.0,102.0,5.958449462738183,90.44,107.0,179,-25.0,-7.0,-0.14
07:42:02,110.0,16.0,276.58,55.0,73.43,82.0,303.96,52.0,193.29,166.57999999999998,98.0,107.0,43.00888570981566,110.0,276.58,205,-9.0,66.0,-0.04
07:42:03,110.0,21.0,189.14,29.0,91.8,46.0,338.45,33.0,149.57,79.13999999999999,67.0,62.0,40.363617528660384,110.0,189.14,129,5.0,-76.0,0.04
07:42:04,110.0,16.0,175.33,18.0,106.12,64.0,285.25,24.0,142.67,65.33000000000001,80.0,42.0,35.10221474494131,110.0,175.33,122,38.0,-7.0,0.31
07:42:05,108.16,25.0,155.68,28.0,66.27,44.0,255.0,24.0,131.92,47.52000000000001,69.0,52.0,24.2792067415715,108.16,155.68,121,17.0,-1.0,0.14
07:42:06,108.0,16.0,156.0,24.0,77.33,24.0,394.63,19.0,132.0,48.0,40.0,43.0,25.390765053459404,108.0,156.0,83,-3.0,-38.0,-0.04
07:42:07,108.0,22.0,376.74,38.0,93.52,65.0,384.12,25.0,242.37,268.74,87.0,63.0,46.81341933676678,108.0,376.74,150,24.0,67.0,0.16
07:42:18,101.07,59.0,106.0,6.0,98.42,31.0,386.0,10.0,103.53,4.930000000000007,90.0,16.0,3.8555284981442597,101.07,106.0,106,74.0,-131.0,0.7
07:42:19,103.08,132.0,145.33,18.0,102.0,48.0,367.1,40.0,124.21,42.250000000000014,180.0,58.0,10.975148290569892,103.08,145.33,238,122.0,132.0,0.51
07:42:20,106.11,44.0,228.0,48.0,103.87,125.0,336.21,38.0,167.06,121.89,169.0,86.0,28.574864479118567,106.11,228.0,255,83.0,17.0,0.33
07:42:21,116.0,8.0,151.12,32.0,108.8,50.0,238.0,32.0,133.56,35.120000000000005,58.0,64.0,26.779921023034934,116.0,151.12,122,-6.0,-133.0,-0.05
07:42:22,113.5,18.0,150.73,30.0,107.97,58.0,227.12,32.0,132.12,37.22999999999999,76.0,62.0,22.92831502749352,113.5,150.73,138,14.0,16.0,0.1
07:42:23,112.2,35.0,149.91,44.0,108.56,82.0,237.33,15.0,131.05,37.709999999999994,117.0,59.0,16.85554953123696,112.2,149.91,176,58.0,38.0,0.33
07:42:24,111.25,44.0,148.95,42.0,109.3,53.0,246.0,39.0,130.1,37.69999999999999,97.0,81.0,15.862358588809604,111.25,148.95,178,16.0,2.0,0.09
07:42:25,113.55,73.0,148.0,8.0,112.72,64.0,149.0,32.0,130.77,34.45,137.0,40.0,1.352904283379004,113.55,148.0,177,97.0,-1.0,0.55
07:42:26,114.0,88.0,144.53,49.0,113.0,121.0,145.35,46.0,129.27,30.53,209.0,95.0,1.0655374230807781,114.0,144.53,304,114.0,127.0,0.38
07:42:27,114.0,84.0,141.25,48.0,113.0,121.0,143.06,51.0,127.62,27.25,205.0,99.0,1.380170279344546,114.0,141.25,304,106.0,0.0,0.35
07:42:28,114.0,66.0,139.48,54.0,113.0,121.0,140.78,45.0,126.74,25.47999999999999,187.0,99.0,1.6865497324379088,114.0,139.48,286,88.0,-18.0,0.31
07:42:29,114.0,84.0,135.63,68.0,113.0,154.0,137.83,58.0,124.82,21.629999999999995,238.0,126.0,2.291752604446402,114.0,135.63,364,112.0,78.0,0.31
07:42:30,114.0,36.0,132.67,30.0,113.0,66.0,134.0,24.0,123.33,18.669999999999987,102.0,54.0,2.331979845536303,114.0,132.67,156,48.0,-174.5,0.31
07:42:31,114.0,60.0,130.8,50.0,113.0,110.0,134.0,40.0,122.4,16.80000000000001,170.0,90.0,2.2063363297530403,114.0,130.8,260,80.0,104.0,0.31
07:42:32,114.0,60.0,129.2,50.0,113.0,110.0,134.0,40.0,121.6,15.199999999999989,170.0,90.0,2.043433385258418,114.0,129.2,260,80.0,0.0,0.31
07:42:33,114.0,72.0,125.98,55.0,113.0,132.0,128.51,53.0,119.99,11.980000000000004,204.0,108.0,1.8142133281368338,114.0,125.98,312,96.0,52.0,0.31
07:42:34,114.0,56.0,122.56,73.0,113.0,176.0,123.65,71.0,118.28,8.560000000000002,232.0,144.0,2.0059536385445003,114.0,122.56000000000002,376,88.0,64.0,0.23
07:42:35,114.0,13.0,119.41,59.0,113.0,143.0,121.55,58.0,116.7,5.409999999999997,156.0,117.0,2.3428785713285505,114.0,119.41,273,39.0,-103.0,0.14
07:42:36,113.11,71.0,117.28,65.0,112.79,112.0,119.5,66.0,115.19,4.170000000000002,183.0,131.0,2.547797087680091,113.11,117.28,314,52.0,41.0,0.17
07:42:37,112.85,80.0,114.86,70.0,111.83,53.0,133.6,55.0,113.85,2.010000000000005,133.0,125.0,2.4326467067767674,112.85,114.86,258,8.0,-56.0,0.03
07:42:38,112.0,34.0,113.1,50.0,111.0,30.0,189.0,20.0,112.55,1.0999999999999943,64.0,70.0,2.264758265244335,112.0,113.1,134,-6.0,-124.0,-0.04
07:42:39,110.5,40.0,113.0,40.0,109.83,36.0,192.52,29.0,111.75,2.5,76.0,69.0,1.9933188405252942,110.5,113.0,145,7.0,11.0,0.05
07:42:40,110.0,80.0,113.0,40.0,109.0,56.0,207.62,24.0,111.5,3.0,136.0,64.0,1.5434118050583783,110.0,113.0,200,72.0,55.0,0.36
07:42:41,110.0,48.0,112.0,40.0,109.0,56.0,145.21,28.0,111.0,2.0,104.0,68.0,1.11276682193258,110.0,112.0,172,36.0,-28.0,0.21
07:42:42,109.77,35.0,112.73,44.0,108.41,32.0,228.33,45.0,111.25,2.960000000000008,67.0,89.0,0.5951890455932275,109.77,112.73,156,-22.0,-16.0,-0.14
07:42:43,108.0,7.0,153.0,21.0,107.0,14.0,427.23,26.0,130.5,45.0,21.0,47.0,8.557525927509218,108.0,153.0,68,-26.0,-88.0,-0.38
07:42:44,113.82,34.0,153.0,36.0,107.85,13.0,353.67,24.0,133.41,39.18000000000001,47.0,60.0,11.388541170843196,113.82,153.0,107,-13.0,39.0,-0.12
07:42:48,114.0,30.0,247.64,22.0,108.0,10.0,468.58,38.0,180.82,133.64,40.0,60.0,88.70586412408107,114.0,247.64,100,-20.0,19.0,-0.2
07:42:49,114.0,34.0,204.8,40.0,107.96,56.0,300.32,50.0,159.4,90.80000000000001,90.0,90.0,80.38686192407272,114.0,204.8,180,0.0,80.0,0.0
07:42:50,114.0,14.0,196.34,41.0,108.0,74.0,214.61,46.0,155.17,82.34,88.0,87.0,82.45515720681118,114.0,196.34,175,1.0,-5.0,0.01
07:42:51,114.0,9.0,194.0,36.0,109.62,37.0,242.0,27.0,154.0,80.0,46.0,63.0,63.26703976005169,114.0,194.0,109,-17.0,-66.0,-0.16
07:42:52,114.5,12.0,194.0,48.0,113.1,30.0,242.0,36.0,154.25,79.5,42.0,84.0,11.440868411094078,114.5,194.0,126,-42.0,17.0,-0.33
07:42:53,110.31,58.0,194.0,44.0,108.42,43.0,294.97,38.0,152.16,83.69,101.0,82.0,2.6933677803026725,110.31,194.0,183,19.0,57.0,0.1
07:42:54,110.0,147.0,173.24,42.0,108.0,128.0,328.08,37.0,141.62,63.24000000000001,275.0,79.0,5.597173393774199,110.0,173.24,354,196.0,171.0,0.55
07:42:55,110.85,97.0,130.8,40.0,109.08,152.0,131.85,52.0,120.82,19.950000000000017,249.0,92.0,14.256580936535107,110.85,130.8,341,157.0,-13.0,0.46
07:42:56,111.1,40.0,128.62,32.0,110.0,70.0,129.6,40.0,119.86,17.52000000000001,110.0,72.0,16.59481605803386,111.1,128.62,182,38.0,-159.0,0.21
