Time,Bid1_Price,Bid1_Volume,Ask1_Price,Ask1_Volume,Bid2_Price,Bid2_Volume,Ask2_Price,Ask2_Volume,Mid-Price,Bid_Ask_Spread,Market_Depth_Bid,Market_Depth_Ask,Historical_Volatility,Weighted_Avg_Bid_Price,Weighted_Avg_Ask_Price,Total_volume,Cumulative_Volume_Difference,Total_Volume_Change_Corrected,Order_imbalance
07:30:02,139.0,4.0,163.6,15.0,105.74,38.0,165.0,20.0,151.3,24.599999999999994,42.0,35.0,,139.0,163.6,77,7.0,61.0,0.09
07:30:03,139.0,1.0,162.0,4.0,119.0,2.0,163.0,3.0,150.5,23.0,3.0,7.0,,139.0,162.0,10,-4.0,-67.0,-0.4
07:30:04,139.0,3.0,161.0,11.0,119.0,6.0,162.0,10.0,150.0,22.0,9.0,21.0,122.58289746126904,139.0,161.0,30,-12.0,20.0,-0.4
07:30:05,139.0,2.0,158.5,6.0,119.0,4.0,160.0,8.0,148.75,19.5,6.0,14.0,30.150816738523076,139.0,158.5,20,-8.0,-10.0,-0.4
07:30:06,139.0,4.0,153.0,11.0,119.0,8.0,158.33,12.0,146.0,14.0,12.0,23.0,2.0689369250903367,139.0,153.0,35,-11.0,15.0,-0.31
07:30:07,139.0,3.0,146.67,12.0,119.0,6.0,149.0,3.0,142.83,7.6699999999999875,9.0,15.0,3.1939051332189403,139.0,146.67,24,-6.0,-11.0,-0.25
07:30:08,139.0,7.0,145.45,22.0,119.0,10.0,153.33,9.0,142.23,6.449999999999989,17.0,31.0,3.457494757769326,139.0,145.45,48,-14.0,24.0,-0.29
07:30:09,139.0,6.0,143.52,25.0,119.0,12.0,144.24,25.0,141.26,4.52000000000001,18.0,50.0,3.0960830092234985,139.0,143.52,68,-32.0,20.0,-0.47
07:30:10,139.0,13.0,141.15,65.0,119.0,26.0,143.0,52.0,140.08,2.1500000000000057,39.0,117.0,2.226196307606852,139.0,141.15,156,-78.0,88.0,-0.5
07:30:11,120.28,25.0,139.54,59.0,107.49,146.0,142.04,28.0,129.91,19.25999999999999,171.0,87.0,5.33058814766273,120.28,139.54,258,84.0,102.0,0.33
07:30:12,119.64,28.0,136.7,40.0,111.0,196.0,138.65,46.0,128.17,17.059999999999988,224.0,86.0,6.726429216159376,119.64,136.7,310,138.0,52.0,0.45
07:30:13,120.81,31.0,139.59,22.0,115.96,52.0,142.0,14.0,130.2,18.78,83.0,36.0,6.220975003968637,120.81,139.59,119,47.0,-178.5,0.39
07:30:20,132.78,67.0,155.0,17.0,132.07,74.0,176.58,62.0,143.89,22.22,141.0,79.0,5.966877743007858,132.78,155.0,220,62.0,152.0,0.28
07:30:21,137.78,64.0,155.0,17.0,136.61,89.0,235.84,25.0,146.39,17.22,153.0,42.0,7.279133190154076,137.78,155.0,195,111.0,-25.0,0.57
07:30:22,141.31,102.0,155.0,12.0,140.78,138.0,220.0,24.0,148.16,13.689999999999998,240.0,36.0,7.830921401725531,141.31,155.0,276,204.0,81.0,0.74
07:30:23,143.33,78.0,155.0,14.0,141.25,59.0,220.0,28.0,149.17,11.669999999999987,137.0,42.0,6.621759584884011,143.33,155.0,179,95.0,-97.0,0.53
07:30:24,145.99,171.0,155.0,12.0,142.94,93.0,229.0,20.0,150.49,9.009999999999991,264.0,32.0,2.5669437079927624,145.99,155.0,296,232.0,117.0,0.78
07:30:25,147.0,143.0,152.93,14.0,145.0,70.0,154.21,14.0,149.96,5.930000000000007,213.0,28.0,1.6240782000888185,147.0,152.93,241,185.0,-55.0,0.77
07:30:26,147.0,70.0,151.43,7.0,145.88,41.0,154.69,13.0,149.21,4.430000000000007,111.0,20.0,0.8843472168801995,147.0,151.43,131,91.0,-110.0,0.69
07:30:27,147.0,60.0,150.17,6.0,145.38,32.0,156.0,6.0,148.58,3.1699999999999875,92.0,12.0,0.7465721666414802,147.0,150.17,104,80.0,-27.0,0.77
07:30:28,147.0,120.0,150.0,12.0,145.0,60.0,154.5,12.0,148.5,3.0,180.0,24.0,0.8669890426088135,147.0,150.0,204,156.0,100.0,0.76
07:30:29,147.0,60.0,150.0,6.0,145.0,30.0,153.0,6.0,148.5,3.0,90.0,12.0,0.6382789358922343,147.0,150.0,102,78.0,-102.0,0.76
07:30:30,147.0,100.0,149.7,10.0,145.0,50.0,212.83,18.0,148.35,2.6999999999999886,150.0,28.0,0.3358124476604635,147.0,149.7,178,122.0,76.0,0.69
07:30:31,147.0,108.0,148.18,11.0,145.0,55.0,215.88,26.0,147.59,1.1800000000000068,163.0,37.0,0.4077131344508065,147.0,148.18,200,126.0,22.0,0.63
07:30:32,145.27,51.0,151.86,21.0,143.06,165.0,230.7,23.0,148.57,6.590000000000003,216.0,44.0,0.40604186976677276,145.27,151.86,260,172.0,60.0,0.66
07:30:33,145.76,83.0,151.18,39.0,143.62,116.0,154.19,16.0,148.47,5.420000000000016,199.0,55.0,0.40259160448734777,145.76,151.18,254,144.0,-6.0,0.57
07:30:34,146.23,71.0,152.57,28.0,145.0,56.0,154.0,14.0,149.4,6.340000000000003,127.0,42.0,0.644887587106224,146.23,152.57,169,85.0,-85.0,0.5
07:30:35,147.0,52.0,151.31,32.0,145.0,52.0,185.92,25.0,149.16,4.310000000000002,104.0,57.0,0.7043223693761766,147.0,151.31,161,47.0,-8.0,0.29
07:30:36,147.0,26.0,150.15,20.0,145.0,44.0,184.25,24.0,148.57,3.1500000000000057,70.0,44.0,0.41788754468595896,147.0,150.15,114,26.0,-47.0,0.23
07:30:37,145.56,50.0,148.96,23.0,144.22,46.0,152.81,16.0,147.26,3.4000000000000057,96.0,39.0,0.8311257425947557,145.56,148.96,135,57.0,21.0,0.42
07:30:38,145.0,40.0,148.1,10.0,143.0,20.0,155.0,10.0,146.55,3.0999999999999943,60.0,20.0,1.2353015826119915,145.0,148.1,80,40.0,-55.0,0.5
07:30:39,143.51,39.0,148.0,10.0,141.37,63.0,155.0,10.0,145.76,4.490000000000009,102.0,20.0,1.4035846964126248,143.51,148.0,122,82.0,42.0,0.67
07:30:40,144.33,9.0,147.33,6.0,140.03,96.0,155.0,6.0,145.83,3.0,105.0,12.0,1.1650450635077343,144.33,147.33,117,93.0,-5.0,0.79
07:30:41,145.46,26.0,146.54,13.0,141.54,89.0,155.0,13.0,146.0,1.079999999999984,115.0,26.0,0.6294044804446247,145.46,146.54,141,89.0,24.0,0.63
07:30:42,141.26,77.0,150.9,10.0,140.18,187.0,219.84,19.0,146.08,9.640000000000015,264.0,29.0,0.3105318019201706,141.26,150.9,293,235.0,152.0,0.8
07:30:43,141.09,106.0,153.0,14.0,140.15,258.0,257.47,17.0,147.05,11.909999999999997,364.0,31.0,0.5224270284008945,141.09,153.0,395,333.0,102.0,0.84
07:30:44,142.0,12.0,151.14,29.0,141.0,108.0,201.33,12.0,146.57,9.139999999999986,120.0,41.0,0.4986281179434058,142.0,151.14,161,79.0,-178.5,0.49
07:30:45,142.0,14.0,150.6,40.0,141.0,266.0,191.1,30.0,146.3,8.599999999999994,280.0,70.0,0.42538218110751075,142.0,150.6,350,210.0,177.5,0.6
07:30:46,142.0,10.0,147.08,38.0,141.0,230.0,148.22,49.0,144.54,5.0800000000000125,240.0,87.0,0.9482984762213801,142.0,147.08,327,153.0,-23.0,0.47
07:30:47,142.0,14.0,145.71,56.0,141.0,322.0,147.38,73.0,143.86,3.710000000000008,336.0,129.0,1.3842073544103826,142.0,145.71,465,207.0,138.0,0.45
07:30:48,142.0,16.0,145.19,62.0,141.0,368.0,146.79,76.0,143.6,3.1899999999999977,384.0,138.0,1.3804636902156526,142.0,145.19,522,246.0,57.0,0.47
07:30:49,141.02,60.0,145.0,50.0,140.3,77.0,146.0,30.0,143.01,3.9799999999999898,137.0,80.0,1.2647213131768797,141.02,145.0,217,57.0,-178.5,0.26
07:30:50,141.0,58.0,144.93,68.0,140.0,78.0,146.18,38.0,142.96,3.930000000000007,136.0,106.0,0.6535900856070513,141.0,144.93,242,30.0,25.0,0.12
07:30:51,141.0,101.0,143.41,66.0,140.0,96.0,145.12,56.0,142.2,2.4099999999999966,197.0,122.0,0.6445773809278669,141.0,143.41,319,75.0,77.0,0.24
07:30:52,141.0,18.0,146.0,27.0,140.0,54.0,220.0,36.0,143.5,5.0,72.0,63.0,0.5561294813295,141.0,146.0,135,9.0,-178.5,0.07
07:30:53,140.29,34.0,146.0,27.0,139.43,69.0,325.22,36.0,143.15,5.710000000000008,103.0,63.0,0.47637170361369574,140.29,146.0,166,40.0,31.0,0.24
07:30:54,140.0,30.0,146.0,12.0,139.0,45.0,314.29,14.0,143.0,6.0,75.0,26.0,0.4761512364825014,140.0,146.0,101,49.0,-65.0,0.49
07:30:55,140.0,30.0,146.0,10.0,139.0,45.0,220.5,8.0,143.0,6.0,75.0,18.0,0.47644516998686814,140.0,146.0,93,57.0,-8.0,0.61
07:30:56,141.04,46.0,146.0,14.0,139.21,57.0,215.0,28.0,143.52,4.960000000000008,103.0,42.0,0.259383885397359,141.04,146.0,145,61.0,52.0,0.42
07:30:57,143.44,79.0,146.0,26.0,140.71,63.0,209.46,52.0,144.72,2.5600000000000023,142.0,78.0,0.7260991667836046,143.44,146.0,220,64.0,75.0,0.29
07:30:58,144.09,22.0,146.0,12.0,143.21,19.0,279.33,24.0,145.05,1.9099999999999966,41.0,36.0,0.9683078023045537,144.09,146.0,77,5.0,-143.0,0.06
07:31:01,141.04,98.0,427.59,17.0,140.12,73.0,465.38,32.0,284.31,286.54999999999995,171.0,49.0,83.83924814786936,141.04,427.59,220,122.0,103.0,0.55
07:31:02,142.54,39.0,420.22,9.0,140.47,57.0,440.17,24.0,281.38,277.68000000000006,96.0,33.0,67.12371138427922,142.54,420.22,129,63.0,-91.0,0.49
07:31:03,143.35,34.0,412.83,18.0,140.64,56.0,414.0,6.0,278.09,269.48,90.0,24.0,12.510596708391628,143.35,412.83,114,66.0,-15.0,0.58
07:31:04,141.05,58.0,387.0,30.0,140.23,91.0,412.5,20.0,264.03,245.95,149.0,50.0,14.268527254065809,141.05,387.0,199,99.0,85.0,0.5
07:31:05,142.98,57.0,282.24,45.0,141.02,93.0,343.59,39.0,212.61,139.26000000000002,150.0,84.0,29.80765975382868,142.98,282.24,234,66.0,35.0,0.28
07:31:06,143.0,32.0,155.0,24.0,141.0,56.0,276.64,22.0,149.0,12.0,88.0,46.0,56.408029304346556,143.0,155.0,134,42.0,-100.0,0.31
07:31:07,144.0,28.0,154.14,21.0,143.0,28.0,411.33,15.0,149.07,10.139999999999986,56.0,36.0,61.22539914120627,144.0,154.14,92,20.0,-42.0,0.22
07:31:08,144.0,35.0,153.09,33.0,143.0,44.0,424.8,15.0,148.55,9.090000000000003,79.0,48.0,52.25661412682633,144.0,153.09,127,31.0,35.0,0.24
07:31:09,145.0,45.0,151.27,45.0,143.0,60.0,336.92,39.0,148.13,6.27000000000001,105.0,84.0,28.589519408343133,145.0,151.27,189,21.0,62.0,0.11
07:31:10,145.33,27.0,149.33,27.0,143.0,36.0,153.0,9.0,147.33,4.0,63.0,36.0,0.715527777259202,145.33,149.33,99,27.0,-90.0,0.27
07:31:11,147.0,36.0,148.8,30.0,143.0,48.0,153.0,12.0,147.9,1.8000000000000114,84.0,42.0,0.657860167535262,147.0,148.8,126,42.0,27.0,0.33
07:31:12,145.61,23.0,148.0,7.0,142.18,34.0,281.48,29.0,146.8,2.3899999999999864,57.0,36.0,0.6865639081903392,145.61,148.0,93,21.0,-33.0,0.23
07:31:13,143.0,24.0,148.0,6.0,141.0,42.0,172.5,18.0,145.5,5.0,66.0,24.0,1.0486515150562103,143.0,148.0,90,42.0,-3.0,0.47
07:31:14,143.0,51.0,147.5,12.0,141.0,84.0,236.26,34.0,145.25,4.5,135.0,46.0,1.1495346884847712,143.0,147.5,181,89.0,91.0,0.49
07:31:15,143.0,31.0,147.0,8.0,141.0,56.0,333.62,24.0,145.0,4.0,87.0,32.0,1.2269881825143403,143.0,147.0,119,55.0,-62.0,0.46
07:31:16,143.0,6.0,146.4,5.0,141.0,21.0,361.4,5.0,144.7,3.4000000000000057,27.0,10.0,0.8108637370298013,143.0,146.4,37,17.0,-82.0,0.46
07:31:17,143.0,12.0,145.0,6.0,141.0,42.0,146.0,18.0,144.0,2.0,54.0,24.0,0.579223618328876,143.0,145.0,78,30.0,41.0,0.38
07:31:18,143.0,18.0,144.25,12.0,141.0,84.0,146.0,36.0,143.62,1.25,102.0,48.0,0.6848211445553107,143.0,144.25,150,54.0,72.0,0.36
07:31:19,142.73,52.0,145.04,23.0,141.11,66.0,179.84,49.0,143.89,2.3100000000000023,118.0,72.0,0.5817387730159463,142.73,145.04,190,46.0,40.0,0.24
07:31:20,143.0,35.0,145.0,31.0,142.0,22.0,147.27,33.0,144.0,2.0,57.0,64.0,0.3992743418129152,143.0,145.0,121,-7.0,-69.0,-0.06
07:31:21,142.11,9.0,146.8,15.0,139.7,23.0,202.65,20.0,144.46,4.689999999999998,32.0,35.0,0.3032820469961151,142.11,146.8,67,-3.0,-54.0,-0.04
07:31:22,140.0,14.0,147.47,19.0,139.0,56.0,244.79,19.0,143.74,7.469999999999999,70.0,38.0,0.32360469716950185,140.0,147.47,108,32.0,41.0,0.3
07:31:23,140.0,12.0,146.89,18.0,139.0,39.0,267.88,16.0,143.44,6.889999999999986,51.0,34.0,0.3744061965702154,140.0,146.89,85,17.0,-23.0,0.2
07:31:24,140.0,24.0,146.39,18.0,139.0,60.0,260.21,42.0,143.19,6.389999999999986,84.0,60.0,0.49374082273010816,140.0,146.39,144,24.0,59.0,0.17
07:31:25,142.35,23.0,147.6,30.0,139.15,41.0,422.78,46.0,144.97,5.25,64.0,76.0,0.7385458686027362,142.35,147.6,140,-12.0,-4.0,-0.09
07:31:26,140.0,20.0,146.24,46.0,139.0,50.0,161.4,30.0,143.12,6.240000000000009,70.0,76.0,0.7546986153625916,140.0,146.24,146,-6.0,6.0,-0.04
07:31:27,140.0,16.0,146.0,40.0,139.0,38.0,147.0,24.0,143.0,6.0,54.0,64.0,0.8132219869323688,140.0,146.0,118,-10.0,-28.0,-0.08
07:31:28,139.55,40.0,146.0,65.0,138.93,108.0,175.77,31.0,142.78,6.449999999999989,148.0,96.0,0.8847429005254811,139.55,146.0,244,52.0,126.0,0.21
07:31:29,139.0,126.0,143.94,47.0,138.0,56.0,144.28,65.0,141.47,4.939999999999998,182.0,112.0,1.2511474733340815,139.0,143.94,294,70.0,50.0,0.24
07:31:30,139.0,87.0,140.5,24.0,138.0,40.0,141.79,38.0,139.75,1.5,127.0,62.0,1.4320719255785708,139.0,140.5,189,65.0,-105.0,0.34
07:31:31,139.0,60.0,142.14,21.0,138.0,40.0,158.54,46.0,140.57,3.1399999999999864,100.0,67.0,1.397830461833746,139.0,142.14,167,33.0,-22.0,0.2
07:31:32,142.03,76.0,146.0,75.0,140.95,75.0,216.0,15.0,144.01,3.969999999999999,151.0,90.0,1.7053973144198182,142.03,146.0,241,61.0,74.0,0.25
07:31:33,144.68,78.0,146.0,66.0,141.94,68.0,411.31,36.0,145.34,1.3199999999999932,146.0,102.0,2.3624182525603548,144.68,146.0,248,44.0,7.0,0.18
07:31:34,145.0,42.0,146.0,12.0,139.0,43.0,324.64,14.0,145.5,1.0,85.0,26.0,2.702189852699156,145.0,146.0,111,59.0,-137.0,0.53
07:31:35,145.0,52.0,146.0,20.0,139.18,68.0,338.11,18.0,145.5,1.0,120.0,38.0,2.1149066173309485,145.0,146.0,158,82.0,47.0,0.52
07:31:36,145.0,18.0,146.0,12.0,140.0,24.0,227.78,18.0,145.5,1.0,42.0,30.0,0.6521502894503355,145.0,146.0,72,12.0,-86.0,0.17
07:31:37,145.0,30.0,306.4,35.0,140.0,40.0,349.66,29.0,225.7,161.39999999999998,70.0,64.0,35.88448578424983,145.0,306.4,134,6.0,62.0,0.04
07:31:39,144.58,19.0,283.14,7.0,141.15,26.0,533.67,12.0,213.86,138.55999999999997,45.0,19.0,67.4310966839486,144.58,283.14,64,26.0,-13.0,0.41
07:31:40,141.44,72.0,334.02,63.0,139.52,92.0,533.15,26.0,237.73,192.57999999999998,164.0,89.0,58.12082053791069,141.44,334.02,253,75.0,177.5,0.3
07:31:41,140.0,40.0,174.0,20.0,139.0,80.0,425.35,31.0,157.0,34.0,120.0,51.0,54.226702647312244,140.0,174.0,171,69.0,-82.0,0.4
07:31:42,139.4,40.0,179.82,22.0,138.84,38.0,319.0,24.0,159.61,40.41999999999999,78.0,46.0,62.499410157216865,139.4,179.82,124,32.0,-47.0,0.26
07:31:43,139.0,60.0,162.0,33.0,138.0,18.0,197.2,30.0,150.5,23.0,78.0,63.0,39.44716909994971,139.0,162.0,141,15.0,17.0,0.11
07:31:44,139.0,49.0,146.0,40.0,138.0,16.0,193.25,24.0,142.5,7.0,65.0,64.0,38.727864258180176,139.0,146.0,129,1.0,-12.0,0.01
07:31:45,139.22,64.0,146.0,28.0,138.56,36.0,193.0,24.0,142.61,6.780000000000001,100.0,52.0,7.929037142051581,139.22,146.0,152,48.0,23.0,0.32
07:31:46,140.27,22.0,146.0,11.0,139.19,37.0,204.64,22.0,143.14,5.72999999999999,59.0,33.0,7.473718619270735,140.27,146.0,92,26.0,-60.0,0.28
07:31:47,139.44,45.0,145.36,25.0,136.54,37.0,229.46,26.0,142.4,5.920000000000016,82.0,51.0,3.5166461294868325,139.44,145.36,133,31.0,41.0,0.23
07:31:48,139.0,59.0,143.92,52.0,136.0,60.0,144.45,49.0,141.46,4.9199999999999875,119.0,101.0,0.6088678017724364,139.0,143.92,220,18.0,87.0,0.08
07:31:49,138.37,38.0,141.75,24.0,130.05,37.0,143.29,34.0,140.06,3.3799999999999955,75.0,58.0,1.2109004913845463,138.37,141.75,133,17.0,-87.0,0.13
07:31:50,136.0,36.0,141.33,24.0,112.0,9.0,143.05,21.0,138.67,5.3300000000000125,45.0,45.0,1.7997999888975302,136.0,141.33,90,0.0,-43.0,0.0
07:31:51,136.0,48.0,139.5,48.0,115.07,28.0,142.0,18.0,137.75,3.5,76.0,66.0,1.917255851480399,136.0,139.5,142,10.0,52.0,0.07
07:31:52,136.24,37.0,140.5,20.0,132.12,34.0,142.86,14.0,138.37,4.259999999999991,71.0,34.0,1.49166685289847,136.24,140.5,105,37.0,-37.0,0.35
07:31:53,131.62,26.0,142.13,23.0,129.78,18.0,190.9,10.0,136.87,10.509999999999991,44.0,33.0,1.1807963414731075,131.62,142.13,77,11.0,-28.0,0.14
07:31:54,131.33,27.0,289.22,18.0,120.3,94.0,577.0,9.0,210.28,157.89000000000001,121.0,27.0,32.369935433979975,131.33,289.22,148,94.0,71.0,0.64
07:31:55,139.5,14.0,390.45,11.0,128.9,30.0,526.23,13.0,264.98,250.95,44.0,24.0,58.07147018975863,139.5,390.45,68,20.0,-80.0,0.29
07:31:56,142.62,24.0,169.0,20.0,139.38,26.0,289.53,34.0,155.81,26.379999999999995,50.0,54.0,55.47279846915985,142.62,169.0,104,-4.0,36.0,-0.04
07:31:57,145.18,22.0,241.61,46.0,143.72,29.0,464.94,34.0,193.4,96.43,51.0,80.0,50.02717431556593,145.18,241.61000000000004,131,-29.0,27.0,-0.22
07:31:58,147.0,28.0,257.12,32.0,146.0,16.0,377.74,31.0,202.06,110.12,44.0,63.0,39.331508742991474,147.0,257.12,107,-19.0,-24.0,-0.18
07:32:00,147.0,60.0,315.44,43.0,146.0,24.0,453.62,47.0,231.22,168.44,84.0,90.0,62.96476729092236,147.0,315.44,174,-6.0,62.0,-0.03
07:32:01,147.0,65.0,211.0,52.0,146.0,26.0,258.0,52.0,179.0,64.0,91.0,104.0,57.57894302607512,147.0,211.0,195,-13.0,21.0,-0.07
07:32:02,147.0,43.0,210.55,44.0,146.0,22.0,333.85,34.0,178.77,63.55000000000001,65.0,78.0,59.954429360973876,147.0,210.55,143,-13.0,-52.0,-0.09
07:32:03,147.0,11.0,207.45,44.0,146.0,27.0,313.82,44.0,177.23,60.44999999999999,38.0,88.0,63.049205625447875,147.0,207.45,126,-50.0,-17.0,-0.4
07:32:04,146.22,27.0,205.0,52.0,145.12,32.0,206.0,52.0,175.61,58.78,59.0,104.0,23.994772972462588,146.22,205.0,163,-45.0,37.0,-0.28
07:32:05,147.89,36.0,201.31,35.0,146.0,27.0,203.26,35.0,174.6,53.420000000000016,63.0,70.0,1.9280223027822352,147.89,201.31,133,-7.0,-30.0,-0.05
07:32:06,148.0,45.0,190.86,56.0,146.43,42.0,191.93,56.0,169.43,42.860000000000014,87.0,112.0,3.5588228390897,148.0,190.85999999999999,199,-25.0,66.0,-0.13
07:32:07,147.8,30.0,185.2,40.0,146.8,30.0,186.8,40.0,166.5,37.39999999999998,60.0,80.0,4.520191367633389,147.8,185.2,140,-20.0,-59.0,-0.14
07:32:08,147.0,25.0,180.9,31.0,146.0,27.0,182.11,36.0,163.95,33.900000000000006,52.0,67.0,5.044994549058351,147.0,180.9,119,-15.0,-21.0,-0.13
07:32:09,147.0,12.0,179.43,21.0,146.0,18.0,180.57,21.0,163.21,32.43000000000001,30.0,42.0,4.640427782007743,147.0,179.43,72,-12.0,-47.0,-0.17
07:32:10,147.0,20.0,175.74,39.0,146.0,30.0,177.18,39.0,161.37,28.74000000000001,50.0,78.0,3.1344887940508555,147.0,175.74,128,-28.0,56.0,-0.22
07:32:11,147.0,22.0,172.0,44.0,146.0,33.0,173.65,34.0,159.5,25.0,55.0,78.0,2.648552434827604,147.0,172.0,133,-23.0,5.0,-0.17
07:32:12,147.0,18.0,157.21,33.0,146.0,19.0,159.94,34.0,152.11,10.210000000000008,37.0,67.0,4.750833611065796,147.0,157.21,104,-30.0,-29.0,-0.29
07:32:13,145.43,46.0,148.13,62.0,142.02,47.0,148.96,54.0,146.78,2.6999999999999886,93.0,116.0,6.918224483206233,145.43,148.13,209,-23.0,105.0,-0.11
07:32:14,144.0,22.0,145.78,27.0,140.77,66.0,147.41,37.0,144.89,1.7800000000000011,88.0,64.0,7.374533883577717,144.0,145.78,152,24.0,-57.0,0.16
07:32:15,141.95,80.0,143.35,20.0,140.25,72.0,145.78,27.0,142.65,1.4000000000000057,152.0,47.0,6.743369335876352,141.95,143.35,199,105.0,47.0,0.53
07:32:16,142.0,22.0,145.84,19.0,141.0,14.0,416.67,27.0,143.92,3.8400000000000034,36.0,46.0,3.697871009113059,142.0,145.84,82,-10.0,-117.0,-0.12
07:32:17,142.0,21.0,146.0,21.0,141.0,14.0,556.43,28.0,144.0,4.0,35.0,49.0,1.5285516020205019,142.0,146.0,84,-14.0,2.0,-0.17
07:32:18,142.0,12.0,146.0,12.0,141.0,8.0,693.0,16.0,144.0,4.0,20.0,28.0,0.8004186404873674,142.0,146.0,48,-8.0,-36.0,-0.17
07:32:19,141.6,15.0,289.12,32.0,140.06,108.0,421.89,36.0,215.36,147.52,123.0,68.0,32.07817607034469,141.6,289.12,191,55.0,143.0,0.29
07:32:20,140.73,59.0,184.64,28.0,134.39,126.0,354.5,24.0,162.69,43.91,185.0,52.0,30.91379918418364,140.73,184.64000000000001,237,133.0,46.0,0.56
07:32:21,140.11,122.0,183.55,55.0,137.11,72.0,250.6,30.0,161.83,43.44,194.0,85.0,29.291021320534927,140.11,183.55,279,109.0,42.0,0.39
07:32:22,140.0,68.0,174.38,24.0,139.0,48.0,297.38,24.0,157.19,34.379999999999995,116.0,48.0,27.394624107660807,140.0,174.38,164,68.0,-115.0,0.41
07:32:23,140.22,51.0,181.87,75.0,139.7,106.0,397.18,49.0,161.04,41.650000000000006,157.0,124.0,24.540465969496772,140.22,181.87,281,33.0,117.0,0.12
07:32:24,141.12,25.0,180.0,45.0,140.11,61.0,181.0,45.0,160.56,38.879999999999995,86.0,90.0,2.1026816211764427,141.12,180.0,176,-4.0,-105.0,-0.02
07:32:25,141.0,50.0,178.8,50.0,140.0,90.0,179.8,50.0,159.9,37.80000000000001,140.0,100.0,1.7745506473565107,141.0,178.8,240,40.0,64.0,0.17
07:32:26,141.0,19.0,177.11,45.0,140.0,81.0,178.11,45.0,159.06,36.110000000000014,100.0,90.0,1.5142985174771875,141.0,177.11,190,10.0,-50.0,0.05
07:32:27,141.0,14.0,174.58,60.0,140.0,154.0,176.12,56.0,157.79,33.58000000000001,168.0,116.0,1.2872839624704298,141.0,174.58,284,52.0,94.0,0.18
07:32:28,141.0,10.0,168.7,44.0,140.0,130.0,170.3,44.0,154.85,27.69999999999999,140.0,88.0,2.2539232462606393,141.0,168.7,228,52.0,-56.0,0.23
07:32:29,141.0,10.0,153.7,27.0,140.0,130.0,154.5,26.0,147.35,12.699999999999989,140.0,53.0,5.091713856849696,141.0,153.7,193,87.0,-35.0,0.45
07:32:30,141.0,12.0,148.53,34.0,140.0,156.0,150.68,38.0,144.76,7.530000000000001,168.0,72.0,6.376266148776768,141.0,148.53,240,96.0,47.0,0.4
07:32:31,141.71,35.0,145.44,57.0,140.04,131.0,146.31,45.0,143.58,3.7299999999999898,166.0,102.0,6.31160280753137,141.71,145.44,268,64.0,28.0,0.24
07:32:32,140.0,59.0,142.86,21.0,139.0,32.0,143.86,21.0,141.43,2.8600000000000136,91.0,42.0,5.187670961042104,140.0,142.86,133,49.0,-135.0,0.37
07:32:33,140.0,48.0,141.2,15.0,139.0,28.0,149.14,21.0,140.6,1.1999999999999886,76.0,36.0,2.6973005023617627,140.0,141.2,112,40.0,-21.0,0.36
07:32:34,140.0,8.0,163.06,17.0,139.0,24.0,418.08,26.0,151.53,23.060000000000002,32.0,43.0,4.327175753310771,140.0,163.06,75,-11.0,-37.0,-0.15
07:32:35,139.6,5.0,166.0,15.0,129.0,38.0,412.0,25.0,152.8,26.400000000000006,43.0,40.0,5.760240446373734,139.6,166.0,83,3.0,8.0,0.04
07:32:36,118.14,14.0,261.62,24.0,40.56,50.0,412.46,26.0,189.88,143.48000000000002,64.0,50.0,20.15373836289523,118.14,261.62,114,14.0,31.0,0.12
07:32:45,130.06,32.0,144.71,21.0,126.52,23.0,244.53,43.0,137.39,14.650000000000006,55.0,64.0,7.525731193714643,130.06,144.71,119,-9.0,22.0,-0.08
07:32:46,132.13,15.0,224.0,6.0,131.2,15.0,414.5,18.0,178.07,91.87,30.0,24.0,21.859483067996894,132.13,224.0,54,6.0,-65.0,0.11
07:32:47,144.17,99.0,295.92,39.0,142.66,83.0,385.57,35.0,220.05,151.75000000000003,182.0,74.0,39.95317609402327,144.17,295.92,256,108.0,177.5,0.42
07:32:48,147.15,13.0,351.0,10.0,146.5,22.0,524.0,6.0,249.08,203.85,35.0,16.0,51.69611416731453,147.15,351.0,51,19.0,-178.5,0.37
07:32:49,148.0,16.0,209.71,31.0,147.0,88.0,237.92,26.0,178.85,61.71000000000001,104.0,57.0,42.98773569286958,148.0,209.71,161,47.0,110.0,0.29
07:32:50,148.0,16.0,209.0,32.0,147.0,88.0,357.95,22.0,178.5,61.0,104.0,54.0,32.39292283817574,148.0,209.0,158,50.0,-3.0,0.32
07:32:51,147.0,94.0,208.4,20.0,146.0,55.0,338.0,5.0,177.7,61.400000000000006,149.0,25.0,32.45850011938333,147.0,208.4,174,124.0,16.0,0.71
07:32:52,147.0,144.0,206.17,24.0,146.0,66.0,338.0,6.0,176.58,59.16999999999999,210.0,30.0,31.841264422130173,147.0,206.17,240,180.0,66.0,0.75
07:32:53,147.0,144.0,170.0,18.0,146.0,66.0,190.0,14.0,158.5,23.0,210.0,32.0,8.723037315065422,147.0,170.0,242,178.0,2.0,0.74
07:32:54,147.0,114.0,169.52,25.0,146.0,66.0,174.67,24.0,158.26,22.52000000000001,180.0,49.0,10.54599070737436,147.0,169.52,229,131.0,-13.0,0.57
07:32:55,147.0,152.0,167.88,32.0,146.0,88.0,170.64,28.0,157.44,20.879999999999995,240.0,60.0,10.46178187499763,147.0,167.88,300,180.0,71.0,0.6
07:32:56,147.0,152.0,166.12,32.0,146.0,88.0,237.91,34.0,156.56,19.120000000000005,240.0,66.0,8.482129449615337,147.0,166.12,306,174.0,6.0,0.57
07:32:57,147.0,133.0,166.0,28.0,146.0,77.0,201.43,35.0,156.5,19.0,210.0,63.0,0.9291501493485401,147.0,166.0,273,147.0,-33.0,0.54
07:32:58,147.0,148.0,165.55,31.0,146.0,93.0,167.69,39.0,156.27,18.55000000000001,241.0,70.0,0.8302891062965473,147.0,165.55,311,171.0,38.0,0.55
07:32:59,147.0,170.0,162.74,38.0,146.0,110.0,164.25,32.0,154.87,15.740000000000009,280.0,70.0,0.9285849449755319,147.0,162.74,350,210.0,39.0,0.6
07:33:00,147.0,112.0,161.1,40.0,146.0,110.0,162.15,39.0,154.05,14.099999999999994,222.0,79.0,1.1295353026956203,147.0,161.1,301,143.0,-49.0,0.48
07:33:01,146.29,70.0,159.84,31.0,145.47,75.0,161.1,40.0,153.06,13.550000000000011,145.0,71.0,1.4605991921249903,146.29,159.84,216,74.0,-85.0,0.34
07:33:02,146.0,100.0,157.3,40.0,144.0,40.0,159.0,30.0,151.65,11.300000000000011,140.0,70.0,1.7547364474578027,146.0,157.3,210,70.0,-6.0,0.33
07:33:03,146.44,64.0,154.32,44.0,145.56,90.0,155.35,40.0,150.38,7.8799999999999955,154.0,84.0,1.8092733348053378,146.44,154.32,238,70.0,28.0,0.29
07:33:04,146.09,94.0,151.15,13.0,144.71,56.0,152.32,37.0,148.62,5.060000000000002,150.0,50.0,2.150225569571358,146.09,151.15,200,100.0,-38.0,0.5
07:33:05,146.06,32.0,148.09,11.0,145.25,32.0,149.67,12.0,147.08,2.030000000000001,64.0,23.0,2.373630131262956,146.06,148.09,87,41.0,-113.0,0.47
07:33:06,146.0,66.0,147.36,22.0,144.0,44.0,226.63,38.0,146.68,1.3600000000000136,110.0,60.0,2.125469359939181,146.0,147.36,170,50.0,83.0,0.29
07:33:07,146.0,9.0,147.0,6.0,144.0,30.0,554.0,3.0,146.5,1.0,39.0,9.0,1.6414993146635828,146.0,147.0,48,30.0,-122.0,0.62
07:33:08,144.67,18.0,420.24,17.0,143.43,70.0,548.38,26.0,282.45,275.57000000000005,88.0,43.0,60.48246010208266,144.67,420.24,131,45.0,83.0,0.34
07:33:09,140.72,29.0,307.6,20.0,53.83,47.0,490.57,28.0,224.16,166.88000000000002,76.0,48.0,61.89294693258683,140.72,307.6,124,28.0,-7.0,0.23
07:33:10,140.5,16.0,297.86,37.0,113.82,44.0,334.77,35.0,219.18,157.36,60.0,72.0,57.842200684275475,140.5,297.86,132,-12.0,8.0,-0.09
07:33:11,141.0,6.0,278.17,24.0,140.0,24.0,325.33,6.0,209.58,137.17000000000002,30.0,30.0,48.38147248689304,141.0,278.17,60,0.0,-72.0,0.0
07:33:12,141.0,10.0,276.5,40.0,140.0,40.0,278.0,40.0,208.75,135.5,50.0,80.0,30.674926731778495,141.0,276.5,130,-30.0,70.0,-0.23
07:33:13,141.0,11.0,268.53,38.0,140.0,104.0,277.45,44.0,204.76,127.52999999999997,115.0,82.0,8.062033242302505,141.0,268.53,197,33.0,67.0,0.17
07:33:14,141.0,12.0,274.58,48.0,140.0,120.0,277.33,48.0,207.79,133.57999999999998,132.0,96.0,5.439491704193787,141.0,274.58,228,36.0,31.0,0.16
07:33:15,141.0,17.0,245.77,70.0,140.0,287.0,263.45,69.0,193.39,104.77000000000001,304.0,139.0,6.662696901405381,141.0,245.77,443,165.0,177.5,0.37
07:33:16,141.0,29.0,144.17,24.0,140.0,114.0,145.2,25.0,142.58,3.1699999999999875,143.0,49.0,27.997687940256892,141.0,144.17,192,94.0,-178.5,0.49
07:33:17,140.74,58.0,142.82,44.0,139.89,207.0,146.91,47.0,141.78,2.079999999999984,265.0,91.0,33.19201937213245,140.74,142.82,356,174.0,164.0,0.49
07:33:18,140.0,83.0,160.0,16.0,84.0,15.0,204.19,21.0,150.0,20.0,98.0,37.0,31.151174456190635,140.0,160.0,135,61.0,-178.5,0.45
07:33:19,140.0,45.0,219.17,24.0,84.0,15.0,306.16,19.0,179.58,79.16999999999999,60.0,43.0,23.574072198074482,140.0,219.17,103,17.0,-32.0,0.17
07:33:20,140.57,56.0,182.72,47.0,120.0,57.0,216.96,24.0,161.65,42.150000000000006,113.0,71.0,15.82998799746965,140.57,182.72,184,42.0,81.0,0.23
07:33:21,147.0,88.0,180.82,55.0,144.0,22.0,195.18,49.0,163.91,33.81999999999999,110.0,104.0,14.417507759666034,147.0,180.82,214,6.0,30.0,0.03
07:33:22,147.0,70.0,177.94,48.0,144.0,24.0,179.41,54.0,162.47,30.939999999999998,94.0,102.0,10.553026580087225,147.0,177.93999999999997,196,-8.0,-18.0,-0.04
07:33:23,147.0,52.0,173.43,40.0,144.0,22.0,174.43,37.0,160.21,26.430000000000007,74.0,77.0,7.948923197517137,147.0,173.43,151,-3.0,-45.0,-0.02
07:33:24,147.0,40.0,170.1,50.0,144.0,20.0,170.97,29.0,158.55,23.099999999999994,60.0,79.0,2.0638120069494827,147.0,170.1,139,-19.0,-12.0,-0.14
07:33:25,145.41,17.0,166.63,27.0,140.3,92.0,168.0,36.0,156.02,21.22,109.0,63.0,3.1267746960773555,145.41,166.63,172,46.0,33.0,0.27
07:33:26,145.0,66.0,161.85,46.0,144.0,11.0,163.7,46.0,153.42,16.849999999999994,77.0,92.0,3.534632937099851,145.0,161.85,169,-15.0,-3.0,-0.09
07:33:27,145.07,90.0,158.67,49.0,142.12,51.0,159.86,70.0,151.87,13.599999999999994,141.0,119.0,3.461911321803695,145.07,158.67,260,22.0,91.0,0.08
07:33:28,147.73,66.0,157.0,22.0,142.0,44.0,159.0,55.0,152.36,9.27000000000001,110.0,77.0,2.800005357143757,147.73,157.0,187,33.0,-73.0,0.18
07:33:29,148.0,44.0,154.88,34.0,142.22,45.0,158.26,43.0,151.44,6.8799999999999955,89.0,77.0,1.8312891634132353,148.0,154.88,166,12.0,-21.0,0.07
07:33:30,148.0,24.0,152.12,41.0,144.0,45.0,153.58,26.0,150.06,4.1200000000000045,69.0,67.0,1.2344634462127868,148.0,152.12,136,2.0,-30.0,0.01
07:33:31,148.0,15.0,150.47,34.0,144.0,40.0,150.75,24.0,149.24,2.469999999999999,55.0,58.0,1.3020291855546595,148.0,150.47,113,-3.0,-23.0,-0.03
07:33:32,143.89,73.0,146.89,63.0,141.85,66.0,163.77,57.0,145.39,3.0,139.0,120.0,2.6935329959064993,143.89,146.89,259,19.0,146.0,0.07
07:33:33,141.71,48.0,144.61,18.0,140.86,88.0,304.67,36.0,143.16,2.9000000000000057,136.0,54.0,3.455129520009084,141.71,144.61,190,82.0,-69.0,0.43
07:33:34,140.84,50.0,278.55,22.0,139.9,78.0,306.75,24.0,209.69,137.71,128.0,46.0,28.193548375471128,140.84,278.55,174,82.0,-16.0,0.47
07:33:35,140.0,72.0,331.14,21.0,139.0,56.0,442.14,21.0,235.57,191.14,128.0,42.0,43.05019105648683,140.0,331.14,170,86.0,-4.0,0.51
07:33:36,140.0,117.0,329.22,27.0,139.0,72.0,444.08,36.0,234.61,189.22000000000003,189.0,63.0,46.288636618505066,140.0,329.22,252,126.0,82.0,0.5
07:33:37,140.53,60.0,196.33,36.0,139.76,136.0,394.8,30.0,168.43,55.80000000000001,196.0,66.0,41.13951044920205,140.53,196.33,262,130.0,10.0,0.5
07:33:38,140.85,20.0,263.84,25.0,139.93,107.0,284.3,20.0,202.34,122.98999999999998,127.0,45.0,27.59633888761328,140.85,263.84,172,82.0,-90.0,0.48
07:33:39,140.18,62.0,222.56,27.0,139.68,124.0,243.89,28.0,181.37,82.38,186.0,55.0,30.465791964102966,140.18,222.56,241,131.0,69.0,0.54
07:33:40,140.0,111.0,202.0,22.0,139.0,88.0,203.0,11.0,171.0,62.0,199.0,33.0,27.527518050125945,140.0,202.0,232,166.0,-9.0,0.72
07:33:41,140.0,72.0,202.0,16.0,139.0,64.0,203.0,8.0,171.0,62.0,136.0,24.0,14.053019960137318,140.0,202.0,160,112.0,-72.0,0.7
07:33:42,140.0,66.0,200.73,22.0,139.0,91.0,203.0,11.0,170.36,60.72999999999999,157.0,33.0,13.71853782296122,140.0,200.73,190,124.0,30.0,0.65
07:33:43,139.59,75.0,159.81,27.0,121.57,79.0,205.0,18.0,149.7,20.22,154.0,45.0,11.563558275895202,139.59,159.81,199,109.0,9.0,0.55
07:33:44,148.64,22.0,158.14,28.0,141.36,67.0,304.79,42.0,153.39,9.5,89.0,70.0,10.622749173355649,148.64,158.14000000000001,159,19.0,-40.0,0.12
07:33:45,147.0,8.0,156.62,16.0,141.0,54.0,406.5,16.0,151.81,9.620000000000005,62.0,32.0,10.516537928426379,147.0,156.62,94,30.0,-65.0,0.32
07:33:46,147.0,8.0,156.0,16.0,141.0,48.0,321.5,26.0,151.5,9.0,56.0,42.0,8.491440984899631,147.0,156.0,98,14.0,4.0,0.14
07:33:47,145.6,15.0,155.11,18.0,141.62,53.0,303.56,45.0,150.36,9.51000000000002,68.0,63.0,1.4228738524674651,145.6,155.11,131,5.0,33.0,0.04
07:33:48,144.06,65.0,154.17,24.0,141.67,69.0,257.92,60.0,149.11,10.109999999999985,134.0,84.0,1.6067140380402665,144.06,154.17,218,50.0,87.0,0.23
07:33:49,144.0,48.0,151.76,17.0,141.0,48.0,190.22,27.0,147.88,7.759999999999991,96.0,44.0,1.6473524213222899,144.0,151.76,140,52.0,-78.0,0.37
07:33:50,145.19,59.0,150.57,21.0,142.67,54.0,151.75,24.0,147.88,5.3799999999999955,113.0,45.0,1.5828708096483803,145.19,150.57,158,68.0,18.0,0.43
07:33:51,146.59,51.0,149.25,24.0,145.32,53.0,151.0,16.0,147.92,2.6599999999999966,104.0,40.0,1.101408189563425,146.59,149.25,144,64.0,-14.0,0.44
07:33:52,145.31,62.0,149.79,19.0,144.25,55.0,261.09,22.0,147.55,4.47999999999999,117.0,41.0,0.6013900564839014,145.31,149.79,158,76.0,14.0,0.48
07:33:53,145.0,75.0,147.38,26.0,144.0,66.0,189.7,40.0,146.19,2.3799999999999955,141.0,66.0,0.7386677196399243,145.0,147.38,207,75.0,49.0,0.36
07:33:54,145.87,38.0,148.0,48.0,144.54,65.0,448.93,59.0,146.93,2.1299999999999955,103.0,107.0,0.7335052828972396,145.87,148.0,210,-4.0,3.0,-0.02
07:33:55,144.75,40.0,147.8,40.0,143.55,55.0,417.47,47.0,146.28,3.0500000000000114,95.0,87.0,0.7623844174944494,144.75,147.8,182,8.0,-28.0,0.04
07:33:56,144.16,49.0,146.67,46.0,142.78,59.0,339.92,53.0,145.42,2.509999999999991,108.0,99.0,0.8054377691905602,144.16,146.67,207,9.0,25.0,0.04
07:33:57,142.2,25.0,147.0,20.0,141.0,35.0,168.0,25.0,144.6,4.800000000000011,60.0,45.0,0.8956171057092522,142.2,147.0,105,15.0,-102.0,0.14
07:33:58,142.0,30.0,146.33,24.0,141.0,42.0,269.33,30.0,144.17,4.3300000000000125,72.0,54.0,1.1441809297655927,142.0,146.33,126,18.0,21.0,0.14
07:33:59,142.0,25.0,146.0,17.0,141.0,31.0,472.0,25.0,144.0,4.0,56.0,42.0,0.949673628168941,142.0,146.0,98,14.0,-28.0,0.14
07:34:00,142.0,35.0,146.0,7.0,141.0,35.0,262.71,35.0,144.0,4.0,70.0,42.0,0.6012653324779196,142.0,146.0,112,28.0,14.0,0.25
07:34:01,142.0,24.0,143.8,5.0,141.0,25.0,179.0,25.0,142.9,1.8000000000000114,49.0,30.0,0.6279171920245621,142.0,143.8,79,19.0,-33.0,0.24
07:34:02,142.58,31.0,318.8,40.0,141.47,38.0,546.62,29.0,230.69,176.22,69.0,69.0,38.876212135443865,142.58,318.8,138,0.0,59.0,0.0
07:34:04,144.0,60.0,151.35,23.0,143.0,30.0,270.86,35.0,147.67,7.349999999999994,90.0,58.0,75.60038577943912,144.0,151.35,148,32.0,55.0,0.22
07:34:05,144.2,59.0,149.5,20.0,143.1,60.0,344.8,50.0,146.85,5.300000000000011,119.0,70.0,75.12193274936435,144.2,149.5,189,49.0,41.0,0.26
07:34:06,144.02,57.0,147.6,20.0,141.4,52.0,330.34,35.0,145.81,3.579999999999984,109.0,55.0,74.61419516419124,144.02,147.6,164,54.0,-25.0,0.33
07:34:07,144.0,36.0,147.0,20.0,140.74,47.0,281.38,26.0,145.5,3.0,83.0,46.0,74.69521470616459,144.0,147.0,129,37.0,-35.0,0.29
07:34:08,144.0,30.0,145.9,39.0,140.28,50.0,261.19,57.0,144.95,1.9000000000000057,80.0,96.0,1.0929684350613578,144.0,145.9,176,-16.0,47.0,-0.09
07:34:09,144.0,16.0,145.0,16.0,141.0,24.0,146.0,40.0,144.5,1.0,40.0,56.0,0.8970340016079518,144.0,145.0,96,-16.0,-80.0,-0.17
07:34:10,141.39,31.0,143.91,22.0,140.25,24.0,245.24,37.0,142.65,2.5200000000000102,55.0,59.0,1.242525653675271,141.39,143.91,114,-4.0,18.0,-0.04
07:34:11,133.69,70.0,142.76,37.0,60.0,38.0,168.62,48.0,138.22,9.069999999999993,108.0,85.0,2.9639045193868627,133.69,142.76,193,23.0,79.0,0.12
07:34:12,140.35,68.0,150.47,34.0,139.18,107.0,232.77,39.0,145.41,10.120000000000005,175.0,73.0,2.946392709745575,140.35,150.47,248,102.0,55.0,0.41
07:34:13,141.0,14.0,216.0,21.0,140.0,77.0,303.29,21.0,178.5,75.0,91.0,42.0,16.250040923026596,141.0,216.0,133,49.0,-115.0,0.37
07:34:14,141.0,28.0,278.43,21.0,139.97,66.0,318.57,21.0,209.71,137.43,94.0,42.0,30.657792973402923,141.0,278.43,136,52.0,3.0,0.38
07:34:15,142.0,40.0,170.68,38.0,140.0,80.0,310.38,24.0,156.34,28.680000000000007,120.0,62.0,28.96180122160969,142.0,170.68,182,58.0,46.0,0.32
07:34:16,142.0,40.0,277.5,26.0,140.0,80.0,378.43,28.0,209.75,135.5,120.0,54.0,29.691090751267904,142.0,277.5,174,66.0,-8.0,0.38
07:34:17,142.0,30.0,223.67,18.0,140.0,60.0,240.5,24.0,182.83,81.66999999999999,90.0,42.0,22.705030940300944,142.0,223.67,132,48.0,-42.0,0.36
07:34:18,141.0,60.0,246.0,33.0,139.48,81.0,288.52,29.0,193.5,105.0,141.0,62.0,22.21651255260424,141.0,246.0,203,79.0,71.0,0.39
07:34:19,140.0,77.0,287.42,36.0,138.0,70.0,295.0,32.0,213.71,147.42000000000002,147.0,68.0,23.13744648832324,140.0,287.42,215,79.0,12.0,0.37
07:34:20,144.76,63.0,281.44,25.0,138.96,54.0,282.58,38.0,213.1,136.68,117.0,63.0,13.77012236692237,144.76,281.44,180,54.0,-35.0,0.3
07:34:21,147.0,120.0,265.11,28.0,143.13,69.0,272.38,34.0,206.05,118.11000000000001,189.0,62.0,13.382304360610549,147.0,265.11,251,127.0,71.0,0.51
07:34:22,147.0,110.0,202.23,30.0,144.0,66.0,203.21,28.0,174.62,55.22999999999999,176.0,58.0,16.449763828092394,147.0,202.23,234,118.0,-17.0,0.5
07:34:23,146.42,93.0,197.52,25.0,143.05,63.0,198.8,30.0,171.97,51.10000000000002,156.0,55.0,20.86588962877018,146.42,197.52,211,101.0,-23.0,0.48
07:34:24,144.0,42.0,194.08,12.0,140.0,35.0,195.08,12.0,169.04,50.08000000000001,77.0,24.0,20.89156360830905,144.0,194.08,101,53.0,-110.0,0.52
07:34:25,146.41,92.0,191.57,14.0,142.0,60.0,193.3,20.0,168.99,45.16,152.0,34.0,15.77941475467412,146.41,191.57,186,118.0,85.0,0.63
07:34:26,147.5,26.0,190.7,20.0,146.74,135.0,193.14,29.0,169.1,43.19999999999999,161.0,49.0,2.510444183811009,147.5,190.7,210,112.0,24.0,0.53
07:34:27,147.13,75.0,188.6,25.0,145.87,155.0,189.9,39.0,167.87,41.47,230.0,64.0,1.527524140572278,147.13,188.6,294,166.0,84.0,0.56
07:34:28,147.0,175.0,182.7,30.0,139.13,39.0,185.27,33.0,164.85,35.69999999999999,214.0,63.0,1.817044303266081,147.0,182.7,277,151.0,-17.0,0.55
07:34:29,147.0,30.0,181.75,12.0,140.05,41.0,182.4,15.0,164.38,34.75,71.0,27.0,2.269729058727525,147.0,181.75,98,44.0,-178.5,0.45
07:34:30,147.0,33.0,179.91,22.0,143.63,81.0,181.0,11.0,163.45,32.91,114.0,33.0,2.425479334076597,147.0,179.91,147,81.0,49.0,0.55
07:34:31,147.0,27.0,176.56,18.0,146.0,63.0,177.85,13.0,161.78,29.560000000000002,90.0,31.0,2.2354485008680705,147.0,176.56,121,59.0,-26.0,0.49
07:34:32,147.0,51.0,169.82,44.0,146.0,119.0,171.33,48.0,158.41,22.819999999999993,170.0,92.0,2.606651108229519,147.0,169.82,262,78.0,141.0,0.3
07:34:33,146.04,80.0,158.76,33.0,142.97,29.0,157.75,32.0,152.4,12.719999999999999,109.0,65.0,4.8607643431908185,146.04,158.76,174,44.0,-88.0,0.25
07:34:34,146.0,77.0,148.76,29.0,142.0,22.0,150.46,26.0,147.38,2.759999999999991,99.0,55.0,6.70156921922297,146.0,148.76,154,44.0,-20.0,0.29
07:34:35,146.0,40.0,148.38,16.0,142.0,20.0,150.27,22.0,147.19,2.3799999999999955,60.0,38.0,6.540716321630081,146.0,148.38,98,22.0,-56.0,0.22
07:34:36,142.25,32.0,145.04,23.0,141.03,62.0,146.39,28.0,143.65,2.789999999999992,94.0,51.0,5.731119436902318,142.25,145.04,145,43.0,47.0,0.3
07:34:37,141.07,30.0,143.0,16.0,140.02,196.0,150.83,12.0,142.03,1.9300000000000068,226.0,28.0,4.004978152255124,141.07,143.0,254,198.0,109.0,0.78
07:34:38,140.95,38.0,212.2,40.0,139.97,266.0,359.97,32.0,176.57,71.25,304.0,72.0,14.276434428807447,140.95,212.2,376,232.0,122.0,0.62
07:34:39,144.0,7.0,204.0,28.0,140.0,161.0,586.0,28.0,174.0,60.0,168.0,56.0,17.103052943847086,144.0,204.0,224,112.0,-152.0,0.5
07:34:40,144.18,11.0,341.45,40.0,140.04,209.0,466.6,40.0,242.82,197.26999999999998,220.0,80.0,40.83364948176967,144.18,341.45,300,140.0,76.0,0.47
07:34:41,145.44,9.0,364.1,29.0,144.0,9.0,400.45,33.0,254.77,218.66000000000003,18.0,62.0,48.47562243024859,145.44,364.1,80,-44.0,-178.5,-0.55
07:34:42,141.32,63.0,398.53,51.0,140.14,87.0,525.14,56.0,269.92,257.21,150.0,107.0,45.162205769869246,141.32,398.53,257,43.0,177.0,0.17
07:34:43,141.71,34.0,395.4,30.0,140.15,134.0,450.0,20.0,268.55,253.68999999999997,168.0,50.0,39.5985273716082,141.71,395.4,218,118.0,-39.0,0.54
07:34:44,147.0,13.0,242.38,39.0,141.0,65.0,362.94,34.0,194.69,95.38,78.0,73.0,30.823277729664024,147.0,242.38,151,5.0,-67.0,0.03
07:34:45,147.0,10.0,209.38,26.0,141.0,50.0,328.75,24.0,178.19,62.379999999999995,60.0,50.0,43.509663064657346,147.0,209.38,110,10.0,-41.0,0.09
07:34:46,147.0,14.0,228.0,42.0,141.0,70.0,581.12,41.0,187.5,81.0,84.0,83.0,45.53505956952305,147.0,228.0,167,1.0,57.0,0.01
07:34:47,142.76,17.0,220.24,25.0,140.18,139.0,291.75,32.0,181.5,77.48000000000002,156.0,57.0,37.68195098452333,142.76,220.24,213,99.0,46.0,0.46
07:34:48,142.2,30.0,227.0,39.0,140.01,166.0,313.31,32.0,184.6,84.80000000000001,196.0,71.0,6.294722392609932,142.2,227.0,267,125.0,54.0,0.47
07:34:49,141.0,18.0,226.11,27.0,140.0,29.0,262.67,18.0,183.56,85.11000000000001,47.0,45.0,3.481565739724853,141.0,226.11,92,2.0,-175.0,0.02
07:34:50,140.92,26.0,225.0,21.0,139.33,36.0,260.0,14.0,182.96,84.08000000000001,62.0,35.0,2.2434526961862757,140.92,225.0,97,27.0,5.0,0.28
07:34:51,142.38,104.0,201.4,30.0,140.91,66.0,220.1,31.0,171.89,59.02000000000001,170.0,61.0,5.161135533971821,142.38,201.4,231,109.0,134.0,0.47
07:34:52,143.69,128.0,160.32,47.0,141.0,96.0,165.33,36.0,152.0,16.629999999999995,224.0,83.0,13.85159990759293,143.69,160.32,307,141.0,76.0,0.46
07:34:53,145.14,112.0,149.79,39.0,141.0,132.0,157.71,34.0,147.47,4.650000000000006,244.0,73.0,17.01197607569535,145.14,149.79,317,171.0,10.0,0.54
07:34:54,147.0,43.0,149.6,30.0,146.0,88.0,230.34,29.0,148.3,2.5999999999999943,131.0,59.0,16.008214453836914,147.0,149.6,190,72.0,-127.0,0.38
07:34:55,147.0,9.0,150.0,21.0,146.0,56.0,381.0,14.0,148.5,3.0,65.0,35.0,10.353210613140007,147.0,150.0,100,30.0,-90.0,0.3
07:34:56,146.44,18.0,149.0,30.0,145.88,68.0,322.86,28.0,147.72,2.5600000000000023,86.0,58.0,1.8381566853879823,146.44,149.0,144,28.0,44.0,0.19
07:34:57,142.78,81.0,240.74,35.0,141.42,72.0,435.23,31.0,191.76,97.96000000000001,153.0,66.0,19.57565069161262,142.78,240.73999999999998,219,87.0,75.0,0.4
07:34:58,141.01,197.0,390.73,49.0,140.4,43.0,511.79,53.0,265.87,249.72000000000003,240.0,102.0,51.357006337986896,141.01,390.73,342,138.0,123.0,0.4
07:34:59,141.01,121.0,367.81,37.0,140.48,31.0,388.45,38.0,254.41,226.8,152.0,75.0,56.43360142680972,141.01,367.81,227,77.0,-115.0,0.34
07:35:00,141.15,61.0,225.04,56.0,140.94,143.0,233.7,57.0,183.09,83.88999999999999,204.0,113.0,50.047788662437604,141.15,225.04,317,91.0,90.0,0.29
07:35:01,141.27,105.0,194.28,71.0,140.73,129.0,195.97,62.0,167.77,53.00999999999999,234.0,133.0,44.44277669093163,141.27,194.28,367,101.0,50.0,0.28
07:35:02,141.0,66.0,194.0,50.0,140.0,50.0,287.0,26.0,167.5,53.0,116.0,76.0,48.4295005136334,141.0,194.0,192,40.0,-175.0,0.21
07:35:03,140.58,36.0,193.8,50.0,124.58,33.0,206.95,42.0,167.19,53.22,69.0,92.0,37.73908742934868,140.58,193.8,161,-23.0,-31.0,-0.14
07:35:04,147.23,78.0,192.7,50.0,142.69,16.0,194.0,50.0,169.97,45.47,94.0,100.0,6.789217922561425,147.23,192.7,194,-6.0,33.0,-0.03
07:35:05,144.0,190.0,189.64,55.0,141.0,11.0,192.0,55.0,166.82,45.639999999999986,201.0,110.0,1.2369114762303306,144.0,189.64,311,91.0,117.0,0.29
07:35:06,145.95,97.0,186.58,53.0,143.96,155.0,190.0,55.0,166.27,40.630000000000024,252.0,108.0,1.4282681821109084,145.95,186.57999999999998,360,144.0,49.0,0.4
07:35:07,147.0,62.0,185.0,50.0,144.0,144.0,186.8,50.0,166.0,38.0,206.0,100.0,1.5897955843537002,147.0,185.0,306,106.0,-54.0,0.35
07:35:08,147.0,55.0,183.36,55.0,144.19,106.0,185.0,55.0,165.18,36.360000000000014,161.0,110.0,1.8427615146922012,147.0,183.36,271,51.0,-35.0,0.19
07:35:09,147.0,50.0,182.74,47.0,146.0,20.0,184.4,50.0,164.87,35.74000000000001,70.0,97.0,0.797916035702475,147.0,182.74,167,-27.0,-104.0,-0.16
07:35:10,146.54,35.0,170.48,54.0,144.14,138.0,180.57,58.0,158.51,23.939999999999998,173.0,112.0,3.213429632033645,146.54,170.48,285,61.0,118.0,0.21
07:35:11,144.0,174.0,175.89,73.0,141.0,16.0,177.11,71.0,159.95,31.889999999999986,190.0,144.0,3.4155482722445045,144.0,175.89,334,46.0,49.0,0.14
07:35:12,144.0,126.0,166.77,61.0,141.0,14.0,167.93,57.0,155.39,22.77000000000001,140.0,118.0,4.2125408009933,144.0,166.77,258,22.0,-76.0,0.09
07:35:13,144.06,86.0,164.12,67.0,143.5,54.0,165.1,68.0,154.09,20.060000000000002,140.0,135.0,4.2361680797666725,144.06,164.12,275,5.0,17.0,0.02
07:35:14,145.75,8.0,160.21,28.0,144.0,72.0,161.6,30.0,152.98,14.460000000000008,80.0,58.0,2.9527072323606585,145.75,160.21,138,22.0,-137.0,0.16
07:35:15,147.0,12.0,157.55,55.0,144.11,105.0,158.54,50.0,152.27,10.550000000000011,117.0,105.0,3.0411971327152405,147.0,157.55,222,12.0,84.0,0.05
07:35:16,146.0,33.0,154.15,54.0,144.0,99.0,155.42,50.0,150.07,8.150000000000006,132.0,104.0,2.0006498944183506,146.0,154.15,236,28.0,14.0,0.12
07:35:17,146.76,74.0,149.24,42.0,144.62,78.0,151.67,42.0,148.0,2.480000000000018,152.0,84.0,2.4384769837004256,146.76,149.24,236,68.0,0.0,0.29
07:35:18,146.68,19.0,147.83,24.0,144.8,30.0,149.09,22.0,147.26,1.1500000000000057,49.0,46.0,2.523812592098954,146.68,147.83,95,3.0,-141.0,0.03
07:35:19,144.42,57.0,146.73,44.0,143.44,124.0,274.0,15.0,145.57,2.3100000000000023,181.0,59.0,2.596176034100512,144.42,146.73,240,122.0,145.0,0.51
07:35:20,144.0,81.0,145.11,36.0,141.62,91.0,323.86,21.0,144.56,1.1100000000000136,172.0,57.0,2.1475963307936707,144.0,145.11,229,115.0,-11.0,0.5
07:35:21,144.0,52.0,374.11,35.0,141.0,99.0,479.64,33.0,259.06,230.11,151.0,68.0,50.42481829416969,144.0,374.11,219,83.0,-10.0,0.38
07:35:22,143.6,40.0,277.33,27.0,141.67,81.0,451.03,31.0,210.47,133.73,121.0,58.0,51.67846098714653,143.6,277.33,179,63.0,-40.0,0.35
07:35:23,147.37,146.0,239.45,33.0,141.51,110.0,314.56,43.0,193.41,92.07999999999998,256.0,76.0,48.054308131529915,147.37,239.45,332,180.0,153.0,0.54
07:35:24,142.0,16.0,243.0,12.0,141.0,36.0,383.86,14.0,192.5,101.0,52.0,26.0,41.14297084557724,142.0,243.0,78,26.0,-178.5,0.33
07:35:25,142.0,36.0,155.23,35.0,141.0,73.0,236.96,28.0,148.61,13.22999999999999,109.0,63.0,39.796464038907004,142.0,155.23,172,46.0,94.0,0.27
07:35:26,144.36,56.0,216.5,36.0,141.92,39.0,253.3,43.0,180.43,72.13999999999999,95.0,79.0,23.02596751496066,144.36,216.5,174,16.0,2.0,0.09
07:35:27,141.29,14.0,255.33,18.0,140.03,62.0,309.45,22.0,198.31,114.04000000000002,76.0,40.0,20.135079339302948,141.29,255.33000000000004,116,36.0,-58.0,0.31
07:35:28,138.62,13.0,300.0,30.0,128.64,47.0,514.0,30.0,219.31,161.38,60.0,60.0,26.05570033601136,138.62,300.0,120,0.0,4.0,0.0
07:35:29,141.89,19.0,283.64,33.0,139.6,10.0,344.0,30.0,212.77,141.75,29.0,63.0,28.432099465217494,141.89,283.64,92,-34.0,-28.0,-0.37
07:35:30,142.0,18.0,233.78,27.0,140.0,9.0,248.22,27.0,187.89,91.78,27.0,54.0,16.34097059540889,142.0,233.78,81,-27.0,-11.0,-0.33
07:35:31,142.0,22.0,174.36,33.0,140.0,11.0,333.45,33.0,158.18,32.360000000000014,33.0,66.0,24.101572977712877,142.0,174.36,99,-33.0,18.0,-0.33
07:35:32,142.0,14.0,173.14,21.0,140.0,7.0,410.0,21.0,157.57,31.139999999999986,21.0,42.0,29.178051340005943,142.0,173.14,63,-21.0,-36.0,-0.33
07:35:33,130.53,86.0,170.85,72.0,109.05,98.0,214.73,56.0,150.69,40.31999999999999,184.0,128.0,26.25802924821335,130.53,170.85,312,56.0,177.5,0.18
07:35:35,114.67,24.0,165.38,40.0,101.11,72.0,294.58,43.0,140.02,50.709999999999994,96.0,83.0,14.828082478865538,114.67,165.38,179,13.0,-178.5,0.07
07:35:36,140.62,16.0,169.88,40.0,125.75,16.0,390.52,31.0,155.25,29.25999999999999,32.0,71.0,14.266033085621222,140.62,169.88,103,-39.0,-76.0,-0.38
07:35:37,141.0,24.0,169.0,45.0,140.0,18.0,398.0,39.0,155.0,28.0,42.0,84.0,13.748539195130501,141.0,169.0,126,-42.0,23.0,-0.33
07:35:38,149.0,84.0,168.67,30.0,143.5,30.0,368.0,30.0,158.83,19.669999999999987,114.0,60.0,15.048798290894828,149.0,168.67,174,54.0,48.0,0.31
07:35:39,148.3,130.0,160.02,56.0,143.31,65.0,163.23,57.0,154.16,11.719999999999999,195.0,113.0,7.284776592321583,148.3,160.02,308,82.0,134.0,0.27
07:35:40,146.08,13.0,156.0,40.0,144.39,31.0,158.0,32.0,151.04,9.919999999999987,44.0,72.0,2.78455202860993,146.08,156.0,116,-28.0,-178.5,-0.24
07:35:41,147.38,16.0,155.11,54.0,145.07,29.0,156.25,63.0,151.24,7.730000000000018,45.0,117.0,3.190576750375395,147.38,155.11,162,-72.0,46.0,-0.44
07:35:42,147.0,13.0,150.74,62.0,146.0,13.0,152.47,55.0,148.87,3.740000000000009,26.0,117.0,3.846514006218688,147.0,150.74,143,-91.0,-19.0,-0.64
07:35:43,143.63,19.0,147.81,31.0,142.38,29.0,210.89,27.0,145.72,4.180000000000007,48.0,58.0,3.1348014291239585,143.63,147.81,106,-10.0,-37.0,-0.09
07:35:44,143.0,50.0,146.9,29.0,141.0,30.0,178.0,50.0,144.95,3.9000000000000057,80.0,79.0,2.9297832684412617,143.0,146.9,159,1.0,53.0,0.01
07:35:45,143.48,50.0,146.75,60.0,142.09,46.0,226.09,46.0,145.12,3.2700000000000102,96.0,106.0,2.7698285145544324,143.48,146.75,202,-10.0,43.0,-0.05
07:35:46,143.0,35.0,145.0,35.0,140.2,15.0,391.59,29.0,144.0,2.0,50.0,64.0,1.8596424387605632,143.0,145.0,114,-14.0,-88.0,-0.12
07:35:47,142.44,43.0,144.09,55.0,139.74,19.0,260.0,55.0,143.27,1.6500000000000057,62.0,110.0,0.9715297216450439,142.44,144.09,172,-48.0,58.0,-0.28
07:35:48,140.0,18.0,153.73,33.0,139.0,14.0,240.69,39.0,146.86,13.72999999999999,32.0,72.0,1.3547508996268014,140.0,153.73,104,-40.0,-68.0,-0.38
07:35:49,140.0,10.0,368.7,10.0,139.0,5.0,492.7,10.0,254.35,228.7,15.0,20.0,49.00535021811426,140.0,368.7,35,-5.0,-69.0,-0.14
07:35:50,113.04,46.0,200.71,14.0,53.06,35.0,229.79,19.0,156.88,87.67,81.0,33.0,47.98099488339139,113.04,200.71,114,48.0,79.0,0.42
07:36:04,132.6,125.0,138.0,12.0,131.81,99.0,139.28,29.0,135.3,5.400000000000006,224.0,41.0,4.2891864030425495,132.6,138.0,265,183.0,62.0,0.69
07:36:05,136.91,46.0,138.0,16.0,135.27,44.0,139.0,8.0,137.46,1.0900000000000034,90.0,24.0,4.241801504083414,136.91,138.0,114,66.0,-151.0,0.58
07:36:06,136.93,109.0,138.47,19.0,117.07,60.0,139.93,29.0,137.7,1.539999999999992,169.0,48.0,3.567363171874103,136.93,138.47,217,121.0,103.0,0.56
07:36:07,137.54,26.0,139.7,10.0,125.75,60.0,202.84,44.0,138.62,2.1599999999999966,86.0,54.0,2.4987957099457137,137.54,139.7,140,32.0,-77.0,0.23
07:36:08,138.77,57.0,140.0,8.0,105.92,24.0,265.04,26.0,139.39,1.2299999999999898,81.0,34.0,1.5427183800171125,138.77,140.0,115,47.0,-25.0,0.41
07:36:09,139.0,76.0,281.48,25.0,98.66,61.0,377.56,27.0,210.24,142.48000000000002,137.0,52.0,32.18505118840171,139.0,281.48,189,85.0,74.0,0.45
07:36:10,139.0,80.0,287.9,29.0,100.6,75.0,412.08,26.0,213.45,148.89999999999998,155.0,55.0,40.15487081289184,139.0,287.9,210,100.0,21.0,0.48
07:36:11,139.67,30.0,267.0,6.0,98.5,20.0,555.0,9.0,203.33,127.33000000000001,50.0,15.0,38.51644233311313,139.67,267.0,65,35.0,-145.0,0.54
07:36:12,146.07,54.0,431.11,19.0,119.0,88.0,562.85,26.0,288.59,285.04,142.0,45.0,52.94716517435113,146.07,431.11,187,97.0,122.0,0.52
07:36:13,146.0,20.0,232.0,4.0,91.78,18.0,555.0,6.0,189.0,86.0,38.0,10.0,38.978797698236114,146.0,232.0,48,28.0,-139.0,0.58
07:36:14,146.0,70.0,219.38,16.0,134.97,62.0,240.58,19.0,182.69,73.38,132.0,35.0,42.64143196469859,146.0,219.38,167,97.0,119.0,0.58
07:36:15,147.0,69.0,200.0,27.0,146.0,90.0,231.0,33.0,173.5,53.0,159.0,60.0,46.654937252128214,147.0,200.0,219,99.0,52.0,0.45
07:36:16,147.8,50.0,199.14,21.0,146.0,100.0,206.38,34.0,173.47,51.339999999999975,150.0,55.0,49.153846746719864,147.8,199.14,205,95.0,-14.0,0.46
07:36:17,148.0,55.0,197.45,22.0,145.83,109.0,254.0,22.0,172.73,49.44999999999999,164.0,44.0,7.265560542726914,148.0,197.45,208,120.0,3.0,0.58
07:36:18,148.0,33.0,177.14,28.0,144.0,81.0,208.92,26.0,162.57,29.139999999999986,114.0,54.0,7.127841187907575,148.0,177.14000000000001,168,60.0,-40.0,0.36
07:36:19,148.0,75.0,269.1,29.0,146.0,100.0,336.89,36.0,208.55,121.10000000000002,175.0,65.0,17.60537361148665,148.0,269.1,240,110.0,72.0,0.46
07:36:20,148.0,45.0,297.35,26.0,146.0,150.0,301.2,65.0,222.67,149.35000000000002,195.0,91.0,26.054222690382222,148.0,297.35,286,104.0,46.0,0.36
07:36:21,147.15,52.0,211.26,38.0,145.7,122.0,284.94,18.0,179.21,64.10999999999999,174.0,56.0,25.371572280803324,147.15,211.26,230,118.0,-56.0,0.51
07:36:22,146.0,121.0,236.67,36.0,144.0,99.0,274.4,15.0,191.33,90.66999999999999,220.0,51.0,23.669386979810575,146.0,236.66999999999996,271,169.0,41.0,0.62
07:36:23,146.0,64.0,213.57,35.0,144.0,72.0,236.94,17.0,179.79,67.57,136.0,52.0,18.939297769453482,146.0,213.57,188,84.0,-83.0,0.45
07:36:24,146.0,18.0,211.44,25.0,144.0,81.0,212.41,32.0,178.72,65.44,99.0,57.0,18.8176295000201,146.0,211.44,156,42.0,-32.0,0.27
07:36:25,146.42,24.0,209.02,56.0,144.27,73.0,210.31,16.0,177.72,62.60000000000002,97.0,72.0,5.628217302132962,146.42,209.02,169,25.0,13.0,0.15
07:36:26,145.22,59.0,208.68,37.0,143.22,54.0,209.08,65.0,176.95,63.46000000000001,113.0,102.0,5.926303232203779,145.22,208.68,215,11.0,46.0,0.05
07:36:27,144.0,30.0,208.0,10.0,141.0,60.0,209.0,50.0,176.0,64.0,90.0,60.0,1.4806181141771073,144.0,208.0,150,30.0,-65.0,0.2
07:36:28,146.7,20.0,207.33,18.0,144.0,32.0,208.97,66.0,177.02,60.630000000000024,52.0,84.0,1.0102078994095591,146.7,207.33,136,-32.0,-14.0,-0.24
07:36:29,147.0,12.0,203.04,28.0,144.92,24.0,204.59,44.0,175.02,56.03999999999999,36.0,72.0,1.0479599229119292,147.0,203.04,108,-36.0,-28.0,-0.33
07:36:30,147.0,9.0,197.8,25.0,143.57,21.0,198.14,29.0,172.4,50.80000000000001,30.0,54.0,1.9040010504276743,147.0,197.8,84,-24.0,-24.0,-0.29
07:36:31,147.93,83.0,195.85,13.0,145.59,49.0,198.0,65.0,171.89,47.91999999999999,132.0,78.0,2.2409328414813787,147.93,195.84999999999997,210,54.0,126.0,0.26
07:36:32,148.0,121.0,193.29,31.0,147.0,11.0,195.86,35.0,170.65,45.28999999999999,132.0,66.0,2.577368813350137,148.0,193.29,198,66.0,-12.0,0.33
07:36:33,148.0,77.0,190.86,7.0,147.0,7.0,192.0,35.0,169.43,42.860000000000014,84.0,42.0,2.10032616515389,148.0,190.85999999999999,126,42.0,-72.0,0.33
07:36:34,148.0,143.0,188.31,29.0,147.0,13.0,191.76,49.0,168.16,40.31,156.0,78.0,1.745345238063288,148.0,188.31,234,78.0,108.0,0.33
07:36:35,148.0,75.0,186.52,29.0,147.0,9.0,187.28,25.0,167.26,38.52000000000001,84.0,54.0,1.8607982158284562,148.0,186.52,138,30.0,-96.0,0.22
07:36:36,148.0,88.0,177.09,11.0,147.0,11.0,184.79,39.0,162.55,29.090000000000003,99.0,50.0,3.1057446772120003,148.0,177.09,149,49.0,11.0,0.33
07:36:37,148.0,96.0,177.42,24.0,147.0,12.0,184.0,20.0,162.71,29.419999999999987,108.0,44.0,3.191483980851372,148.0,177.42,152,64.0,3.0,0.42
07:36:38,148.0,72.0,181.45,33.0,147.0,9.0,361.71,17.0,164.73,33.44999999999999,81.0,50.0,2.568028426639996,148.0,181.45,131,31.0,-21.0,0.24
07:36:39,148.0,64.0,180.62,24.0,147.0,8.0,248.86,14.0,164.31,32.620000000000005,72.0,38.0,1.906336801310635,148.0,180.62,110,34.0,-21.0,0.31
07:36:40,147.4,106.0,177.36,53.0,145.44,27.0,178.71,51.0,162.38,29.960000000000008,133.0,104.0,1.0972146554031836,147.4,177.35999999999999,237,29.0,127.0,0.12
07:36:41,146.27,177.0,171.93,46.0,145.11,141.0,173.66,50.0,159.1,25.659999999999997,318.0,96.0,2.2226628174403125,146.27,171.93,414,222.0,177.0,0.54
07:36:42,147.0,88.0,169.28,29.0,146.0,143.0,170.53,30.0,158.14,22.28,231.0,59.0,2.9951577587886637,147.0,169.28,290,172.0,-124.0,0.59
07:36:43,146.05,233.0,166.14,58.0,144.58,78.0,167.27,52.0,156.09,20.089999999999975,311.0,110.0,3.309007404046157,146.05,166.14,421,201.0,131.0,0.48
07:36:44,147.0,21.0,162.88,17.0,146.0,91.0,163.63,19.0,154.94,15.879999999999995,112.0,36.0,2.8870919625174123,147.0,162.88,148,76.0,-178.5,0.51
07:36:45,147.0,49.0,159.81,54.0,146.0,273.0,162.0,57.0,153.41,12.810000000000002,322.0,111.0,2.316512464899132,147.0,159.81,433,211.0,177.5,0.49
07:36:46,147.0,11.0,149.56,43.0,146.0,143.0,150.89,27.0,148.28,2.5600000000000023,154.0,70.0,3.718530623785908,147.0,149.56,224,84.0,-178.5,0.38
07:36:47,146.03,102.0,151.35,23.0,145.62,48.0,152.2,56.0,148.69,5.319999999999993,150.0,79.0,3.597105781045952,146.03,151.35,229,71.0,5.0,0.31
07:36:48,146.0,120.0,202.25,12.0,144.0,12.0,240.75,24.0,174.12,56.25,132.0,36.0,10.59643666522068,146.0,202.25,168,96.0,-61.0,0.57
07:36:49,146.0,106.0,150.69,13.0,144.0,13.0,180.18,33.0,148.35,4.689999999999998,119.0,46.0,11.13973742958215,146.0,150.69,165,73.0,-3.0,0.44
07:36:50,146.0,107.0,149.15,13.0,144.0,13.0,219.0,13.0,147.58,3.1500000000000057,120.0,26.0,11.587619686546232,146.0,149.15,146,94.0,-19.0,0.64
07:36:51,146.0,189.0,148.0,13.0,144.0,13.0,327.97,29.0,147.0,2.0,202.0,42.0,11.742230197029603,146.0,148.0,244,160.0,98.0,0.66
07:36:52,146.0,123.0,195.0,30.0,144.0,10.0,341.61,18.0,170.5,49.0,133.0,48.0,13.579421931733055,146.0,195.0,181,85.0,-63.0,0.47
07:36:53,146.0,71.0,235.35,23.0,144.0,11.0,566.9,31.0,190.67,89.35,82.0,54.0,19.406930463111152,146.0,235.35,136,28.0,-45.0,0.21
07:36:54,146.95,84.0,291.0,9.0,145.94,33.0,533.08,13.0,218.98,144.05,117.0,22.0,30.560927341951313,146.95,291.0,139,95.0,3.0,0.68
07:36:55,147.66,59.0,317.5,6.0,146.0,24.0,558.0,10.0,232.58,169.84,83.0,16.0,34.8699767708558,147.66,317.5,99,67.0,-40.0,0.68
07:36:56,148.0,45.0,198.2,25.0,146.82,44.0,450.0,5.0,173.1,50.19999999999999,89.0,30.0,27.669694252015535,148.0,198.2,119,59.0,20.0,0.5
07:36:57,148.0,48.0,300.44,34.0,147.0,90.0,598.39,31.0,224.22,152.44,138.0,65.0,25.03059927368936,148.0,300.44,203,73.0,84.0,0.36
07:36:58,148.0,76.0,286.39,36.0,147.0,194.0,590.31,80.0,217.19,138.39,270.0,116.0,23.20755437352279,148.0,286.39,386,154.0,177.5,0.4
07:37:00,148.0,10.0,281.89,9.0,147.0,60.0,551.26,19.0,214.94,133.89,70.0,28.0,48.33517642462902,148.0,281.89,98,42.0,-69.0,0.43
07:37:01,148.0,13.0,317.46,46.0,147.0,120.0,470.77,13.0,232.73,169.45999999999998,133.0,59.0,37.94249556895289,148.0,317.46,192,74.0,94.0,0.39
07:37:02,147.1,86.0,257.34,41.0,146.44,75.0,354.85,46.0,202.22,110.23999999999998,161.0,87.0,41.21267972359976,147.1,257.34,248,74.0,56.0,0.3
07:37:03,147.0,99.0,231.0,36.0,146.0,54.0,397.3,33.0,189.0,84.0,153.0,69.0,45.84907392739805,147.0,231.0,222,84.0,-26.0,0.38
07:37:04,147.0,82.0,258.0,36.0,146.0,66.0,316.75,32.0,202.5,111.0,148.0,68.0,16.462142023443217,147.0,258.0,216,80.0,-6.0,0.37
07:37:05,147.0,28.0,336.24,33.0,146.0,40.0,408.45,31.0,241.62,189.24,68.0,64.0,22.410659963508753,147.0,336.24,132,4.0,-84.0,0.03
07:37:06,147.0,12.0,288.0,30.0,146.0,34.0,521.0,24.0,217.5,141.0,46.0,54.0,20.07635225831662,147.0,288.0,100,-8.0,-32.0,-0.08
07:37:07,147.0,12.0,268.0,10.0,146.0,54.0,409.52,23.0,207.5,121.0,66.0,33.0,19.66206703274136,147.0,268.0,99,33.0,-1.0,0.33
07:37:08,147.8,30.0,272.36,11.0,146.37,43.0,451.12,32.0,210.08,124.56,73.0,43.0,15.395233028441424,147.8,272.36,116,30.0,17.0,0.26
07:37:09,147.0,26.0,283.54,13.0,146.0,117.0,367.0,60.0,215.27,136.54000000000002,143.0,73.0,13.581306270017379,147.0,283.54,216,70.0,100.0,0.32
07:37:10,146.12,64.0,282.47,19.0,145.67,43.0,341.4,47.0,214.3,136.35000000000002,107.0,66.0,4.0572404414841206,146.12,282.47,173,41.0,-43.0,0.24
07:37:11,146.71,56.0,280.5,30.0,145.94,66.0,280.47,30.0,213.61,133.79,122.0,60.0,3.2556059343867756,146.71,280.5,182,62.0,9.0,0.34
07:37:12,147.0,75.0,188.05,38.0,146.0,120.0,229.53,53.0,167.53,41.05000000000001,195.0,91.0,20.569136345505996,147.0,188.05,286,104.0,104.0,0.36
07:37:13,147.0,65.0,162.72,25.0,146.0,104.0,164.89,53.0,154.86,15.719999999999999,169.0,78.0,29.48614301667849,147.0,162.72,247,91.0,-39.0,0.37
07:37:14,147.0,70.0,159.28,54.0,146.0,96.0,159.0,30.0,153.14,12.280000000000001,166.0,84.0,30.873676004000888,147.0,159.28,250,82.0,3.0,0.33
07:37:15,146.75,53.0,153.0,26.0,145.88,68.0,154.88,34.0,149.88,6.25,121.0,60.0,26.467501393218484,146.75,153.0,181,61.0,-69.0,0.34
07:37:16,146.0,45.0,150.85,27.0,144.0,9.0,151.85,26.0,148.43,4.849999999999994,54.0,53.0,7.576118399287588,146.0,150.85,107,1.0,-74.0,0.01
07:37:17,147.0,61.0,148.09,34.0,146.0,70.0,149.78,23.0,147.54,1.0900000000000034,131.0,57.0,3.1243239268719414,147.0,148.09,188,74.0,81.0,0.39
07:37:18,146.29,21.0,147.64,11.0,145.82,33.0,149.75,16.0,146.96,1.3499999999999943,54.0,27.0,2.4673670176981672,146.29,147.64,81,27.0,-107.0,0.33
07:37:19,146.0,37.0,147.23,13.0,144.0,11.0,356.26,23.0,146.62,1.2299999999999898,48.0,36.0,1.3088086185630963,146.0,147.23,84,12.0,3.0,0.14
07:37:20,142.07,29.0,145.83,12.0,140.8,56.0,148.0,12.0,143.95,3.7600000000000193,85.0,24.0,1.6833745869607568,142.07,145.83,109,61.0,25.0,0.56
07:37:21,142.52,31.0,147.12,17.0,140.81,72.0,224.85,73.0,144.82,4.599999999999994,103.0,90.0,1.5223403036198677,142.52,147.12,193,13.0,84.0,0.07
07:37:22,143.94,31.0,251.59,37.0,142.67,21.0,454.46,65.0,197.77,107.65,52.0,102.0,23.370017757802916,143.94,251.59,154,-50.0,-39.0,-0.32
07:37:23,145.23,26.0,394.85,47.0,141.55,22.0,478.58,31.0,270.04,249.62000000000003,48.0,78.0,54.93720460671456,145.23,394.85,126,-30.0,-28.0,-0.24
07:37:24,147.0,14.0,235.0,16.0,141.0,14.0,578.93,27.0,191.0,88.0,28.0,43.0,51.54715831158898,147.0,235.0,71,-15.0,-55.0,-0.21
07:37:25,147.29,7.0,178.0,20.0,146.14,28.0,320.71,21.0,162.64,30.710000000000008,35.0,41.0,47.970391701548735,147.29,178.0,76,-6.0,5.0,-0.08
07:37:26,148.0,11.0,253.51,49.0,147.0,44.0,349.85,47.0,200.76,105.50999999999999,55.0,96.0,39.65244279990847,148.0,253.51,151,-41.0,75.0,-0.27
07:37:27,147.29,7.0,282.0,35.0,146.29,28.0,359.0,7.0,214.64,134.71,35.0,42.0,39.660525462984126,147.29,282.0,77,-7.0,-74.0,-0.09
07:37:28,147.0,7.0,248.17,29.0,146.0,28.0,252.55,31.0,197.59,101.16999999999999,35.0,60.0,19.201390053848037,147.0,248.17,95,-25.0,18.0,-0.26
07:37:29,147.0,7.0,174.25,32.0,146.0,34.0,221.06,31.0,160.62,27.25,41.0,63.0,24.261372591014204,147.0,174.25,104,-22.0,9.0,-0.21
07:37:30,147.0,9.0,162.56,36.0,146.0,90.0,242.19,42.0,154.78,15.560000000000002,99.0,78.0,26.413773301064268,147.0,162.56,177,21.0,73.0,0.12
07:37:31,147.0,11.0,161.73,44.0,146.0,44.0,281.45,44.0,154.36,14.72999999999999,55.0,88.0,27.89940895431331,147.0,161.73,143,-33.0,-34.0,-0.23
07:37:32,147.0,6.0,161.0,24.0,146.0,24.0,237.76,25.0,154.0,14.0,30.0,49.0,18.82342954936799,147.0,161.0,79,-19.0,-64.0,-0.24
07:37:33,146.55,44.0,159.94,72.0,144.16,89.0,246.22,90.0,153.24,13.389999999999986,133.0,162.0,2.9723727895439795,146.55,159.94,295,-29.0,177.5,-0.1
07:37:34,146.0,33.0,157.91,44.0,142.0,76.0,273.64,55.0,151.95,11.909999999999997,109.0,99.0,1.1135887930568145,146.0,157.91,208,10.0,-87.0,0.05
07:37:35,146.0,30.0,157.0,40.0,142.0,60.0,184.0,50.0,151.5,11.0,90.0,90.0,1.2509196616976734,146.0,157.0,180,0.0,-28.0,0.0
07:37:36,146.0,24.0,156.62,32.0,142.91,33.0,184.0,40.0,151.31,10.620000000000005,57.0,72.0,1.1689952951239344,146.0,156.62,129,-15.0,-51.0,-0.12
07:37:37,146.0,30.0,155.39,31.0,144.0,30.0,217.41,37.0,150.69,9.389999999999986,60.0,68.0,0.9538186410539491,146.0,155.39,128,-8.0,-1.0,-0.06
07:37:38,146.09,43.0,151.21,39.0,144.27,45.0,153.56,36.0,148.65,5.1200000000000045,88.0,75.0,1.2947200469684983,146.09,151.21,163,13.0,35.0,0.08
07:37:39,147.0,24.0,149.44,39.0,146.0,36.0,150.07,27.0,148.22,2.4399999999999977,60.0,66.0,1.5334373153220957,147.0,149.44,126,-6.0,-37.0,-0.05
07:37:40,145.61,28.0,147.66,29.0,144.27,45.0,175.57,49.0,146.63,2.049999999999983,73.0,78.0,1.9032866310733176,145.61,147.66000000000003,151,-5.0,25.0,-0.03
07:37:41,143.44,48.0,145.93,27.0,141.47,177.0,148.89,35.0,144.68,2.490000000000009,225.0,62.0,2.2555996985331137,143.44,145.93,287,163.0,136.0,0.57
07:37:42,141.04,150.0,143.44,18.0,140.24,185.0,231.79,19.0,142.24,2.4000000000000057,335.0,37.0,2.654831444748049,141.04,143.44,372,298.0,85.0,0.8
07:37:43,141.0,130.0,142.0,20.0,140.0,140.0,144.0,10.0,141.5,1.0,270.0,30.0,2.8459058311938774,141.0,142.0,300,240.0,-72.0,0.8
07:37:44,141.0,109.0,187.9,20.0,140.0,126.0,431.78,27.0,164.45,46.900000000000006,235.0,47.0,9.472056270948906,141.0,187.9,282,188.0,-18.0,0.67
07:37:45,141.42,66.0,318.75,24.0,140.47,88.0,488.15,34.0,230.09,177.33,154.0,58.0,37.813186456579125,141.42,318.75,212,96.0,-70.0,0.45
07:37:47,148.0,36.0,197.44,45.0,147.0,12.0,268.52,44.0,172.72,49.44,48.0,89.0,62.565270478117576,148.0,197.44,137,-41.0,-55.0,-0.3
07:37:48,148.0,36.0,182.42,48.0,147.0,12.0,288.77,40.0,165.21,34.41999999999999,48.0,88.0,57.625231019059775,148.0,182.42,136,-40.0,-1.0,-0.29
07:37:49,148.0,11.0,181.22,36.0,147.0,9.0,328.85,39.0,164.61,33.22,20.0,75.0,57.59655866455919,148.0,181.22,95,-55.0,-41.0,-0.58
07:37:50,148.0,6.0,180.0,24.0,147.0,6.0,298.04,28.0,164.0,32.0,12.0,52.0,58.22083845153736,148.0,180.0,64,-40.0,-31.0,-0.62
07:37:51,148.0,12.0,179.25,48.0,147.0,12.0,317.12,52.0,163.62,31.25,24.0,100.0,3.787277386199442,148.0,179.25,124,-76.0,60.0,-0.61
07:37:52,147.0,12.0,179.0,48.0,144.6,30.0,222.1,31.0,163.0,32.0,42.0,79.0,0.857595475744927,147.0,179.0,121,-37.0,-3.0,-0.31
07:37:53,146.0,4.0,178.0,16.0,144.0,16.0,229.0,8.0,162.0,32.0,20.0,24.0,0.9977374404212332,146.0,178.0,44,-4.0,-77.0,-0.09
07:37:54,146.0,10.0,176.8,25.0,144.0,40.0,291.44,39.0,161.4,30.80000000000001,50.0,64.0,1.0899908256579098,146.0,176.8,114,-14.0,70.0,-0.12
07:37:55,144.0,30.0,174.0,19.0,143.0,50.0,174.76,25.0,159.0,30.0,80.0,44.0,1.788317645167817,144.0,174.0,124,36.0,10.0,0.29
07:37:56,144.0,42.0,171.57,14.0,143.0,70.0,173.0,14.0,157.79,27.569999999999993,112.0,28.0,2.168460283246792,144.0,171.57,140,84.0,16.0,0.6
07:37:57,144.0,30.0,169.95,19.0,143.0,50.0,171.38,16.0,156.97,25.94999999999999,80.0,35.0,2.2029457551240164,144.0,169.95,115,45.0,-25.0,0.39
07:37:58,144.0,53.0,166.14,51.0,143.0,90.0,167.15,60.0,155.07,22.139999999999986,143.0,111.0,2.3579291762093035,144.0,166.14,254,32.0,139.0,0.13
07:37:59,144.0,26.0,160.12,43.0,143.0,65.0,162.27,37.0,152.06,16.120000000000005,91.0,80.0,2.7099391137107336,144.0,160.12,171,11.0,-83.0,0.06
07:38:00,143.0,42.0,156.68,38.0,141.0,56.0,157.14,56.0,149.84,13.680000000000007,98.0,94.0,3.346659528547771,143.0,156.68,192,4.0,21.0,0.02
07:38:01,145.11,76.0,152.32,19.0,141.4,60.0,153.54,46.0,148.71,7.2099999999999795,136.0,65.0,3.471836689710484,145.11,152.32,201,71.0,9.0,0.35
07:38:02,147.0,110.0,148.07,56.0,143.0,42.0,162.05,43.0,147.54,1.0699999999999932,152.0,99.0,2.9839621311303777,147.0,148.07,251,53.0,50.0,0.21
07:38:03,141.79,91.0,235.29,42.0,125.29,28.0,514.62,47.0,188.54,93.5,119.0,89.0,17.52202385570854,141.79,235.29000000000002,208,30.0,-43.0,0.14
07:38:06,144.1,10.0,274.81,31.0,141.22,74.0,353.43,35.0,209.45,130.71,84.0,66.0,89.78812131902531,144.1,274.81,150,18.0,-25.0,0.12
07:38:07,141.18,103.0,196.28,64.0,140.67,66.0,205.91,47.0,168.73,55.099999999999994,169.0,111.0,84.46800713879787,141.18,196.28,280,58.0,130.0,0.21
07:38:08,141.0,99.0,184.91,46.0,140.0,22.0,190.73,55.0,162.96,43.91,121.0,101.0,89.5715276748142,141.0,184.91000000000003,222,20.0,-58.0,0.09
07:38:09,141.0,55.0,149.75,40.0,140.0,43.0,182.63,49.0,145.38,8.75,98.0,89.0,89.82128828958096,141.0,149.75,187,9.0,-35.0,0.05
07:38:10,142.46,41.0,147.23,53.0,140.92,65.0,148.08,65.0,144.84,4.769999999999982,106.0,118.0,26.34936944217106,142.46,147.23,224,-12.0,37.0,-0.05
07:38:11,141.36,67.0,144.49,65.0,140.21,97.0,145.58,55.0,142.93,3.1299999999999955,164.0,120.0,11.965411401202221,141.36,144.49,284,44.0,60.0,0.15
07:38:12,141.0,49.0,142.38,52.0,140.0,84.0,144.0,42.0,141.69,1.3799999999999955,133.0,94.0,8.735052947751441,141.0,142.38,227,39.0,-57.0,0.17
07:38:13,140.0,24.0,142.28,18.0,100.86,150.0,155.56,32.0,141.14,2.280000000000001,174.0,50.0,1.873400651228057,140.0,142.28,224,124.0,-3.0,0.55
07:38:14,140.0,16.0,143.62,24.0,104.7,70.0,308.38,8.0,141.81,3.6200000000000045,86.0,32.0,1.4697516797138919,140.0,143.62,118,54.0,-106.0,0.46
07:38:15,140.93,29.0,142.9,30.0,129.77,39.0,296.0,10.0,141.92,1.9699999999999989,68.0,40.0,0.6502076591535072,140.93,142.9,108,28.0,-10.0,0.26
07:38:16,134.8,50.0,172.8,30.0,126.19,144.0,325.5,40.0,153.8,38.0,194.0,70.0,5.446381367478927,134.8,172.8,264,124.0,156.0,0.47
07:38:17,124.72,39.0,165.0,18.0,121.29,147.0,242.0,9.0,144.86,40.28,186.0,27.0,5.281797042676056,124.72,165.0,213,159.0,-51.0,0.75
07:38:18,144.45,80.0,232.0,22.0,134.56,192.0,435.35,26.0,188.22,87.55000000000001,272.0,48.0,19.67889783499116,144.45,232.0,320,224.0,107.0,0.7
07:38:19,147.0,16.0,344.57,14.0,144.0,71.0,466.4,20.0,245.79,197.57,87.0,34.0,43.698126046777055,147.0,344.57,121,53.0,-178.5,0.44
07:38:20,142.58,19.0,286.66,41.0,123.19,16.0,471.8,20.0,214.62,144.08,35.0,61.0,42.03697087088949,142.58,286.66,96,-26.0,-25.0,-0.27
07:38:26,131.45,62.0,298.1,10.0,138.44,81.0,431.71,31.0,214.78,166.65000000000003,143.0,41.0,54.34563294322766,131.45,298.1,184,102.0,98.0,0.55
07:38:27,143.09,22.0,223.5,8.0,140.15,81.0,387.25,32.0,183.3,80.41,103.0,40.0,60.61401257135208,143.09,223.5,143,63.0,-41.0,0.44
07:38:28,144.0,20.0,173.22,9.0,142.0,10.0,362.0,8.0,158.61,29.22,30.0,17.0,51.39056061184799,144.0,173.22,47,13.0,-96.0,0.28
07:38:29,144.0,32.0,151.13,30.0,142.0,16.0,211.46,13.0,147.57,7.1299999999999955,48.0,43.0,38.43964190780161,144.0,151.13,91,5.0,44.0,0.05
07:38:30,144.0,20.0,150.17,24.0,142.0,10.0,161.33,18.0,147.08,6.1699999999999875,30.0,42.0,28.896118597486673,144.0,150.17,72,-12.0,-19.0,-0.17
07:38:31,144.0,18.0,149.33,30.0,142.0,12.0,372.44,9.0,146.67,5.3300000000000125,30.0,39.0,15.713813350043974,144.0,149.33,69,-9.0,-3.0,-0.13
07:38:32,145.25,24.0,148.8,56.0,142.83,24.0,535.4,40.0,147.03,3.5500000000000114,48.0,96.0,5.162966201712232,145.25,148.8,144,-48.0,75.0,-0.33
07:38:33,147.0,10.0,148.0,7.0,144.0,14.0,387.64,22.0,147.5,1.0,24.0,29.0,0.36966200781732356,147.0,148.0,53,-5.0,-91.0,-0.09
07:38:34,145.57,7.0,148.0,6.0,141.48,27.0,217.0,18.0,146.79,2.430000000000007,34.0,24.0,0.31989060633846056,145.57,148.0,58,10.0,5.0,0.17
07:38:35,142.29,14.0,148.0,7.0,140.09,89.0,235.0,9.0,145.14,5.710000000000008,103.0,16.0,0.8893986732752149,142.29,148.0,119,87.0,61.0,0.73
07:38:36,142.0,18.0,147.67,9.0,140.0,153.0,188.29,21.0,144.83,5.6699999999999875,171.0,30.0,1.1948514552126617,142.0,147.67,201,141.0,82.0,0.7
07:38:37,141.62,16.0,147.0,8.0,140.0,136.0,304.55,22.0,144.31,5.3799999999999955,152.0,30.0,1.3628756363014183,141.62,147.0,182,122.0,-19.0,0.67
07:38:38,141.0,16.0,216.3,10.0,140.0,136.0,382.88,24.0,178.65,75.30000000000001,152.0,34.0,14.957903596427599,141.0,216.3,186,118.0,4.0,0.63
07:38:39,144.75,32.0,353.68,47.0,140.09,112.0,373.76,45.0,249.22,208.93,144.0,92.0,45.366923523642356,144.75,353.68,236,52.0,50.0,0.22
07:38:40,146.89,54.0,287.07,70.0,143.95,40.0,323.71,42.0,216.98,140.18,94.0,112.0,45.935803791813726,146.89,287.07,206,-18.0,-30.0,-0.09
07:38:41,146.0,36.0,282.42,60.0,144.0,36.0,289.25,56.0,214.21,136.42000000000002,72.0,116.0,40.21125501647522,146.0,282.42,188,-44.0,-18.0,-0.23
07:38:42,144.0,21.0,276.65,68.0,141.0,184.0,279.36,70.0,210.32,132.64999999999998,205.0,138.0,25.062227155622036,144.0,276.65,343,67.0,155.0,0.2
07:38:43,144.9,10.0,237.12,40.0,141.05,57.0,238.08,38.0,191.01,92.22,67.0,78.0,20.999344513579413,144.9,237.11999999999998,145,-11.0,-178.5,-0.08
07:38:44,147.0,26.0,236.0,50.0,144.0,10.0,237.6,50.0,191.5,89.0,36.0,100.0,12.593896537609066,147.0,236.0,136,-64.0,-9.0,-0.47
07:38:45,145.0,30.0,225.75,44.0,142.5,16.0,241.21,48.0,185.38,80.75,46.0,92.0,12.881670310949744,145.0,225.75,138,-46.0,2.0,-0.33
07:38:46,141.47,57.0,226.28,40.0,140.73,123.0,233.17,54.0,183.87,84.81,180.0,94.0,10.558273059549379,141.47,226.28000000000003,274,86.0,136.0,0.31
07:38:47,141.16,57.0,232.0,27.0,140.43,63.0,233.0,45.0,186.58,90.84,120.0,72.0,3.416748454306795,141.16,232.0,192,48.0,-82.0,0.25
07:38:48,144.0,13.0,230.15,65.0,141.0,117.0,232.0,39.0,187.08,86.15,130.0,104.0,2.862886655110219,144.0,230.15,234,26.0,42.0,0.11
07:38:49,141.9,20.0,227.81,26.0,140.82,66.0,228.92,38.0,184.85,85.91,86.0,64.0,1.2983720576201119,141.9,227.81,150,22.0,-84.0,0.15
07:38:50,141.0,55.0,176.52,29.0,140.0,54.0,208.27,33.0,158.76,35.52000000000001,109.0,62.0,12.070624258919288,141.0,176.52,171,47.0,21.0,0.27
07:38:51,145.24,34.0,158.0,18.0,140.62,32.0,236.0,28.0,151.62,12.759999999999991,66.0,46.0,17.175133769494003,145.24,158.0,112,20.0,-59.0,0.18
07:38:52,147.0,84.0,157.06,34.0,143.0,60.0,195.09,32.0,152.03,10.060000000000002,144.0,66.0,17.679682406650187,147.0,157.06,210,78.0,98.0,0.37
07:38:53,147.0,72.0,151.76,21.0,144.0,48.0,153.5,18.0,149.38,4.759999999999991,120.0,39.0,14.69125488173216,147.0,151.76,159,81.0,-51.0,0.51
07:38:54,147.0,20.0,150.21,28.0,144.21,58.0,151.38,21.0,148.61,3.210000000000008,78.0,49.0,4.005227833722041,147.0,150.21,127,29.0,-32.0,0.23
07:38:55,145.5,30.0,147.5,20.0,143.41,41.0,150.38,26.0,146.5,2.0,71.0,46.0,2.270455901360506,145.5,147.5,117,25.0,-10.0,0.21
07:38:56,144.0,32.0,146.0,16.0,141.0,40.0,388.2,15.0,145.0,2.0,72.0,31.0,2.7067194165674513,144.0,146.0,103,41.0,-14.0,0.4
07:38:57,144.0,36.0,146.0,18.0,141.0,45.0,401.4,15.0,145.0,2.0,81.0,33.0,2.0282061039311894,144.0,146.0,114,48.0,11.0,0.42
07:38:58,144.0,32.0,146.0,16.0,141.0,40.0,212.06,32.0,145.0,2.0,72.0,48.0,1.5858499298559254,144.0,146.0,120,24.0,6.0,0.2
07:38:59,144.0,20.0,261.38,16.0,141.0,28.0,419.17,6.0,202.69,117.38,48.0,22.0,25.640275349535937,144.0,261.38,70,26.0,-50.0,0.37
07:39:01,141.7,47.0,415.58,48.0,140.85,184.0,455.77,26.0,278.64,273.88,231.0,74.0,74.4230211695279,141.7,415.58,305,157.0,177.5,0.51
07:39:02,141.25,72.0,325.7,30.0,140.65,155.0,403.25,51.0,233.47,184.45,227.0,81.0,63.19259173352515,141.25,325.7,308,146.0,3.0,0.47
07:39:03,141.32,47.0,315.04,25.0,140.84,107.0,363.89,19.0,228.18,173.72000000000003,154.0,44.0,41.42866555900618,141.32,315.04,198,110.0,-110.0,0.56
07:39:04,141.03,101.0,270.86,29.0,140.48,88.0,288.93,29.0,205.95,129.83,189.0,58.0,40.5204302790578,141.03,270.86,247,131.0,49.0,0.53
07:39:05,141.0,126.0,267.44,18.0,140.0,63.0,273.08,24.0,204.22,126.44,189.0,42.0,30.10054600833666,141.0,267.44,231,147.0,-16.0,0.64
07:39:06,141.03,115.0,264.67,18.0,140.2,70.0,265.78,18.0,202.85,123.64000000000001,185.0,36.0,14.667693411030882,141.03,264.67,221,149.0,-10.0,0.67
07:39:07,142.0,27.0,261.89,18.0,141.0,122.0,263.0,18.0,201.94,119.88999999999999,149.0,36.0,11.034009697295058,142.0,261.89,185,113.0,-36.0,0.61
07:39:08,143.33,36.0,258.17,24.0,141.0,156.0,260.5,24.0,200.75,114.84,192.0,48.0,2.0185811848928346,143.33,258.17,240,144.0,55.0,0.6
07:39:09,145.83,36.0,236.26,19.0,141.0,156.0,256.58,24.0,191.05,90.42999999999998,192.0,43.0,5.249482831670599,145.83,236.26,235,149.0,-5.0,0.63
07:39:10,146.8,44.0,180.33,12.0,142.32,57.0,231.0,12.0,163.56,33.53,101.0,24.0,16.604368401116837,146.8,180.33,125,77.0,-110.0,0.62
07:39:11,147.0,51.0,178.78,18.0,146.0,27.0,180.29,14.0,162.89,31.78,78.0,32.0,19.464885563496395,147.0,178.78,110,46.0,-15.0,0.42
07:39:12,147.0,35.0,171.59,22.0,146.0,33.0,177.43,14.0,159.3,24.590000000000003,68.0,36.0,18.995921930772766,147.0,171.59,104,32.0,-6.0,0.31
07:39:13,147.0,28.0,149.43,14.0,146.0,21.0,154.29,14.0,148.21,2.430000000000007,49.0,28.0,15.807611141472899,147.0,149.43,77,21.0,-27.0,0.27
07:39:14,141.74,92.0,148.57,14.0,141.04,100.0,218.52,63.0,145.16,6.829999999999984,192.0,77.0,8.566658041501496,141.74,148.57,269,115.0,177.5,0.43
07:39:15,141.07,81.0,148.0,12.0,140.04,80.0,224.43,46.0,144.54,6.930000000000007,161.0,58.0,8.495313413878499,141.07,148.0,219,103.0,-50.0,0.47
07:39:16,142.8,30.0,148.0,5.0,141.0,17.0,291.5,8.0,145.4,5.199999999999989,47.0,13.0,6.188070781756269,142.8,148.0,60,34.0,-159.0,0.57
07:39:17,143.71,83.0,175.14,21.0,141.15,61.0,236.56,39.0,159.43,31.42999999999998,144.0,60.0,6.244691345457,143.71,175.14,204,84.0,144.0,0.41
07:39:18,144.0,33.0,211.82,44.0,142.0,33.0,382.6,30.0,177.91,67.82,66.0,74.0,14.504994657014617,144.0,211.82,140,-8.0,-64.0,-0.06
07:39:19,144.0,13.0,222.61,49.0,142.0,33.0,364.2,60.0,183.31,78.61000000000001,46.0,109.0,17.987433669092955,144.0,222.61,155,-63.0,15.0,-0.41
07:39:20,144.22,9.0,215.0,36.0,142.0,27.0,331.12,50.0,179.61,70.78,36.0,86.0,16.164730743195676,144.22,215.0,122,-50.0,-33.0,-0.41
07:39:21,145.0,10.0,202.0,36.0,142.44,27.0,464.68,47.0,173.5,57.0,37.0,83.0,9.262068883354983,145.0,202.0,120,-46.0,-2.0,-0.38
07:39:22,143.31,13.0,332.62,39.0,131.28,18.0,502.05,43.0,237.96,189.31,31.0,82.0,26.787306135556154,143.31,332.62,113,-51.0,-7.0,-0.45
07:39:23,143.27,11.0,273.0,32.0,92.53,17.0,468.5,28.0,208.14,129.73,28.0,60.0,26.658344472228592,143.27,273.0,88,-32.0,-25.0,-0.36
07:39:24,125.3,71.0,195.88,32.0,100.55,31.0,343.66,29.0,160.59,70.58,102.0,61.0,31.044981075851908,125.29999999999998,195.88,163,41.0,75.0,0.25
07:39:29,128.31,39.0,135.8,20.0,85.66,73.0,193.59,37.0,132.05,7.490000000000009,112.0,57.0,4.7433564066002605,128.31,135.8,169,55.0,82.0,0.33
07:39:30,129.0,12.0,137.0,8.0,59.0,4.0,139.0,4.0,133.0,8.0,16.0,12.0,5.273749140794942,129.0,137.0,28,4.0,-141.0,0.14
07:39:31,130.44,27.0,137.0,18.0,45.31,13.0,139.0,9.0,133.72,6.560000000000002,40.0,27.0,2.431795632867629,130.44,137.0,67,13.0,39.0,0.19
07:39:34,112.0,22.0,136.44,32.0,98.53,38.0,138.33,12.0,124.22,24.439999999999998,60.0,44.0,10.323549777089115,112.0,136.44,104,16.0,-47.0,0.15
07:39:35,113.9,78.0,137.0,18.0,107.67,18.0,139.0,9.0,125.45,23.099999999999994,96.0,27.0,9.44194259673492,113.9,137.0,123,69.0,19.0,0.56
07:39:36,114.0,84.0,137.0,12.0,113.0,12.0,139.0,6.0,125.5,23.0,96.0,18.0,7.881287965811049,114.0,137.0,114,78.0,-9.0,0.68
07:39:37,117.95,40.0,137.0,16.0,105.74,23.0,139.0,8.0,127.47,19.049999999999997,63.0,24.0,7.859244874670726,117.95,137.0,87,39.0,-27.0,0.45
07:39:38,116.67,12.0,137.0,12.0,84.25,8.0,139.0,6.0,126.83,20.33,20.0,18.0,1.2761778873011458,116.67,137.0,38,2.0,-49.0,0.05
07:39:39,119.08,12.0,137.0,20.0,115.85,39.0,139.0,10.0,128.04,17.92,51.0,30.0,1.1617960234206617,119.08,137.0,81,21.0,43.0,0.26
07:39:40,125.57,28.0,136.0,56.0,121.47,36.0,137.0,38.0,130.79,10.430000000000007,64.0,94.0,1.9564074217901426,125.57000000000001,136.0,158,-30.0,77.0,-0.19
07:39:41,131.25,16.0,136.0,11.0,130.58,12.0,137.0,18.0,133.62,4.75,28.0,29.0,2.824331779383366,131.25,136.0,57,-1.0,-101.0,-0.02
07:39:42,135.36,28.0,260.9,21.0,134.08,26.0,314.92,49.0,198.13,125.53999999999996,54.0,70.0,30.661434571787858,135.36,260.9,124,-16.0,67.0,-0.13
07:39:43,140.62,24.0,335.97,33.0,139.75,28.0,485.59,22.0,238.3,195.35000000000002,52.0,55.0,49.971357095840595,140.62,335.97,107,-3.0,-17.0,-0.03
07:39:44,143.18,34.0,192.5,64.0,142.1,40.0,370.33,30.0,167.84,49.31999999999999,74.0,94.0,45.4202392111712,143.18,192.5,168,-20.0,61.0,-0.12
07:39:45,144.6,20.0,442.33,48.0,142.04,49.0,644.0,12.0,293.47,297.73,69.0,60.0,62.1508404609302,144.6,442.33,129,9.0,-39.0,0.07
07:39:46,142.38,13.0,266.85,20.0,138.5,60.0,451.62,26.0,204.62,124.47000000000003,73.0,46.0,47.87254923231048,142.38,266.85,119,27.0,-10.0,0.23
07:39:47,141.9,10.0,286.0,14.0,107.33,18.0,483.0,28.0,213.95,144.1,28.0,42.0,46.53074499725949,141.9,286.0,70,-14.0,-49.0,-0.2
07:39:48,144.0,10.0,237.71,14.0,141.0,40.0,332.17,24.0,190.86,93.71000000000001,50.0,38.0,47.617127905828106,144.0,237.71,88,12.0,18.0,0.14
07:39:49,144.0,11.0,172.5,20.0,141.0,44.0,207.74,19.0,158.25,28.5,55.0,39.0,50.07825226582887,144.0,172.5,94,16.0,6.0,0.17
07:39:50,128.43,117.0,169.17,24.0,100.88,49.0,231.29,14.0,148.8,40.73999999999998,166.0,38.0,28.587020306425945,128.43,169.17,204,128.0,110.0,0.63
07:39:51,148.0,154.0,170.09,46.0,134.29,42.0,173.46,35.0,159.04,22.090000000000003,196.0,81.0,27.326746055833542,148.0,170.09,277,115.0,73.0,0.42
07:39:52,147.26,31.0,167.22,18.0,145.26,31.0,169.89,36.0,157.24,19.960000000000008,62.0,54.0,16.194984408761258,147.26,167.22,116,8.0,-161.0,0.07
07:39:53,140.0,20.0,168.16,19.0,116.08,64.0,169.89,38.0,154.08,28.159999999999997,84.0,57.0,4.184091299197949,140.0,168.16,141,27.0,25.0,0.19
07:39:54,140.0,30.0,166.14,28.0,114.91,32.0,167.57,14.0,153.07,26.139999999999986,62.0,42.0,3.9628247501024516,140.0,166.14000000000001,104,20.0,-37.0,0.19
07:39:55,140.44,27.0,164.11,9.0,135.42,19.0,166.0,36.0,152.28,23.670000000000016,46.0,45.0,2.8813226129720717,140.44,164.11,91,1.0,-13.0,0.01
07:39:56,143.35,80.0,160.48,23.0,141.53,51.0,163.31,45.0,151.91,17.129999999999995,131.0,68.0,2.138464402328224,143.35,160.48,199,63.0,108.0,0.32
07:39:57,146.25,60.0,155.05,20.0,142.0,36.0,156.5,18.0,150.65,8.800000000000011,96.0,38.0,1.2833822501599754,146.25,155.05,134,58.0,-65.0,0.43
07:39:58,147.32,59.0,152.11,38.0,142.0,39.0,152.4,35.0,149.71,4.7900000000000205,98.0,73.0,1.3383870890090617,147.32,152.11,171,25.0,37.0,0.15
07:39:59,146.5,32.0,148.86,28.0,143.88,49.0,150.57,46.0,147.68,2.3600000000000136,81.0,74.0,1.8534373472083552,146.5,148.85999999999999,155,7.0,-16.0,0.05
07:40:00,144.0,44.0,146.94,16.0,142.0,33.0,149.23,26.0,145.47,2.9399999999999977,77.0,42.0,2.542770142979412,144.0,146.94,119,35.0,-36.0,0.29
07:40:01,144.0,14.0,148.0,16.0,142.0,18.0,176.0,18.0,146.0,4.0,32.0,34.0,2.2584220154851944,144.0,148.0,66,-2.0,-53.0,-0.03
07:40:02,143.0,14.0,150.55,44.0,141.68,31.0,572.0,15.0,146.77,7.550000000000011,45.0,59.0,1.6674021710519045,143.0,150.55,104,-14.0,38.0,-0.13
07:40:03,146.75,53.0,148.86,56.0,143.79,28.0,287.07,28.0,147.81,2.1100000000000136,81.0,84.0,1.023440276727852,146.75,148.85999999999999,165,-3.0,61.0,-0.02
07:40:04,146.85,94.0,157.11,36.0,144.36,22.0,279.33,18.0,151.98,10.26000000000002,116.0,54.0,2.598755471380152,146.85,157.11,170,62.0,5.0,0.36
07:40:05,143.44,18.0,189.0,14.0,140.47,17.0,341.57,7.0,166.22,45.56,35.0,21.0,8.408628306687481,143.44,189.0,56,14.0,-114.0,0.25
07:40:06,142.0,48.0,190.42,19.0,141.0,24.0,274.0,17.0,166.21,48.41999999999999,72.0,36.0,9.707186513095529,142.0,190.42,108,36.0,52.0,0.33
07:40:07,142.96,81.0,378.2,15.0,141.89,108.0,585.63,27.0,260.58,235.23999999999998,189.0,42.0,46.59435963719225,142.96,378.2,231,147.0,123.0,0.64
07:40:08,143.24,25.0,362.6,15.0,142.0,90.0,505.73,15.0,252.92,219.36,115.0,30.0,52.57937352232335,143.24,362.6,145,85.0,-86.0,0.59
07:40:09,144.6,10.0,165.0,5.0,142.0,45.0,408.0,10.0,154.8,20.400000000000006,55.0,15.0,51.95249926615655,144.6,165.0,70,40.0,-75.0,0.57
07:40:10,145.23,26.0,163.25,57.0,142.0,117.0,248.8,15.0,154.24,18.02000000000001,143.0,72.0,54.13855373022074,145.23,163.25,215,71.0,145.0,0.33
07:40:11,147.05,38.0,161.73,55.0,145.51,57.0,222.0,11.0,154.39,14.679999999999978,95.0,66.0,56.0832138879362,147.05,161.73,161,29.0,-54.0,0.18
07:40:12,148.0,22.0,160.64,55.0,147.0,44.0,385.15,20.0,154.32,12.639999999999986,66.0,75.0,44.043242160404276,148.0,160.64,141,-9.0,-20.0,-0.06
07:40:13,147.14,28.0,159.0,60.0,145.79,77.0,435.37,35.0,153.07,11.860000000000014,105.0,95.0,0.6485599432787579,147.14000000000001,159.0,200,10.0,59.0,0.05
07:40:14,146.0,72.0,156.56,36.0,142.0,108.0,158.67,48.0,151.28,10.560000000000002,180.0,84.0,1.3339227863808931,146.0,156.56,264,96.0,64.0,0.36
07:40:15,146.0,48.0,154.32,38.0,142.0,72.0,155.64,22.0,150.16,8.319999999999993,120.0,60.0,1.8754812715744853,146.0,154.32,180,60.0,-84.0,0.33
07:40:16,146.0,68.0,150.86,51.0,142.0,108.0,152.44,43.0,148.43,4.860000000000014,176.0,94.0,2.3278036858866216,146.0,150.86,270,82.0,90.0,0.3
07:40:17,146.0,30.0,147.53,30.0,142.0,90.0,149.67,45.0,146.77,1.5300000000000011,120.0,75.0,2.4479522054215477,146.0,147.53,195,45.0,-75.0,0.23
07:40:18,142.07,110.0,150.67,64.0,141.27,33.0,394.33,27.0,146.37,8.599999999999994,143.0,91.0,2.119356034277641,142.07,150.67,234,52.0,39.0,0.22
07:40:19,142.04,55.0,149.29,35.0,141.43,21.0,179.0,7.0,145.66,7.25,76.0,42.0,1.8120071743869492,142.04,149.29,118,34.0,-116.0,0.29
07:40:20,142.0,72.0,148.88,40.0,141.0,36.0,179.0,8.0,145.44,6.8799999999999955,108.0,48.0,1.1872362865202633,142.0,148.88,156,60.0,38.0,0.38
07:40:21,142.12,96.0,147.35,48.0,141.23,78.0,156.14,28.0,144.74,5.22999999999999,174.0,76.0,0.796636680068725,142.12,147.35,250,98.0,94.0,0.39
07:40:22,142.07,70.0,145.1,61.0,140.95,177.0,147.38,58.0,143.58,3.030000000000001,247.0,119.0,1.0565604573479668,142.07,145.1,366,128.0,116.0,0.35
07:40:23,141.0,185.0,144.94,53.0,140.0,88.0,146.85,65.0,142.97,3.9399999999999977,273.0,118.0,1.1695811216122611,141.0,144.94,391,155.0,25.0,0.4
07:40:24,141.0,104.0,143.17,24.0,140.0,59.0,166.8,20.0,142.08,2.1699999999999875,163.0,44.0,1.3473752261461096,141.0,143.17,207,119.0,-178.5,0.57
07:40:25,141.0,145.0,142.0,36.0,140.0,56.0,224.71,48.0,141.5,1.0,201.0,84.0,1.270621894991922,141.0,142.0,285,117.0,78.0,0.41
07:40:26,141.0,60.0,142.0,10.0,140.0,25.0,266.27,15.0,141.5,1.0,85.0,25.0,0.923623299854079,141.0,142.0,110,60.0,-175.0,0.55
07:40:27,144.0,48.0,311.75,16.0,140.92,118.0,581.59,27.0,227.88,167.75,166.0,43.0,38.40582221486763,144.0,311.75,209,123.0,99.0,0.59
07:40:32,147.0,10.0,397.0,6.0,141.0,10.0,543.0,6.0,272.0,250.0,20.0,12.0,76.84762078294841,147.0,397.0,32,8.0,-61.0,0.25
07:40:33,147.0,28.0,395.41,17.0,141.0,40.0,396.83,23.0,271.21,248.41000000000003,68.0,40.0,81.28683798746187,147.0,395.41,108,28.0,76.0,0.26
07:40:34,147.0,28.0,337.0,36.0,141.18,44.0,394.4,30.0,242.0,190.0,72.0,66.0,73.16013962534453,147.0,337.0,138,6.0,30.0,0.04
07:40:35,147.0,22.0,278.58,26.0,143.67,116.0,289.73,33.0,212.79,131.57999999999998,138.0,59.0,34.26733211091782,147.0,278.58,197,79.0,59.0,0.4
07:40:36,147.0,10.0,277.2,10.0,144.0,90.0,279.0,15.0,212.1,130.2,100.0,25.0,29.582326649537798,147.0,277.2,125,75.0,-72.0,0.6
07:40:37,147.0,26.0,237.6,30.0,144.99,178.0,273.53,32.0,192.3,90.6,204.0,62.0,30.83551604886753,147.0,237.6,266,142.0,141.0,0.53
07:40:38,146.22,64.0,180.43,28.0,144.97,174.0,196.27,30.0,163.32,34.21000000000001,238.0,58.0,29.057557020506476,146.22,180.43,296,180.0,30.0,0.61
07:40:39,146.0,51.0,179.44,18.0,144.0,162.0,255.95,19.0,162.72,33.44,213.0,37.0,24.79888263611887,146.0,179.44,250,176.0,-46.0,0.7
07:40:40,146.0,35.0,176.73,15.0,144.0,126.0,214.78,18.0,161.37,30.72999999999999,161.0,33.0,22.870190641969,146.0,176.73,194,128.0,-56.0,0.66
07:40:41,146.0,40.0,174.12,16.0,144.0,144.0,177.0,24.0,160.06,28.120000000000005,184.0,40.0,13.668034972153645,146.0,174.12,224,144.0,30.0,0.64
07:40:42,144.33,150.0,172.22,27.0,143.31,173.0,176.09,33.0,158.28,27.889999999999986,323.0,60.0,2.040049019023918,144.33,172.22,383,263.0,159.0,0.69
07:40:43,144.03,154.0,168.6,20.0,143.03,148.0,170.0,30.0,156.31,24.569999999999993,302.0,50.0,2.526651934877776,144.03,168.6,352,252.0,-31.0,0.72
07:40:44,144.0,187.0,166.22,27.0,141.0,80.0,167.74,23.0,155.11,22.22,267.0,50.0,2.580296494595702,144.0,166.22,317,217.0,-35.0,0.68
07:40:45,144.0,240.0,147.05,43.0,141.0,112.0,149.75,48.0,145.52,3.0500000000000114,352.0,91.0,5.655637010985194,144.0,147.05,443,261.0,126.0,0.59
07:40:46,144.0,165.0,145.68,57.0,141.0,96.0,163.57,56.0,144.84,1.6800000000000068,261.0,113.0,6.343143542442355,144.0,145.68,374,148.0,-69.0,0.4
07:40:47,144.21,63.0,165.64,44.0,142.15,78.0,278.55,44.0,154.92,21.42999999999998,141.0,88.0,5.6535962006521725,144.21,165.64,229,53.0,-145.0,0.23
07:40:48,145.0,16.0,392.0,30.0,144.0,40.0,639.91,22.0,268.5,247.0,56.0,52.0,53.17964384987935,145.0,392.0,108,4.0,-121.0,0.04
07:40:49,145.4,20.0,215.22,45.0,144.0,50.0,265.8,35.0,180.31,69.82,70.0,80.0,52.15233187499871,145.4,215.22,150,-10.0,42.0,-0.07
07:40:50,146.0,18.0,220.38,39.0,144.0,45.0,221.29,42.0,183.19,74.38,63.0,81.0,48.74939661165049,146.0,220.38,144,-18.0,-6.0,-0.12
07:40:51,144.77,57.0,164.47,38.0,142.12,67.0,213.09,46.0,154.62,19.69999999999999,124.0,84.0,46.82563048160695,144.77,164.47,208,40.0,64.0,0.19
07:40:52,144.21,43.0,153.55,44.0,141.71,63.0,163.0,36.0,148.88,9.340000000000003,106.0,80.0,47.9663189123368,144.21,153.55,186,26.0,-22.0,0.14
07:40:53,147.0,12.0,151.67,48.0,144.0,60.0,167.0,36.0,149.33,4.6699999999999875,72.0,84.0,17.054223230625826,147.0,151.67,156,-12.0,-30.0,-0.08
07:40:54,147.0,49.0,148.9,50.0,144.0,55.0,165.33,43.0,147.95,1.9000000000000057,104.0,93.0,14.983608710855439,147.0,148.9,197,11.0,41.0,0.06
07:40:55,147.0,35.0,149.57,28.0,144.0,47.0,188.0,28.0,148.29,2.569999999999993,82.0,56.0,2.7386730363496414,147.0,149.57,138,26.0,-59.0,0.19
07:40:56,147.0,40.0,148.5,32.0,144.0,64.0,188.0,32.0,147.75,1.5,104.0,64.0,0.6565820588697201,147.0,148.5,168,40.0,30.0,0.24
07:40:57,147.0,18.0,212.04,47.0,144.0,80.0,252.58,36.0,179.52,65.03999999999999,98.0,83.0,13.961870218564028,147.0,212.04,181,15.0,13.0,0.08
07:40:58,145.76,17.0,257.43,46.0,143.9,84.0,450.89,45.0,201.6,111.67000000000002,101.0,91.0,24.585956763974373,145.76,257.43,192,10.0,11.0,0.05
07:40:59,144.0,49.0,222.0,28.0,141.73,22.0,555.57,35.0,183.0,78.0,71.0,63.0,23.473026434612382,144.0,222.0,134,8.0,-58.0,0.06
07:41:00,143.92,49.0,208.8,40.0,141.18,22.0,299.32,38.0,176.36,64.88000000000002,71.0,78.0,19.373925260514635,143.92,208.8,149,-7.0,15.0,-0.05
07:41:01,142.0,14.0,222.0,28.0,141.0,14.0,321.57,21.0,182.0,80.0,28.0,49.0,9.899115111968415,142.0,222.0,77,-21.0,-72.0,-0.27
07:41:02,143.62,42.0,220.92,48.0,140.06,16.0,308.14,42.0,182.27,77.29999999999998,58.0,90.0,9.626161228651899,143.62,220.92,148,-32.0,71.0,-0.22
07:41:03,144.0,10.0,219.1,40.0,140.0,10.0,367.0,36.0,181.55,75.1,20.0,76.0,2.6663889438723025,144.0,219.1,96,-56.0,-52.0,-0.58
07:41:04,147.75,20.0,219.0,32.0,141.0,12.0,301.84,37.0,183.38,71.25,32.0,69.0,2.74074260010027,147.75,219.0,101,-37.0,5.0,-0.37
07:41:05,146.97,59.0,200.56,41.0,143.36,50.0,241.74,46.0,173.76,53.59,109.0,87.0,3.8783076206001077,146.97,200.56000000000003,196,22.0,95.0,0.11
07:41:06,144.47,32.0,215.24,45.0,141.7,60.0,218.3,40.0,179.86,70.77000000000001,92.0,85.0,3.8013984268957146,144.47,215.24000000000004,177,7.0,-19.0,0.04
07:41:07,147.0,13.0,189.53,17.0,144.0,21.0,203.0,24.0,168.26,42.53,34.0,41.0,6.24132357757612,147.0,189.53,75,-7.0,-102.0,-0.09
07:41:08,147.0,14.0,187.6,20.0,144.0,21.0,189.33,18.0,167.3,40.599999999999994,35.0,38.0,7.051745883113622,147.0,187.6,73,-3.0,-2.0,-0.04
07:41:09,147.96,54.0,185.4,30.0,146.64,25.0,187.14,42.0,166.68,37.44,79.0,72.0,5.608682554754969,147.96,185.4,151,7.0,78.0,0.05
07:41:10,145.59,17.0,169.57,28.0,142.95,38.0,184.86,28.0,157.58,23.97999999999999,55.0,56.0,7.929620419667985,145.59,169.57,111,-1.0,-40.0,-0.01
07:41:11,144.0,16.0,175.67,24.0,142.0,40.0,185.33,24.0,159.83,31.669999999999987,56.0,48.0,4.868285119014584,144.0,175.67,104,8.0,-7.0,0.08
07:41:12,144.0,21.0,179.38,26.0,142.0,45.0,180.7,20.0,161.69,35.379999999999995,66.0,46.0,4.25548234634101,144.0,179.38,112,20.0,8.0,0.18
07:41:13,142.86,28.0,174.33,21.0,141.48,62.0,176.22,18.0,158.6,31.47,90.0,39.0,3.5877193312773716,142.86,174.33,129,51.0,17.0,0.4
07:41:14,144.07,60.0,165.47,34.0,142.25,64.0,167.19,27.0,154.77,21.400000000000006,124.0,61.0,2.5842852009836785,144.07,165.47,185,63.0,56.0,0.34
07:41:15,145.75,48.0,160.44,36.0,144.0,48.0,161.14,28.0,153.1,14.689999999999998,96.0,64.0,3.569309457027229,145.75,160.44,160,32.0,-25.0,0.2
07:41:16,146.0,60.0,158.5,20.0,144.0,60.0,159.33,30.0,152.25,12.5,120.0,50.0,3.9713939618256533,146.0,158.5,170,70.0,10.0,0.41
07:41:17,146.0,44.0,157.25,16.0,144.0,44.0,158.32,25.0,151.62,11.25,88.0,41.0,2.795830824643528,146.0,157.25,129,47.0,-41.0,0.36
07:41:18,146.0,52.0,153.55,22.0,144.0,52.0,154.39,31.0,149.77,7.550000000000011,104.0,53.0,1.8443616782042347,146.0,153.55,157,51.0,28.0,0.32
07:41:19,145.51,53.0,149.97,31.0,143.45,58.0,151.43,23.0,147.74,4.460000000000008,111.0,54.0,2.147284331435745,145.51,149.97,165,57.0,8.0,0.35
07:41:20,142.16,49.0,146.93,28.0,140.98,123.0,148.34,29.0,144.55,4.77000000000001,172.0,57.0,3.1319690292260054,142.16,146.93,229,115.0,64.0,0.5
07:41:21,141.0,90.0,143.3,20.0,140.0,33.0,148.0,20.0,142.15,2.3000000000000114,123.0,40.0,3.8390141963833204,141.0,143.3,163,83.0,-66.0,0.51
07:41:22,142.0,48.0,145.76,42.0,141.0,114.0,148.24,34.0,143.88,3.759999999999991,162.0,76.0,3.079378183990088,142.0,145.76,238,86.0,75.0,0.36
07:41:23,141.57,37.0,146.55,22.0,140.64,66.0,331.0,11.0,144.06,4.980000000000018,103.0,33.0,2.037014972953092,141.57,146.55,136,70.0,-102.0,0.51
07:41:24,141.0,32.0,168.08,13.0,140.0,33.0,558.86,14.0,154.54,27.080000000000013,65.0,27.0,4.949245397031139,141.0,168.07999999999998,92,38.0,-44.0,0.41
07:41:25,141.0,36.0,200.11,9.0,140.0,27.0,322.26,19.0,170.56,59.110000000000014,63.0,28.0,11.961380355127488,141.0,200.11,91,35.0,-1.0,0.38
07:41:26,140.0,18.0,198.5,6.0,139.0,18.0,316.36,14.0,169.25,58.5,36.0,20.0,13.020146696563199,140.0,198.5,56,16.0,-35.0,0.29
07:41:27,141.08,25.0,195.0,17.0,139.07,45.0,196.0,17.0,168.04,53.91999999999999,70.0,34.0,11.589784294801253,141.08,195.0,104,36.0,48.0,0.35
07:41:28,143.25,32.0,177.0,11.0,140.69,13.0,179.45,11.0,160.12,33.75,45.0,22.0,6.895717511616858,143.25,177.0,67,23.0,-37.0,0.34
07:41:29,144.06,34.0,171.41,22.0,141.5,26.0,171.39,38.0,157.73,27.349999999999994,60.0,60.0,5.804890179841382,144.06,171.41,120,0.0,53.0,0.0
07:41:30,147.0,14.0,165.74,50.0,141.57,28.0,165.87,30.0,156.37,18.74000000000001,42.0,80.0,5.959284353009261,147.0,165.74,122,-38.0,2.0,-0.31
07:41:31,147.0,7.0,158.97,31.0,144.22,9.0,159.55,11.0,152.98,11.969999999999999,16.0,42.0,5.650988409121328,147.0,158.97,58,-26.0,-64.0,-0.45
07:41:32,146.55,11.0,157.35,23.0,143.5,16.0,158.93,43.0,151.95,10.799999999999983,27.0,66.0,3.3720394422405935,146.55,157.35,93,-39.0,35.0,-0.42
07:41:33,146.0,8.0,155.12,8.0,142.0,16.0,157.0,40.0,150.56,9.120000000000005,24.0,48.0,3.023767517523091,146.0,155.12,72,-24.0,-21.0,-0.33
07:41:34,146.0,14.0,152.22,18.0,142.0,28.0,154.72,18.0,149.11,6.219999999999999,42.0,36.0,2.7521500685880382,146.0,152.22,78,6.0,6.0,0.08
07:41:35,142.71,17.0,149.92,38.0,139.9,20.0,150.32,22.0,146.31,7.2099999999999795,37.0,60.0,2.609553601678028,142.71,149.92,97,-23.0,19.0,-0.24
07:41:36,142.0,26.0,146.28,29.0,139.0,26.0,148.94,33.0,144.14,4.280000000000001,52.0,62.0,3.1735989034583865,142.0,146.28,114,-10.0,17.0,-0.09
07:41:37,139.92,26.0,143.76,21.0,106.69,26.0,145.04,57.0,141.84,3.8400000000000034,52.0,78.0,3.555231356752187,139.92,143.76,130,-26.0,16.0,-0.2
07:41:38,139.14,21.0,143.31,16.0,128.71,42.0,144.96,48.0,141.23,4.170000000000016,63.0,64.0,3.256643978090876,139.14,143.31,127,-1.0,-3.0,-0.01
07:41:39,141.83,18.0,144.67,18.0,140.0,8.0,291.0,30.0,143.25,2.839999999999975,26.0,48.0,2.0106043867545065,141.83,144.67,74,-22.0,-53.0,-0.3
07:41:40,143.0,12.0,144.17,60.0,142.0,48.0,439.59,59.0,143.58,1.1699999999999875,60.0,119.0,1.2239975490322315,143.0,144.17,179,-59.0,105.0,-0.33
07:41:41,141.72,53.0,179.88,58.0,139.91,44.0,262.06,63.0,160.8,38.16,97.0,121.0,8.252566267533648,141.72,179.88,218,-24.0,39.0,-0.11
07:41:42,141.79,38.0,261.67,60.0,140.83,48.0,441.19,27.0,201.73,119.88000000000002,86.0,87.0,25.626232067942112,141.79,261.67,173,-1.0,-45.0,-0.01
07:41:43,141.4,30.0,318.22,45.0,140.25,64.0,528.14,28.0,229.81,176.82000000000002,94.0,73.0,38.44499356223137,141.4,318.22,167,21.0,-6.0,0.13
07:41:44,143.82,11.0,366.45,44.0,141.0,33.0,609.36,55.0,255.14,222.63,44.0,99.0,46.464826159149624,143.82,366.45,143,-55.0,-24.0,-0.38
07:41:45,140.64,55.0,181.31,52.0,139.91,33.0,342.46,65.0,160.97,40.670000000000016,88.0,117.0,41.766460826840394,140.64,181.31,205,-29.0,62.0,-0.14
07:41:46,140.0,64.0,169.33,30.0,138.0,16.0,308.8,25.0,154.67,29.330000000000013,80.0,55.0,43.327594902094376,140.0,169.33,135,25.0,-70.0,0.19
07:41:47,140.0,64.0,264.33,24.0,138.0,16.0,396.4,30.0,202.17,124.32999999999998,80.0,54.0,43.331255693782914,140.0,264.33,134,26.0,-1.0,0.19
07:41:48,140.13,45.0,249.58,53.0,139.2,45.0,367.58,60.0,194.86,109.45000000000002,90.0,113.0,40.132464040973105,140.13,249.57999999999998,203,-23.0,69.0,-0.11
07:41:49,140.0,99.0,204.43,46.0,138.0,20.0,335.22,45.0,172.22,64.43,119.0,91.0,20.802309246812282,140.0,204.43,210,28.0,7.0,0.13
07:41:50,140.53,131.0,374.51,59.0,127.45,47.0,525.18,61.0,257.52,233.98,178.0,120.0,39.042673704550474,140.53,374.51,298,58.0,88.0,0.19
07:41:52,147.0,35.0,428.0,35.0,140.0,81.0,661.88,34.0,287.5,281.0,116.0,69.0,58.349316362747224,147.0,428.0,185,47.0,35.0,0.25
07:41:53,140.95,44.0,389.67,30.0,139.13,46.0,640.0,30.0,265.31,248.72000000000003,90.0,60.0,51.69375706988176,140.95,389.67,150,30.0,-35.0,0.2
07:41:54,140.92,38.0,304.75,32.0,139.43,46.0,495.82,44.0,222.84,163.83,84.0,76.0,31.868539031463968,140.92,304.75,160,8.0,10.0,0.05
07:41:55,144.0,22.0,175.22,36.0,141.0,11.0,313.45,22.0,159.61,31.22,33.0,58.0,58.721186381066545,144.0,175.22,91,-25.0,-69.0,-0.27
07:41:56,145.76,33.0,174.33,48.0,143.27,15.0,357.16,45.0,160.05,28.57000000000002,48.0,93.0,58.85122573065046,145.76,174.33,141,-45.0,50.0,-0.32
07:41:57,146.61,36.0,174.0,48.0,143.71,14.0,356.41,54.0,160.31,27.389999999999986,50.0,102.0,48.441835018917196,146.61,174.0,152,-52.0,11.0,-0.34
07:41:58,144.0,6.0,174.0,24.0,141.0,6.0,364.41,27.0,159.0,30.0,12.0,51.0,28.22242494896577,144.0,174.0,63,-39.0,-89.0,-0.62
07:41:59,144.0,8.0,173.25,32.0,141.4,10.0,357.0,16.0,158.62,29.25,18.0,48.0,0.7059532562525257,144.0,173.25,66,-30.0,3.0,-0.45
07:42:00,144.0,17.0,169.9,58.0,143.0,17.0,180.25,40.0,156.95,25.900000000000006,34.0,98.0,1.338331050231552,144.0,169.9,132,-64.0,66.0,-0.48
07:42:01,140.54,52.0,165.96,52.0,139.09,32.0,167.04,56.0,153.25,25.420000000000016,84.0,108.0,2.7242485202372313,140.54,165.96,192,-24.0,60.0,-0.12
07:42:02,140.08,118.0,162.43,47.0,138.86,105.0,164.49,68.0,151.26,22.349999999999994,223.0,115.0,3.4142246557624087,140.08,162.43,338,108.0,146.0,0.32
07:42:03,141.0,24.0,159.57,35.0,140.0,84.0,160.5,18.0,150.29,18.569999999999993,108.0,53.0,3.6004763573751033,141.0,159.57,161,55.0,-177.0,0.34
07:42:04,146.79,56.0,155.25,84.0,140.88,41.0,156.1,70.0,151.02,8.460000000000008,97.0,154.0,2.6908418756995194,146.79,155.25,251,-57.0,90.0,-0.23
07:42:05,147.0,36.0,151.07,43.0,141.0,24.0,152.45,22.0,149.03,4.069999999999993,60.0,65.0,1.5419954604405481,147.0,151.07,125,-5.0,-126.0,-0.04
07:42:06,147.0,36.0,148.67,30.0,141.0,28.0,149.07,54.0,147.83,1.6699999999999875,64.0,84.0,1.4402187333943413,147.0,148.67,148,-20.0,23.0,-0.14
07:42:07,142.68,25.0,148.07,71.0,140.13,93.0,150.84,61.0,145.38,5.389999999999986,118.0,132.0,2.2247584138555054,142.68,148.07,250,-14.0,102.0,-0.06
07:42:08,140.15,27.0,146.59,34.0,139.55,33.0,165.08,26.0,143.37,6.439999999999998,60.0,60.0,3.0099883720742002,140.15,146.59,120,0.0,-130.0,0.0
07:42:09,140.0,30.0,150.22,36.0,139.0,33.0,276.42,31.0,145.11,10.219999999999999,63.0,67.0,2.2649238397841884,140.0,150.22,130,-4.0,10.0,-0.03
07:42:10,140.0,22.0,147.28,43.0,139.0,33.0,150.0,22.0,143.64,7.280000000000001,55.0,65.0,1.7783503591878436,140.0,147.28,120,-10.0,-10.0,-0.08
07:42:11,140.0,32.0,143.97,34.0,139.0,48.0,146.35,46.0,141.99,3.969999999999999,80.0,80.0,1.3830292838636193,140.0,143.97,160,0.0,40.0,0.0
07:42:12,139.24,33.0,180.6,25.0,124.0,32.0,254.49,41.0,159.92,41.359999999999985,65.0,66.0,7.414123683890245,139.24,180.6,131,-1.0,-29.0,-0.01
07:42:13,140.66,38.0,296.0,39.0,137.15,26.0,340.0,65.0,218.33,155.34,64.0,104.0,32.403522493704486,140.66,296.0,168,-40.0,37.0,-0.24
07:42:14,141.9,20.0,296.0,36.0,141.03,36.0,340.0,60.0,218.95,154.1,56.0,96.0,39.0427513118633,141.9,296.0,152,-40.0,-16.0,-0.26
07:42:15,146.21,28.0,327.05,40.0,145.11,28.0,484.11,62.0,236.63,180.84,56.0,102.0,41.50747017104259,146.21,327.05,158,-46.0,6.0,-0.29
07:42:16,148.0,5.0,275.57,21.0,146.0,15.0,416.2,15.0,211.79,127.57,20.0,36.0,29.008713863251188,148.0,275.57,56,-16.0,-102.0,-0.29
07:42:17,148.0,13.0,305.64,44.0,146.0,39.0,382.73,37.0,226.82,157.64,52.0,81.0,9.526472589577569,148.0,305.64,133,-29.0,77.0,-0.22
07:42:18,144.0,24.0,169.78,27.0,140.0,48.0,187.37,35.0,156.89,25.78,72.0,62.0,31.208230965563885,144.0,169.78,134,10.0,1.0,0.07
07:42:19,144.25,16.0,164.94,18.0,140.36,44.0,166.97,66.0,154.6,20.689999999999998,60.0,84.0,39.0015606098011,144.25,164.94,144,-24.0,10.0,-0.17
07:42:20,145.27,11.0,162.24,49.0,144.0,11.0,163.95,19.0,153.76,16.97,22.0,68.0,35.59320960520419,145.27,162.24,90,-46.0,-54.0,-0.51
07:42:21,146.0,11.0,160.1,39.0,144.0,11.0,161.74,27.0,153.05,14.099999999999994,22.0,66.0,32.34123420650497,146.0,160.1,88,-44.0,-2.0,-0.5
07:42:22,142.25,28.0,159.68,28.0,140.23,26.0,160.09,44.0,150.96,17.430000000000007,54.0,72.0,2.168195101926306,142.25,159.68,126,-18.0,38.0,-0.14
07:42:23,143.0,13.0,157.31,13.0,142.0,39.0,160.0,65.0,150.15,14.310000000000002,52.0,78.0,1.8837542302588446,143.0,157.31,130,-26.0,4.0,-0.2
07:42:24,143.0,9.0,155.91,33.0,142.0,27.0,156.29,21.0,149.45,12.909999999999997,36.0,54.0,1.858986282902254,143.0,155.91,90,-18.0,-40.0,-0.2
07:42:25,144.37,35.0,154.88,17.0,142.27,33.0,156.0,85.0,149.63,10.509999999999991,68.0,102.0,1.4651348060909857,144.37,154.88,170,-34.0,80.0,-0.2
07:42:26,145.25,40.0,153.67,15.0,144.2,25.0,156.0,75.0,149.46,8.419999999999987,65.0,90.0,0.6423783931762418,145.25,153.67,155,-25.0,-15.0,-0.16
07:42:27,146.47,30.0,149.07,45.0,145.14,28.0,169.96,54.0,147.77,2.5999999999999943,58.0,99.0,0.8972290677525173,146.47,149.07,157,-41.0,2.0,-0.26
07:42:28,143.92,36.0,219.49,71.0,142.25,67.0,337.3,50.0,181.7,75.57000000000002,103.0,121.0,14.608917482141399,143.92,219.49,224,-18.0,67.0,-0.08
07:42:29,141.05,59.0,288.0,40.0,140.75,28.0,290.0,40.0,214.53,146.95,87.0,80.0,29.33113823226111,141.05,288.0,167,7.0,-57.0,0.04
07:42:30,141.0,104.0,286.45,44.0,140.0,13.0,288.23,52.0,213.73,145.45,117.0,96.0,32.76449709670517,141.0,286.45,213,21.0,46.0,0.1
07:42:31,141.0,96.0,208.5,48.0,140.0,12.0,223.75,32.0,174.75,67.5,108.0,80.0,28.232379991775378,141.0,208.5,188,28.0,-25.0,0.15
07:42:32,141.07,81.0,191.88,32.0,140.32,25.0,224.1,40.0,166.47,50.81,106.0,72.0,22.470362257871965,141.07,191.88,178,34.0,-10.0,0.19
07:42:33,141.25,24.0,214.09,22.0,140.78,18.0,215.29,14.0,177.67,72.84,42.0,36.0,22.920850769550363,141.25,214.09000000000003,78,6.0,-100.0,0.08
07:42:34,141.0,39.0,214.0,36.0,140.0,9.0,215.0,18.0,177.5,73.0,48.0,54.0,18.29981092798508,141.0,214.0,102,-6.0,24.0,-0.06
07:42:35,141.0,71.0,208.1,42.0,140.0,13.0,208.47,30.0,174.55,67.1,84.0,72.0,4.558181655003154,141.0,208.09999999999997,156,12.0,54.0,0.08
07:42:36,141.0,29.0,184.5,32.0,140.0,39.0,195.45,31.0,162.75,43.5,68.0,63.0,6.797427454560197,141.0,184.5,131,5.0,-25.0,0.04
07:42:37,142.33,18.0,181.86,21.0,140.5,24.0,182.89,27.0,162.1,39.53,42.0,48.0,7.851383954438178,142.33,181.86,90,-6.0,-41.0,-0.07
07:42:38,143.0,33.0,178.75,32.0,141.0,33.0,179.71,35.0,160.88,35.75,66.0,67.0,7.829969987171815,143.0,178.75,133,-1.0,43.0,-0.01
07:42:39,143.0,24.0,176.5,40.0,141.0,24.0,178.0,16.0,159.75,33.5,48.0,56.0,6.005658165431458,143.0,176.5,104,-8.0,-29.0,-0.08
07:42:40,143.0,36.0,174.5,60.0,141.0,36.0,178.0,24.0,158.75,31.5,72.0,84.0,1.6426594291013286,143.0,174.5,156,-12.0,52.0,-0.08
07:42:41,141.67,54.0,171.24,34.0,140.43,63.0,173.56,45.0,156.45,29.57000000000002,117.0,79.0,2.153771111333865,141.67,171.24,196,38.0,40.0,0.19
07:42:42,142.76,17.0,169.56,36.0,140.29,34.0,172.0,18.0,156.16,26.80000000000001,51.0,54.0,2.056421649374714,142.76,169.56,105,-3.0,-91.0,-0.03
07:42:43,144.75,16.0,169.73,49.0,140.4,50.0,172.49,47.0,157.24,24.97999999999999,66.0,96.0,1.5367335488032525,144.75,169.72999999999996,162,-30.0,57.0,-0.19
07:42:44,141.24,178.0,166.2,55.0,140.47,134.0,167.26,58.0,153.72,24.95999999999998,312.0,113.0,1.833720262204189,141.24,166.2,425,199.0,177.5,0.47
07:42:45,144.2,59.0,161.59,29.0,142.18,79.0,162.9,29.0,152.89,17.390000000000015,138.0,58.0,1.8794866320405088,144.2,161.58999999999997,196,80.0,-178.5,0.41
07:42:46,144.86,56.0,156.61,41.0,142.59,68.0,157.24,41.0,150.73,11.75,124.0,82.0,2.600821024219041,144.86,156.61,206,42.0,10.0,0.2
07:42:47,144.0,92.0,150.97,29.0,142.0,84.0,152.49,41.0,147.48,6.969999999999999,176.0,70.0,3.619484769966721,144.0,150.97,246,106.0,40.0,0.43
07:42:48,144.14,128.0,147.0,37.0,142.62,96.0,148.06,52.0,145.57,2.8600000000000136,224.0,89.0,3.4881327383032183,144.14,147.0,313,135.0,67.0,0.43
07:42:49,144.91,53.0,146.94,32.0,143.96,103.0,149.81,37.0,145.92,2.030000000000001,156.0,69.0,3.1829655983098286,144.91,146.94,225,87.0,-88.0,0.39
07:42:50,143.83,71.0,147.5,32.0,140.57,92.0,152.0,48.0,145.67,3.6699999999999875,163.0,80.0,2.1849553771244175,143.83,147.5,243,83.0,18.0,0.34
07:42:51,140.13,188.0,146.38,32.0,135.56,167.0,150.0,38.0,143.25,6.25,355.0,70.0,1.5134959530920211,140.13,146.38,425,285.0,177.5,0.67
07:42:52,140.0,193.0,144.25,24.0,113.85,39.0,145.43,21.0,142.12,4.25,232.0,45.0,1.7144182686925127,140.0,144.25,277,187.0,-148.0,0.68
07:42:53,141.0,150.0,143.16,38.0,140.0,266.0,144.11,37.0,142.08,2.1599999999999966,416.0,75.0,1.8757851689431462,141.0,143.16,491,341.0,177.5,0.69
