Time,Bid1_Price,Bid1_Volume,Ask1_Price,Ask1_Volume,Bid2_Price,Bid2_Volume,Ask2_Price,Ask2_Volume,Mid-Price,Bid_Ask_Spread,Market_Depth_Bid,Market_Depth_Ask,Historical_Volatility,Weighted_Avg_Bid_Price,Weighted_Avg_Ask_Price,Total_volume,Cumulative_Volume_Difference,Total_Volume_Change_Corrected,Order_imbalance
07:30:05,76.33,12.0,165.0,9.0,3.0,8.0,289.0,12.0,120.67,88.67,20.0,21.0,42.79932160677316,76.33,165.0,41,-1.0,11.0,-0.02
07:30:13,111.2,15.0,121.55,22.0,108.62,39.0,123.4,20.0,116.37,10.349999999999994,54.0,42.0,3.7314380605874193,111.2,121.55,96,12.0,18.0,0.12
07:30:14,110.0,9.0,120.4,10.0,108.0,27.0,121.55,11.0,115.2,10.400000000000006,36.0,21.0,1.8625842262835202,110.0,120.4,57,15.0,-39.0,0.26
07:30:15,110.0,27.0,119.03,29.0,108.0,81.0,120.65,34.0,114.52,9.030000000000001,108.0,63.0,1.8410377508351325,110.0,119.03,171,45.0,114.0,0.26
07:30:16,110.0,33.0,118.0,44.0,108.0,99.0,119.0,33.0,114.0,8.0,132.0,77.0,1.7902290356264472,110.0,118.0,209,55.0,38.0,0.26
07:30:17,108.12,82.0,115.15,41.0,107.17,77.0,116.08,50.0,111.63,7.030000000000001,159.0,91.0,1.7573075997103853,108.12,115.15000000000002,250,68.0,41.0,0.27
07:30:18,108.07,58.0,113.13,45.0,106.89,97.0,115.0,60.0,110.6,5.060000000000002,155.0,105.0,1.9752721331502052,108.07,113.12999999999998,260,50.0,10.0,0.19
07:30:19,106.0,52.0,113.0,43.0,104.0,56.0,115.2,51.0,109.5,7.0,108.0,94.0,2.1612959075516773,106.0,113.0,202,14.0,-58.0,0.07
07:30:20,106.0,68.0,111.3,73.0,104.0,34.0,112.72,58.0,108.65,5.299999999999997,102.0,131.0,2.0768076463648493,106.0,111.3,233,-29.0,31.0,-0.12
07:30:21,106.5,52.0,108.71,49.0,105.51,57.0,109.9,63.0,107.61,2.2099999999999937,109.0,112.0,1.5806232947794343,106.5,108.71,221,-3.0,-12.0,-0.01
07:30:22,106.42,38.0,110.65,49.0,105.54,52.0,115.29,28.0,108.54,4.230000000000004,90.0,77.0,1.1262992497553002,106.42,110.65,167,13.0,-54.0,0.08
07:30:23,108.0,12.0,110.89,35.0,106.0,60.0,113.37,38.0,109.44,2.8900000000000006,72.0,73.0,0.7733498561449036,108.0,110.89,145,-1.0,-22.0,-0.01
07:30:24,108.53,17.0,110.44,54.0,106.37,49.0,111.98,61.0,109.49,1.9099999999999966,66.0,115.0,0.7709280122030459,108.53,110.44,181,-49.0,36.0,-0.27
07:30:25,108.0,14.0,111.29,31.0,106.0,70.0,112.35,51.0,109.65,3.2900000000000063,84.0,82.0,0.8639039298436777,108.0,111.29,166,2.0,-15.0,0.01
07:30:26,108.0,15.0,110.57,21.0,106.0,75.0,111.5,36.0,109.29,2.569999999999993,90.0,57.0,0.4342464737903644,108.0,110.57,147,33.0,-19.0,0.22
07:30:27,106.24,41.0,110.32,31.0,105.45,67.0,112.42,38.0,108.28,4.079999999999998,108.0,69.0,0.5463972913543432,106.24000000000001,110.32,177,39.0,30.0,0.22
07:30:28,106.0,59.0,111.0,36.0,105.0,84.0,113.0,72.0,108.5,5.0,143.0,108.0,0.61365299640705,106.0,111.0,251,35.0,74.0,0.14
07:30:29,106.0,24.0,111.0,18.0,105.0,42.0,113.0,36.0,108.5,5.0,66.0,54.0,0.5923090409569464,106.0,111.0,120,12.0,-131.0,0.1
07:30:30,106.0,24.0,111.0,18.0,105.0,30.0,113.0,36.0,108.5,5.0,54.0,54.0,0.38971784665231185,106.0,111.0,108,0.0,-12.0,0.0
07:30:31,106.55,44.0,110.21,43.0,105.31,52.0,112.83,72.0,108.38,3.6599999999999966,96.0,115.0,0.09959919678036987,106.55,110.21,211,-19.0,103.0,-0.09
07:30:32,106.0,40.0,108.7,10.0,104.14,56.0,110.0,30.0,107.35,2.700000000000003,96.0,40.0,0.5035672745515495,106.0,108.7,136,56.0,-75.0,0.41
07:30:33,106.0,40.0,107.6,10.0,104.0,60.0,109.3,30.0,106.8,1.5999999999999943,100.0,40.0,0.7846527894548283,106.0,107.6,140,60.0,4.0,0.43
07:30:34,106.1,42.0,108.89,38.0,104.15,78.0,109.86,42.0,107.49,2.7900000000000063,120.0,80.0,0.7209230194682541,106.1,108.88999999999999,200,40.0,60.0,0.2
07:30:35,107.0,10.0,109.0,15.0,106.0,31.0,110.0,15.0,108.0,2.0,41.0,30.0,0.6088760136507404,107.0,109.0,71,11.0,-129.0,0.15
07:30:36,106.25,40.0,108.57,37.0,104.76,58.0,109.64,33.0,107.41,2.319999999999993,98.0,70.0,0.4272587038308247,106.25,108.57,168,28.0,97.0,0.17
07:30:37,106.0,45.0,107.89,36.0,104.0,18.0,109.0,27.0,106.94,1.8900000000000006,63.0,63.0,0.4779853554233499,106.0,107.89,126,0.0,-42.0,0.0
07:30:38,105.94,62.0,107.0,52.0,103.45,33.0,108.9,63.0,106.47,1.0600000000000023,95.0,115.0,0.5808356049685458,105.94,107.0,210,-20.0,84.0,-0.1
07:30:39,103.05,38.0,106.92,52.0,101.88,96.0,108.0,39.0,104.99,3.8700000000000045,134.0,91.0,1.1412142655956903,103.05,106.92,225,43.0,15.0,0.19
07:30:40,102.01,72.0,105.69,55.0,100.6,40.0,107.73,45.0,103.85,3.6799999999999926,112.0,100.0,1.4758116410975357,102.01,105.69,212,12.0,-13.0,0.06
07:30:41,101.07,42.0,107.0,39.0,100.38,32.0,109.0,65.0,104.04,5.930000000000007,74.0,104.0,1.399632094515878,101.07,107.0,178,-30.0,-34.0,-0.17
07:30:42,101.26,23.0,106.75,24.0,100.55,22.0,108.8,60.0,104.01,5.489999999999995,45.0,84.0,1.1008269618785747,101.26,106.75,129,-39.0,-49.0,-0.3
07:30:43,103.0,10.0,104.8,30.0,101.0,40.0,107.0,30.0,103.9,1.7999999999999972,50.0,60.0,0.47156123674315803,103.0,104.8,110,-10.0,-19.0,-0.09
07:30:44,101.08,96.0,106.45,38.0,98.27,88.0,107.95,42.0,103.77,5.3700000000000045,184.0,80.0,0.1119374825458652,101.08,106.45,264,104.0,154.0,0.39
07:30:45,101.0,70.0,106.64,22.0,97.0,60.0,107.49,35.0,103.82,5.640000000000001,130.0,57.0,0.11691877521897501,101.0,106.64,187,73.0,-77.0,0.39
07:30:46,101.0,124.0,104.28,43.0,97.0,108.0,106.55,71.0,102.64,3.280000000000001,232.0,114.0,0.5597052795879852,101.0,104.28,346,118.0,159.0,0.34
07:30:47,101.65,60.0,118.8,25.0,98.77,62.0,351.41,37.0,110.22,17.14999999999999,122.0,62.0,3.0351606217791556,101.65,118.8,184,60.0,-162.0,0.33
07:30:48,105.57,42.0,231.0,27.0,104.73,44.0,350.5,40.0,168.29,125.43,86.0,67.0,28.4112208467007,105.57,231.0,153,19.0,-31.0,0.12
07:30:49,108.0,30.0,298.33,36.0,107.0,60.0,396.38,32.0,203.17,190.32999999999998,90.0,68.0,45.70079725781601,108.0,298.33,158,22.0,5.0,0.14
07:30:51,107.0,40.0,349.4,20.0,106.0,68.0,567.09,22.0,228.2,242.39999999999998,108.0,42.0,83.00611091961854,107.0,349.4,150,66.0,72.0,0.44
07:30:52,107.0,8.0,261.0,8.0,106.0,64.0,301.43,14.0,184.0,154.0,72.0,22.0,65.8749848576834,107.0,261.0,94,50.0,-56.0,0.53
07:30:53,107.0,12.0,332.71,17.0,106.0,96.0,462.89,18.0,219.85,225.70999999999998,108.0,35.0,58.691040798404806,107.0,332.71,143,73.0,49.0,0.51
07:30:54,107.0,10.0,300.83,12.0,106.0,80.0,538.31,16.0,203.92,193.82999999999998,90.0,28.0,58.593623970531276,107.0,300.83,118,62.0,-25.0,0.53
07:30:57,107.0,9.0,383.23,22.0,106.0,112.0,490.44,18.0,245.11,276.23,121.0,40.0,30.373401686344202,107.0,383.2300000000001,161,81.0,-2.0,0.5
07:30:58,107.0,8.0,354.59,22.0,106.0,128.0,615.0,24.0,230.8,247.58999999999997,136.0,46.0,28.691360720607467,107.0,354.59,182,90.0,21.0,0.49
07:30:59,107.0,10.0,351.64,14.0,106.0,160.0,434.0,24.0,229.32,244.64,170.0,38.0,20.881139336732026,107.0,351.64,208,132.0,26.0,0.63
07:31:00,107.0,10.0,358.18,22.0,106.0,160.0,365.05,19.0,232.59,251.18,170.0,41.0,17.710167418746124,107.0,358.18,211,129.0,3.0,0.61
07:31:01,107.96,52.0,335.96,25.0,106.27,44.0,336.93,29.0,221.96,228.0,96.0,54.0,8.390985043486566,107.96000000000001,335.96,150,42.0,-61.0,0.28
07:31:02,108.0,39.0,142.52,46.0,106.06,53.0,322.23,26.0,125.26,34.52000000000001,92.0,72.0,46.42154327464793,108.0,142.52,164,20.0,14.0,0.12
07:31:03,106.55,58.0,181.82,22.0,105.52,91.0,304.65,17.0,144.18,75.27,149.0,39.0,51.64775135472993,106.55,181.82,188,110.0,24.0,0.59
07:31:04,108.0,22.0,151.32,28.0,107.0,88.0,166.7,30.0,129.66,43.31999999999999,110.0,58.0,52.226288399617324,108.0,151.32,168,52.0,-20.0,0.31
07:31:05,109.69,26.0,143.0,26.0,107.0,104.0,144.27,33.0,126.35,33.31,130.0,59.0,41.21855795633804,109.69,143.0,189,71.0,21.0,0.38
07:31:06,111.75,24.0,138.6,10.0,107.8,30.0,140.11,9.0,125.17,26.849999999999994,54.0,19.0,8.065824818330194,111.75,138.6,73,35.0,-116.0,0.48
07:31:07,112.0,73.0,134.67,30.0,111.0,26.0,135.41,27.0,123.33,22.669999999999987,99.0,57.0,8.396205690667138,112.0,134.67,156,42.0,83.0,0.27
07:31:08,112.0,22.0,133.0,16.0,107.14,58.0,134.0,24.0,122.5,21.0,80.0,40.0,2.819480448591536,112.0,133.0,120,40.0,-36.0,0.33
07:31:09,112.0,30.0,129.9,31.0,107.0,120.0,131.16,37.0,120.95,17.900000000000006,150.0,68.0,2.1397897092914193,112.0,129.9,218,82.0,98.0,0.38
07:31:10,112.0,28.0,125.79,28.0,107.0,112.0,126.86,28.0,118.89,13.790000000000006,140.0,56.0,2.3822930130420716,112.0,125.79,196,84.0,-22.0,0.43
07:31:11,112.0,14.0,120.47,15.0,107.0,80.0,121.94,17.0,116.23,8.469999999999999,94.0,32.0,2.870731614064362,112.0,120.47,126,62.0,-70.0,0.49
07:31:12,112.0,12.0,116.69,26.0,107.0,96.0,118.08,24.0,114.35,4.689999999999998,108.0,50.0,3.335218133793968,112.0,116.69,158,58.0,32.0,0.37
07:31:13,112.0,8.0,114.37,19.0,107.0,64.0,115.29,21.0,113.18,2.3700000000000045,72.0,40.0,3.201187279742875,112.0,114.37,112,32.0,-46.0,0.29
07:31:14,107.31,48.0,113.0,22.0,106.41,58.0,115.0,33.0,110.16,5.689999999999998,106.0,55.0,3.2728534950386887,107.31,113.0,161,51.0,49.0,0.32
07:31:15,107.0,36.0,109.77,26.0,106.0,34.0,110.79,29.0,108.38,2.769999999999996,70.0,55.0,3.17174242333553,107.0,109.77,125,15.0,-36.0,0.12
07:31:16,106.06,33.0,107.4,30.0,104.63,27.0,116.47,30.0,106.73,1.3400000000000034,60.0,60.0,3.194127423880539,106.06,107.4,120,0.0,-5.0,0.0
07:31:17,105.0,14.0,112.88,25.0,104.0,28.0,189.67,15.0,108.94,7.8799999999999955,42.0,40.0,2.4091741323502123,105.0,112.88,82,2.0,-38.0,0.02
07:31:18,106.02,45.0,222.55,22.0,104.41,34.0,358.31,16.0,164.28,116.53000000000002,79.0,38.0,24.952599463783102,106.02,222.55,117,41.0,35.0,0.35
07:31:19,108.26,62.0,135.21,38.0,105.0,126.0,295.36,14.0,121.73,26.950000000000003,188.0,52.0,24.376789575331482,108.26,135.21,240,136.0,123.0,0.57
07:31:20,109.91,44.0,127.73,30.0,106.38,100.0,179.5,12.0,118.82,17.820000000000007,144.0,42.0,23.34239812015874,109.91,127.73,186,102.0,-54.0,0.55
07:31:21,111.82,33.0,130.67,48.0,108.71,28.0,458.58,12.0,121.24,18.849999999999994,61.0,60.0,21.46989101043578,111.82,130.67,121,1.0,-65.0,0.01
07:31:22,112.0,17.0,127.86,28.0,110.0,7.0,594.0,16.0,119.93,15.86,24.0,44.0,19.64335892865555,112.0,127.86,68,-20.0,-53.0,-0.29
07:31:23,112.0,96.0,126.0,24.0,110.0,6.0,346.33,12.0,119.0,14.0,102.0,36.0,1.306150833552095,112.0,126.0,138,66.0,70.0,0.48
07:31:24,112.12,146.0,124.82,44.0,111.71,56.0,191.0,11.0,118.47,12.699999999999989,202.0,55.0,1.1164094231009556,112.12,124.82,257,147.0,119.0,0.57
07:31:28,112.08,104.0,113.38,16.0,111.68,38.0,117.2,20.0,112.73,1.2999999999999972,142.0,36.0,2.300886785564953,112.08,113.38,178,106.0,-170.5,0.6
07:31:29,112.0,240.0,113.0,30.0,110.0,15.0,118.0,30.0,112.5,1.0,255.0,60.0,2.2041483616097772,112.0,113.0,315,195.0,137.0,0.62
07:31:30,112.0,144.0,113.0,20.0,110.0,10.0,146.0,12.0,112.5,1.0,154.0,32.0,1.693685330864847,112.0,113.0,186,122.0,-129.0,0.66
07:31:31,112.0,180.0,113.0,30.0,110.0,15.0,223.65,57.0,112.5,1.0,195.0,87.0,0.9277391874802691,112.0,113.0,282,108.0,96.0,0.38
07:31:32,112.0,100.0,168.11,18.0,110.0,9.0,265.31,26.0,140.06,56.110000000000014,109.0,44.0,12.299895121503596,112.0,168.11,153,65.0,-129.0,0.42
07:31:33,112.0,90.0,236.67,18.0,110.0,9.0,305.0,30.0,174.33,124.66999999999999,99.0,48.0,27.314776587041514,112.0,236.66999999999996,147,51.0,-6.0,0.35
07:31:34,112.0,90.0,228.24,17.0,110.0,9.0,236.89,18.0,170.12,116.24000000000001,99.0,35.0,29.917298006337305,112.0,228.24,134,64.0,-13.0,0.48
07:31:35,112.0,116.0,207.57,28.0,108.67,84.0,269.67,24.0,159.79,95.57,200.0,52.0,25.438224191165475,112.0,207.57,252,148.0,118.0,0.59
07:31:36,112.0,74.0,234.56,18.0,110.0,39.0,477.41,29.0,173.28,122.56,113.0,47.0,14.317455430347929,112.0,234.56,160,66.0,-92.0,0.41
07:31:37,112.0,96.0,232.64,44.0,110.0,65.0,340.19,32.0,172.32,120.63999999999999,161.0,76.0,5.897946252722292,112.0,232.64,237,85.0,77.0,0.36
07:31:38,112.0,28.0,229.56,18.0,110.0,35.0,230.83,24.0,170.78,117.56,63.0,42.0,5.437252982895015,112.0,229.56,105,21.0,-132.0,0.2
07:31:39,112.0,25.0,227.33,24.0,110.0,40.0,228.0,24.0,169.67,115.33000000000001,65.0,48.0,5.4231236386422825,112.0,227.33,113,17.0,8.0,0.15
07:31:40,110.75,48.0,187.6,40.0,108.53,114.0,203.63,38.0,149.18,76.85,162.0,78.0,10.083401211892747,110.75,187.6,240,84.0,127.0,0.35
07:31:41,110.0,52.0,159.38,26.0,108.0,187.0,178.71,35.0,134.69,49.379999999999995,239.0,61.0,16.71010382971927,110.0,159.38,300,178.0,60.0,0.59
07:31:42,110.0,48.0,137.83,24.0,108.0,204.0,145.54,37.0,123.92,27.830000000000013,252.0,61.0,20.816656071521106,110.0,137.83,313,191.0,13.0,0.61
07:31:43,111.5,64.0,135.7,20.0,108.52,92.0,168.71,34.0,123.6,24.19999999999999,156.0,54.0,19.494095772822973,111.5,135.7,210,102.0,-103.0,0.49
07:31:44,112.0,64.0,133.62,32.0,110.0,52.0,176.61,46.0,122.81,21.620000000000005,116.0,78.0,11.357409475756015,112.0,133.62,194,38.0,-16.0,0.2
07:31:45,112.0,27.0,131.67,36.0,110.0,36.0,134.0,18.0,121.83,19.669999999999987,63.0,54.0,5.27216748595787,112.0,131.67,117,9.0,-77.0,0.08
07:31:46,112.0,51.0,125.24,45.0,110.0,68.0,130.2,60.0,118.62,13.239999999999995,119.0,105.0,2.1350714273744353,112.0,125.24000000000001,224,14.0,107.0,0.06
07:31:47,112.0,30.0,124.0,20.0,110.0,40.0,131.0,40.0,118.0,12.0,70.0,60.0,2.5192002699250566,112.0,124.0,130,10.0,-94.0,0.08
07:31:48,112.0,33.0,129.68,38.0,108.81,47.0,147.0,28.0,120.84,17.680000000000007,80.0,66.0,2.0599150467896448,112.0,129.68,146,14.0,16.0,0.1
07:31:49,112.0,18.0,130.0,24.0,110.0,30.0,159.0,12.0,121.0,18.0,48.0,36.0,1.653940748633493,112.0,130.0,84,12.0,-62.0,0.14
07:31:50,110.38,47.0,126.67,48.0,108.42,71.0,133.6,40.0,118.52,16.290000000000006,118.0,88.0,1.4121189751540721,110.38,126.67,206,30.0,122.0,0.15
07:31:51,110.0,36.0,122.89,36.0,108.0,54.0,124.44,36.0,116.44,12.89,90.0,72.0,1.9468949637795288,110.0,122.89,162,18.0,-44.0,0.11
07:31:52,109.19,26.0,120.5,32.0,107.5,54.0,122.5,32.0,114.85,11.310000000000002,80.0,64.0,2.699425864881265,109.19,120.5,144,16.0,-18.0,0.11
07:31:55,108.74,47.0,112.5,26.0,107.81,43.0,117.13,47.0,110.62,3.760000000000005,90.0,73.0,2.3700886059362998,108.74,112.5,163,17.0,44.0,0.1
07:31:56,108.0,60.0,109.08,39.0,107.0,12.0,110.57,21.0,108.54,1.0799999999999983,72.0,60.0,3.3517487972681748,108.0,109.08,132,12.0,-31.0,0.09
07:31:57,105.45,66.0,107.45,33.0,90.77,120.0,108.66,29.0,106.45,2.0,186.0,62.0,4.253071831040273,105.45,107.45,248,124.0,116.0,0.5
07:31:58,104.0,57.0,153.24,25.0,82.96,106.0,216.27,52.0,128.62,49.24000000000001,163.0,77.0,8.858003160983227,104.0,153.24,240,86.0,-8.0,0.36
07:31:59,104.17,24.0,108.06,33.0,95.14,28.0,182.5,40.0,106.11,3.8900000000000006,52.0,73.0,9.428306846936433,104.17,108.06,125,-21.0,-115.0,-0.17
07:32:00,105.0,15.0,107.73,70.0,104.0,75.0,230.33,75.0,106.36,2.730000000000004,90.0,145.0,9.777869399822656,105.0,107.73,235,-55.0,110.0,-0.23
07:32:01,104.26,42.0,109.0,28.0,96.53,91.0,314.79,43.0,106.63,4.739999999999995,133.0,71.0,9.944442166355445,104.26,109.0,204,62.0,-31.0,0.3
07:32:02,79.86,98.0,109.0,22.0,73.2,61.0,304.7,37.0,94.43,29.14,159.0,59.0,12.415145991891821,79.86,109.0,218,100.0,14.0,0.46
07:32:03,107.0,80.0,109.0,20.0,76.0,101.0,266.5,50.0,108.0,2.0,181.0,70.0,5.569006195003426,107.0,109.0,251,111.0,33.0,0.44
07:32:04,107.0,48.0,109.0,12.0,87.95,74.0,280.0,30.0,108.0,2.0,122.0,42.0,5.782130230285948,107.0,109.0,164,80.0,-87.0,0.49
07:32:05,107.0,48.0,109.0,12.0,87.41,85.0,485.17,30.0,108.0,2.0,133.0,42.0,5.945188811130115,107.0,109.0,175,91.0,11.0,0.52
07:32:06,107.0,51.0,108.82,17.0,97.78,37.0,475.16,31.0,107.91,1.8199999999999932,88.0,48.0,6.058751521558445,107.0,108.82,136,40.0,-39.0,0.29
07:32:07,107.48,42.0,109.0,20.0,106.59,37.0,565.76,41.0,108.24,1.519999999999996,79.0,61.0,0.12369316871798106,107.47999999999999,109.0,140,18.0,4.0,0.13
07:32:08,108.0,12.0,109.0,6.0,107.0,12.0,383.0,12.0,108.5,1.0,24.0,18.0,0.24041630557746738,108.0,109.0,42,6.0,-98.0,0.14
07:32:09,108.0,20.0,109.0,10.0,107.0,20.0,309.6,25.0,108.5,1.0,40.0,35.0,0.27440845465754476,108.0,109.0,75,5.0,33.0,0.07
07:32:10,108.0,28.0,320.88,32.0,107.0,28.0,458.59,29.0,214.44,212.88,56.0,61.0,47.473460164601356,108.0,320.88,117,-5.0,42.0,-0.04
07:32:11,109.9,40.0,355.46,74.0,107.95,81.0,550.64,56.0,232.68,245.55999999999997,121.0,130.0,63.39735735817383,109.9,355.46,251,-9.0,134.0,-0.04
07:32:13,112.0,17.0,286.88,17.0,109.17,48.0,328.46,24.0,199.44,174.88,65.0,41.0,62.19551655867169,112.0,286.88,106,24.0,-17.0,0.23
07:32:14,112.0,22.0,201.67,12.0,110.0,48.0,345.0,36.0,156.83,89.66999999999999,70.0,48.0,44.339205563474025,112.0,201.67,118,22.0,12.0,0.19
07:32:15,112.0,24.0,197.62,26.0,110.0,32.0,197.95,22.0,154.81,85.62,56.0,48.0,52.25115529823244,112.0,197.62,104,8.0,-14.0,0.08
07:32:16,111.43,42.0,194.03,37.0,109.45,55.0,195.06,51.0,152.73,82.6,97.0,88.0,53.60833312088711,111.43,194.03,185,9.0,81.0,0.05
07:32:17,110.0,28.0,188.1,30.0,108.0,61.0,190.31,36.0,149.05,78.1,89.0,66.0,20.809721766520546,110.0,188.1,155,23.0,-30.0,0.15
07:32:18,110.0,22.0,185.26,47.0,108.0,66.0,187.12,25.0,147.63,75.25999999999999,88.0,72.0,3.8515191807905724,110.0,185.26,160,16.0,5.0,0.1
07:32:19,108.25,63.0,172.11,38.0,107.38,64.0,184.26,42.0,140.18,63.860000000000014,127.0,80.0,5.640673718625931,108.25,172.11,207,47.0,47.0,0.23
07:32:20,108.0,39.0,162.57,28.0,107.0,48.0,283.76,55.0,135.29,54.56999999999999,87.0,83.0,7.081417937108146,108.0,162.57,170,4.0,-37.0,0.02
07:32:21,107.78,27.0,184.0,60.0,106.49,43.0,375.38,47.0,145.89,76.22,70.0,107.0,5.7432499510292,107.78,184.0,177,-37.0,7.0,-0.21
07:32:22,112.0,17.0,181.96,83.0,109.88,233.0,398.86,70.0,146.98,69.96000000000001,250.0,153.0,5.3112550305927515,112.0,181.96,403,97.0,169.5,0.24
07:32:23,110.39,31.0,182.0,40.0,109.82,102.0,346.25,32.0,146.19,71.61,133.0,72.0,5.0428394779128976,110.39,182.0,205,61.0,-170.5,0.3
07:32:24,110.0,96.0,179.88,40.0,107.0,24.0,679.5,32.0,144.94,69.88,120.0,72.0,4.8449840041012395,110.0,179.88,192,48.0,-13.0,0.25
07:32:25,110.0,84.0,176.86,35.0,107.0,21.0,731.0,25.0,143.43,66.86000000000001,105.0,60.0,1.3616277024197694,110.0,176.86,165,45.0,-27.0,0.27
07:32:26,110.0,114.0,174.7,50.0,107.0,30.0,576.0,40.0,142.35,64.69999999999999,144.0,90.0,1.9092590185715863,110.0,174.7,234,54.0,69.0,0.23
07:32:27,110.0,126.0,180.79,48.0,107.0,42.0,359.35,40.0,145.4,70.78999999999999,168.0,88.0,1.550796569507731,110.0,180.79,256,80.0,22.0,0.31
07:32:28,110.0,107.0,152.69,39.0,107.59,51.0,281.06,31.0,131.35,42.69,158.0,70.0,5.798993878251365,110.0,152.69,228,88.0,-28.0,0.39
07:32:29,110.0,40.0,144.45,33.0,107.25,20.0,219.48,25.0,127.23,34.44999999999999,60.0,58.0,8.114358877939559,110.0,144.45,118,2.0,-110.0,0.02
07:32:30,110.0,28.0,149.67,27.0,108.0,9.0,186.0,27.0,129.83,39.66999999999999,37.0,54.0,8.098420833717908,110.0,149.67,91,-17.0,-27.0,-0.19
07:32:31,110.0,25.0,149.0,27.0,108.0,12.0,181.86,29.0,129.5,39.0,37.0,56.0,7.271572732222107,110.0,149.0,93,-19.0,2.0,-0.2
07:32:32,110.0,24.0,148.32,31.0,108.0,20.0,182.3,30.0,129.16,38.31999999999999,44.0,61.0,1.4801114822863284,110.0,148.32,105,-17.0,12.0,-0.16
07:32:33,109.68,25.0,147.36,33.0,107.21,28.0,267.17,41.0,128.52,37.68000000000001,53.0,74.0,1.0261919898322043,109.68,147.36,127,-21.0,22.0,-0.17
07:32:34,108.88,17.0,146.0,39.0,106.24,34.0,396.44,57.0,127.44,37.120000000000005,51.0,96.0,0.9444575162471786,108.88,146.0,147,-45.0,20.0,-0.31
07:32:35,109.36,11.0,146.0,21.0,107.08,13.0,154.0,35.0,127.68,36.64,24.0,56.0,0.8977750274961606,109.36,146.0,80,-32.0,-67.0,-0.4
07:32:36,108.0,10.0,145.59,32.0,107.0,20.0,153.44,48.0,126.8,37.59,30.0,80.0,0.9273618495472312,108.0,145.59,110,-50.0,30.0,-0.45
07:32:37,108.0,63.0,142.43,61.0,107.0,28.0,143.69,39.0,125.21,34.43000000000001,91.0,100.0,1.2375378782063828,108.0,142.43,191,-9.0,81.0,-0.05
07:32:38,107.57,14.0,139.18,49.0,106.57,28.0,140.18,33.0,123.38,31.610000000000014,42.0,82.0,1.800866458123806,107.57000000000001,139.18,124,-40.0,-67.0,-0.32
07:32:39,106.43,14.0,136.0,26.0,93.04,27.0,138.0,39.0,121.21,29.569999999999993,41.0,65.0,2.614924473095767,106.42999999999999,136.0,106,-24.0,-18.0,-0.23
07:32:40,109.07,28.0,134.59,44.0,107.56,41.0,136.07,41.0,121.83,25.52000000000001,69.0,85.0,2.328546757098715,109.07000000000001,134.59,154,-16.0,48.0,-0.1
07:32:41,112.52,21.0,129.25,63.0,109.32,85.0,130.28,43.0,120.89,16.730000000000004,106.0,106.0,1.7904971376672767,112.52000000000001,129.25,212,0.0,58.0,0.0
07:32:42,110.4,40.0,126.76,54.0,108.67,84.0,127.33,30.0,118.58,16.36,124.0,84.0,1.7397902172372575,110.4,126.76,208,40.0,-4.0,0.19
07:32:43,110.0,48.0,121.85,47.0,108.0,84.0,122.9,31.0,115.93,11.849999999999994,132.0,78.0,2.4341158559103535,110.0,121.85,210,54.0,2.0,0.26
07:32:44,110.0,43.0,115.43,46.0,108.0,98.0,117.57,42.0,112.72,5.430000000000007,141.0,88.0,3.7255939123841624,110.0,115.43000000000002,229,53.0,19.0,0.23
07:32:45,108.6,20.0,111.0,28.0,107.91,44.0,115.5,12.0,109.8,2.4000000000000057,64.0,40.0,4.441467099956223,108.6,111.0,104,24.0,-125.0,0.23
07:32:46,108.0,82.0,109.33,36.0,106.0,12.0,118.0,36.0,108.67,1.3299999999999983,94.0,72.0,4.1439896235383,108.0,109.33,166,22.0,62.0,0.13
07:32:47,107.58,38.0,108.79,42.0,104.86,14.0,256.0,48.0,108.18,1.210000000000008,52.0,90.0,3.2429384823016205,107.58,108.79,142,-38.0,-24.0,-0.27
07:32:48,84.25,55.0,187.48,33.0,29.47,57.0,259.73,59.0,135.87,103.22999999999999,112.0,92.0,11.77247934803852,84.25,187.48,204,20.0,62.0,0.1
07:32:50,96.56,108.0,147.0,55.0,78.62,64.0,172.32,25.0,121.78,50.44,172.0,80.0,15.664790774217026,96.56,147.0,252,92.0,16.0,0.37
07:32:51,98.76,145.0,101.05,74.0,83.78,36.0,148.3,37.0,99.91,2.289999999999992,181.0,111.0,18.041018541091148,98.76,101.05,292,70.0,40.0,0.24
07:32:52,99.87,90.0,101.0,69.0,77.0,18.0,197.53,34.0,100.43,1.1299999999999955,108.0,103.0,19.74540073029652,99.87000000000002,101.0,211,5.0,-81.0,0.02
07:32:53,100.0,56.0,101.0,52.0,58.25,32.0,200.17,36.0,100.5,1.0,88.0,88.0,19.028400615921274,100.0,101.0,176,0.0,-35.0,0.0
07:32:55,109.28,50.0,292.73,33.0,107.84,25.0,363.33,48.0,201.0,183.45000000000002,75.0,81.0,44.13264970517855,109.28,292.73,156,-6.0,-56.0,-0.04
07:32:56,111.67,27.0,185.15,26.0,109.54,26.0,288.36,22.0,148.41,73.48,53.0,48.0,41.53753447184845,111.67,185.15000000000003,101,5.0,-55.0,0.05
07:33:02,110.88,17.0,219.91,11.0,108.41,97.0,493.64,22.0,165.4,109.03,114.0,33.0,52.23094647811792,110.88,219.90999999999997,147,81.0,77.0,0.55
07:33:03,111.15,26.0,323.0,7.0,108.3,53.0,662.0,14.0,217.08,211.85,79.0,21.0,52.7346283764285,111.15,323.0,100,58.0,-47.0,0.58
07:33:13,112.0,48.0,368.85,26.0,110.0,72.0,409.92,24.0,240.42,256.85,120.0,50.0,74.21443781367623,112.0,368.85,170,70.0,89.0,0.41
07:33:14,112.0,32.0,179.87,23.0,110.0,48.0,297.42,12.0,145.93,67.87,80.0,35.0,41.25354263575449,112.0,179.87,115,45.0,-55.0,0.39
07:33:15,109.0,64.0,149.6,30.0,107.86,126.0,334.5,10.0,129.3,40.599999999999994,190.0,40.0,44.86492728178675,109.0,149.6,230,150.0,115.0,0.65
07:33:16,110.33,135.0,148.77,39.0,107.58,144.0,221.55,22.0,129.55,38.44000000000001,279.0,61.0,46.746191823505924,110.33,148.77,340,218.0,110.0,0.64
07:33:22,111.5,24.0,127.11,62.0,108.1,240.0,128.19,62.0,119.31,15.61,264.0,124.0,4.35309889619,111.5,127.11,388,140.0,-82.0,0.36
07:33:23,110.0,27.0,121.22,40.0,108.0,228.0,122.67,46.0,115.61,11.219999999999999,255.0,86.0,5.286844994891608,110.0,121.22,341,169.0,-47.0,0.5
07:33:24,110.0,9.0,115.06,35.0,108.0,171.0,116.03,37.0,112.53,5.060000000000002,180.0,72.0,5.421860381825618,110.0,115.06,252,108.0,-89.0,0.43
07:33:25,108.05,146.0,110.25,59.0,107.9,84.0,111.3,47.0,109.15,2.200000000000003,230.0,106.0,5.435827443914128,108.05,110.25,336,124.0,84.0,0.37
07:33:26,108.0,70.0,109.0,50.0,107.0,10.0,110.0,40.0,108.5,1.0,80.0,90.0,4.525472351038044,108.0,109.0,170,-10.0,-166.0,-0.06
07:33:27,111.0,15.0,142.68,22.0,106.29,35.0,334.22,18.0,126.84,31.680000000000007,50.0,40.0,7.449961744868891,111.0,142.68,90,10.0,-80.0,0.11
07:33:31,111.81,21.0,210.95,42.0,109.08,59.0,276.42,53.0,161.38,99.13999999999999,80.0,95.0,44.09303369014217,111.81000000000002,210.95,175,-15.0,57.0,-0.09
07:33:32,108.0,8.0,217.57,35.0,106.05,44.0,218.68,37.0,162.79,109.57,52.0,72.0,39.95291691478875,108.0,217.57,124,-20.0,-51.0,-0.16
07:33:33,106.8,20.0,214.8,49.0,104.59,41.0,215.84,50.0,160.8,108.00000000000001,61.0,99.0,27.858793405314838,106.8,214.8,160,-38.0,36.0,-0.24
07:33:34,106.0,44.0,210.53,53.0,104.0,121.0,211.94,47.0,158.26,104.53,165.0,100.0,29.156366028708266,106.0,210.53,265,65.0,105.0,0.25
07:33:35,106.1,40.0,209.0,50.0,104.08,103.0,211.0,40.0,157.55,102.9,143.0,90.0,2.192995668033105,106.1,209.0,233,53.0,-32.0,0.23
07:33:36,106.64,44.0,204.96,53.0,104.78,72.0,206.3,50.0,155.8,98.32000000000001,116.0,103.0,2.7607154869728645,106.64,204.96,219,13.0,-14.0,0.06
07:33:37,106.0,40.0,201.34,41.0,104.0,116.0,203.1,50.0,153.67,95.34,156.0,91.0,2.6751504630602985,106.0,201.34,247,65.0,28.0,0.26
07:33:38,106.34,29.0,197.41,34.0,104.11,70.0,198.45,29.0,151.88,91.07,99.0,63.0,2.6617794799741743,106.34,197.41,162,36.0,-85.0,0.22
07:33:39,108.0,55.0,194.34,50.0,106.0,44.0,195.73,51.0,151.17,86.34,99.0,101.0,2.6671014228955596,108.0,194.34,200,-2.0,38.0,-0.01
07:33:40,108.0,32.0,189.36,36.0,106.0,32.0,192.38,40.0,148.68,81.36000000000001,64.0,76.0,2.6770599545044527,108.0,189.36,140,-12.0,-60.0,-0.09
07:33:41,109.43,56.0,119.95,66.0,108.0,42.0,131.92,62.0,114.69,10.519999999999996,98.0,128.0,16.49233973698125,109.42999999999999,119.95,226,-30.0,86.0,-0.13
07:33:42,109.0,45.0,118.47,64.0,106.98,55.0,119.32,76.0,113.73,9.469999999999999,100.0,140.0,19.95714283157813,109.0,118.47,240,-40.0,14.0,-0.17
07:33:43,108.5,18.0,113.33,45.0,107.38,39.0,114.74,39.0,110.92,4.829999999999998,57.0,84.0,20.22928248851179,108.5,113.33000000000001,141,-27.0,-99.0,-0.19
07:33:44,104.49,90.0,110.56,34.0,89.17,30.0,112.07,44.0,107.52,6.070000000000007,120.0,78.0,16.76506695483229,104.49000000000001,110.56,198,42.0,57.0,0.21
07:33:45,105.6,50.0,109.14,37.0,104.15,170.0,111.0,15.0,107.37,3.5400000000000063,220.0,52.0,3.400151467215735,105.6,109.14,272,168.0,74.0,0.62
07:33:46,106.0,208.0,107.43,14.0,104.0,154.0,207.38,24.0,106.71,1.4300000000000068,362.0,38.0,2.9932507412526093,106.0,107.42999999999999,400,324.0,128.0,0.81
07:33:47,107.66,135.0,228.51,41.0,105.22,170.0,257.94,35.0,168.09,120.85,305.0,76.0,26.864993392889748,107.66,228.51,381,229.0,-19.0,0.6
07:33:48,110.0,91.0,198.57,21.0,106.0,169.0,223.61,41.0,154.29,88.57,260.0,62.0,29.97288574695486,110.0,198.57000000000002,322,198.0,-59.0,0.61
07:33:49,110.0,66.0,119.0,12.0,106.0,156.0,201.0,19.0,114.5,9.0,222.0,31.0,28.87671587975353,110.0,119.0,253,191.0,-69.0,0.75
07:33:50,110.0,20.0,118.2,5.0,106.0,65.0,223.0,10.0,114.1,8.200000000000003,85.0,15.0,27.67900413671001,110.0,118.2,100,70.0,-153.0,0.7
07:33:51,110.0,34.0,115.94,18.0,106.05,133.0,116.45,20.0,112.97,5.939999999999998,167.0,38.0,26.386609293351995,110.0,115.94,205,129.0,105.0,0.63
07:33:52,110.0,8.0,111.44,9.0,108.0,8.0,112.21,14.0,110.72,1.4399999999999977,16.0,23.0,18.491512377304606,110.0,111.44,39,-7.0,-166.0,-0.18
07:33:53,106.39,61.0,110.1,20.0,105.64,171.0,157.37,19.0,108.25,3.7099999999999937,232.0,39.0,2.6097643571804263,106.39,110.1,271,193.0,169.5,0.71
07:33:54,106.0,119.0,109.0,14.0,104.0,77.0,344.88,8.0,107.5,3.0,196.0,22.0,2.8703431850580765,106.0,109.0,218,174.0,-53.0,0.8
07:33:55,106.12,173.0,108.29,34.0,104.92,184.0,319.71,14.0,107.2,2.1700000000000017,357.0,48.0,2.461395945395488,106.12000000000002,108.29,405,309.0,169.5,0.76
07:33:56,106.08,120.0,132.35,17.0,104.99,152.0,301.75,20.0,119.22,26.269999999999996,272.0,37.0,5.025158703962427,106.08,132.35,309,235.0,-96.0,0.76
07:33:57,108.0,7.0,159.0,7.0,106.0,105.0,164.0,7.0,133.5,51.0,112.0,14.0,11.430454059223077,108.0,159.0,126,98.0,-170.5,0.78
07:33:58,106.04,100.0,163.44,9.0,105.09,55.0,428.6,10.0,134.74,57.39999999999999,155.0,19.0,13.409724829391891,106.04,163.44,174,136.0,48.0,0.78
07:33:59,106.0,134.0,340.43,14.0,104.0,30.0,473.88,16.0,223.21,234.43,164.0,30.0,45.928212244763124,106.0,340.43,194,134.0,20.0,0.69
07:34:00,106.11,110.0,405.36,11.0,105.2,60.0,435.71,21.0,255.74,299.25,170.0,32.0,61.81205400243555,106.11,405.36,202,138.0,8.0,0.68
07:34:01,106.03,70.0,330.73,11.0,104.92,39.0,445.0,16.0,218.38,224.70000000000002,109.0,27.0,55.73936831360765,106.03,330.73,136,82.0,-66.0,0.6
07:34:02,107.0,9.0,209.82,17.0,106.0,90.0,479.1,10.0,158.41,102.82,99.0,27.0,49.8847314315714,107.0,209.82,126,72.0,-10.0,0.57
07:34:03,111.69,32.0,371.21,19.0,106.07,75.0,545.05,19.0,241.45,259.52,107.0,38.0,37.222733241931714,111.69,371.21,145,69.0,19.0,0.48
07:34:06,112.0,13.0,147.57,51.0,107.0,13.0,149.32,38.0,129.78,35.56999999999999,26.0,89.0,47.5280206825406,112.0,147.57,115,-63.0,40.0,-0.55
07:34:07,106.18,65.0,133.67,45.0,104.26,23.0,135.0,27.0,119.93,27.48999999999998,88.0,72.0,50.66161100873132,106.18,133.67,160,16.0,45.0,0.1
07:34:08,106.0,90.0,132.12,25.0,104.0,33.0,133.11,53.0,119.06,26.120000000000005,123.0,78.0,6.825593747067479,106.0,132.12,201,45.0,41.0,0.22
07:34:09,106.0,51.0,110.82,33.0,104.0,36.0,126.7,27.0,108.41,4.819999999999993,87.0,60.0,9.498317219381892,106.0,110.82,147,27.0,-54.0,0.18
07:34:10,106.0,45.0,108.97,65.0,104.0,45.0,120.38,32.0,107.48,2.969999999999999,90.0,97.0,9.227029316091203,106.0,108.97,187,-7.0,40.0,-0.04
07:34:11,106.0,33.0,107.07,30.0,104.0,33.0,108.17,24.0,106.53,1.0699999999999932,66.0,54.0,6.625146790827078,106.0,107.07,120,12.0,-67.0,0.1
07:34:12,104.78,23.0,107.0,20.0,93.92,25.0,108.0,20.0,105.89,2.219999999999999,48.0,40.0,5.443154416329392,104.78,107.0,88,8.0,-32.0,0.09
07:34:13,104.0,16.0,107.62,16.0,87.25,16.0,225.25,16.0,105.81,3.6200000000000045,32.0,32.0,1.1104863799281817,104.0,107.62,64,0.0,-24.0,0.0
07:34:14,105.26,38.0,232.38,26.0,79.3,20.0,495.83,47.0,168.82,127.11999999999999,58.0,73.0,27.910785191391632,105.26,232.38,131,-15.0,67.0,-0.11
07:34:15,106.0,32.0,147.0,16.0,104.0,16.0,568.62,37.0,126.5,41.0,48.0,53.0,27.25257327299583,106.0,147.0,101,-5.0,-30.0,-0.05
07:34:16,106.69,13.0,158.0,20.0,105.89,38.0,529.71,28.0,132.35,51.31,51.0,48.0,25.82931338615115,106.69,158.0,99,3.0,-2.0,0.03
07:34:17,106.21,14.0,286.86,28.0,85.33,48.0,369.52,33.0,196.54,180.65000000000003,62.0,61.0,36.25207759563593,106.21,286.86,123,1.0,24.0,0.01
07:34:18,106.0,6.0,395.54,13.0,104.0,18.0,447.88,17.0,250.77,289.54,24.0,30.0,51.025800630661465,106.0,395.54,54,-6.0,-69.0,-0.11
07:34:19,106.0,15.0,241.14,44.0,104.0,45.0,273.59,54.0,173.57,135.14,60.0,98.0,50.926190020460126,106.0,241.14,158,-38.0,104.0,-0.24
07:34:20,106.83,29.0,197.83,48.0,104.7,23.0,225.0,52.0,152.33,91.00000000000001,52.0,100.0,45.69813475405766,106.83000000000001,197.83,152,-48.0,-6.0,-0.32
07:34:21,106.25,16.0,140.32,19.0,92.8,10.0,251.78,23.0,123.28,34.06999999999999,26.0,42.0,48.22767016972738,106.25,140.32,68,-16.0,-84.0,-0.24
07:34:22,107.0,27.0,208.44,32.0,104.0,18.0,235.0,30.0,157.72,101.44,45.0,62.0,47.881514491503,107.0,208.44,107,-17.0,39.0,-0.16
07:34:23,110.76,45.0,204.0,39.0,107.52,64.0,205.87,46.0,157.38,93.24,109.0,85.0,18.35899861103562,110.75999999999999,204.0,194,24.0,87.0,0.12
07:34:25,108.46,109.0,139.29,62.0,107.35,51.0,140.98,53.0,123.87,30.83,160.0,115.0,18.46551975981198,108.46,139.29,275,45.0,36.0,0.16
07:34:26,108.0,100.0,136.0,36.0,107.0,36.0,137.0,48.0,122.0,28.0,136.0,84.0,18.826434075522815,108.0,136.0,220,52.0,-55.0,0.24
07:34:27,108.0,141.0,133.05,77.0,107.0,60.0,134.34,86.0,120.53,25.05000000000001,201.0,163.0,19.16804450120058,108.0,133.05,364,38.0,144.0,0.1
07:34:28,108.0,144.0,131.0,36.0,107.0,27.0,132.0,45.0,119.5,23.0,171.0,81.0,15.856398393077948,108.0,131.0,252,90.0,-112.0,0.36
07:34:29,108.0,208.0,127.66,50.0,107.0,39.0,128.69,51.0,117.83,19.659999999999997,247.0,101.0,2.3148498871425884,108.0,127.66,348,146.0,96.0,0.42
07:34:30,108.0,148.0,124.27,49.0,107.0,39.0,125.33,45.0,116.13,16.269999999999996,187.0,94.0,2.291324944219813,108.0,124.27,281,93.0,-67.0,0.33
07:34:31,108.12,128.0,122.4,68.0,107.6,75.0,123.77,44.0,115.26,14.280000000000001,203.0,112.0,2.212001356239143,108.12,122.4,315,91.0,34.0,0.29
07:34:32,109.0,39.0,119.77,52.0,108.0,104.0,121.11,57.0,114.38,10.769999999999996,143.0,109.0,2.0533996201430678,109.0,119.77,252,34.0,-63.0,0.13
07:34:33,109.83,36.0,116.28,58.0,108.0,96.0,117.88,40.0,113.05,6.450000000000003,132.0,98.0,1.8024843966047437,109.83,116.28,230,34.0,-22.0,0.15
07:34:34,110.0,40.0,114.71,70.0,108.0,112.0,115.79,70.0,112.36,4.709999999999994,152.0,140.0,1.5477822844326137,110.0,114.71,292,12.0,62.0,0.04
07:34:35,108.0,84.0,110.92,62.0,107.0,42.0,113.0,60.0,109.46,2.9200000000000017,126.0,122.0,2.230901163208105,108.0,110.92,248,4.0,-44.0,0.02
07:34:36,107.85,20.0,110.29,45.0,106.97,37.0,117.64,61.0,109.07,2.440000000000012,57.0,106.0,2.3113048262838687,107.85,110.29,163,-49.0,-85.0,-0.3
07:34:37,107.0,33.0,109.68,37.0,106.0,46.0,133.64,55.0,108.34,2.680000000000007,79.0,92.0,2.106212240018308,107.0,109.68,171,-13.0,8.0,-0.08
07:34:38,107.0,11.0,108.6,10.0,106.0,40.0,109.79,19.0,107.8,1.5999999999999943,51.0,29.0,1.7718295629102723,107.0,108.6,80,22.0,-91.0,0.28
07:34:39,106.06,51.0,108.28,29.0,105.6,30.0,127.0,30.0,107.17,2.219999999999999,81.0,59.0,0.9278846911134334,106.06,108.28,140,22.0,60.0,0.16
07:34:40,106.3,120.0,107.7,46.0,104.8,20.0,390.98,43.0,107.0,1.4000000000000057,140.0,89.0,0.8533053380839806,106.3,107.7,229,51.0,89.0,0.22
07:34:44,108.84,51.0,292.21,34.0,106.53,38.0,425.81,27.0,200.52,183.36999999999998,89.0,61.0,86.41601066931993,108.84,292.21,150,28.0,-95.0,0.19
07:34:45,108.0,20.0,125.36,14.0,106.0,40.0,129.8,46.0,116.68,17.36,60.0,60.0,82.74985788507445,108.0,125.36,120,0.0,-30.0,0.0
07:34:46,111.46,26.0,124.86,7.0,106.55,22.0,178.36,33.0,118.16,13.400000000000006,48.0,40.0,95.66359349303168,111.46000000000001,124.86,88,8.0,-32.0,0.09
07:34:52,112.42,31.0,114.1,30.0,109.5,40.0,182.5,24.0,113.26,1.6799999999999926,71.0,54.0,1.3993498490388874,112.42,114.1,125,17.0,59.0,0.14
07:34:53,108.24,51.0,113.82,33.0,107.1,100.0,299.91,47.0,111.03,5.579999999999998,151.0,80.0,2.0905621253636584,108.24,113.82,231,71.0,106.0,0.31
07:34:54,108.0,45.0,111.44,27.0,107.0,90.0,112.56,27.0,109.72,3.4399999999999977,135.0,54.0,2.3298347580901235,108.0,111.44,189,81.0,-42.0,0.43
07:34:55,108.0,22.0,109.0,15.0,107.0,50.0,206.76,17.0,108.5,1.0,72.0,32.0,2.434485571944248,108.0,109.0,104,40.0,-85.0,0.38
07:34:56,108.0,16.0,323.4,35.0,107.0,80.0,527.84,25.0,215.7,215.39999999999998,96.0,60.0,47.02293610569215,108.0,323.4,156,36.0,52.0,0.23
07:34:58,108.0,14.0,221.0,14.0,107.0,70.0,439.29,21.0,164.5,113.0,84.0,35.0,69.01208821648575,108.0,221.0,119,49.0,-48.0,0.41
07:34:59,108.0,12.0,209.62,24.0,107.0,70.0,466.82,17.0,158.81,101.62,82.0,41.0,60.70699448992688,108.0,209.62,123,41.0,4.0,0.33
07:35:00,108.0,13.0,175.0,65.0,107.0,130.0,434.89,27.0,141.5,67.0,143.0,92.0,51.699131327325155,108.0,175.0,235,51.0,112.0,0.22
07:35:01,110.11,36.0,206.44,45.0,106.88,69.0,418.89,27.0,158.28,96.33,105.0,72.0,50.840685675942765,110.11,206.44,177,33.0,-58.0,0.19
07:35:06,112.0,63.0,177.27,33.0,107.0,77.0,180.0,11.0,144.64,65.27000000000001,140.0,44.0,53.97832898488073,112.0,177.27,184,96.0,72.0,0.52
07:35:07,112.0,36.0,160.79,19.0,107.5,42.0,162.38,24.0,136.39,48.78999999999999,78.0,43.0,49.43583295545864,112.0,160.79,121,35.0,-63.0,0.29
07:35:08,107.05,64.0,145.91,11.0,96.16,38.0,177.0,33.0,126.48,38.86,102.0,44.0,26.871749105705906,107.05,145.91,146,58.0,25.0,0.4
07:35:09,106.82,67.0,143.31,36.0,99.84,51.0,149.1,20.0,125.06,36.49000000000001,118.0,56.0,9.796493250138273,106.82,143.31,174,62.0,28.0,0.36
07:35:10,107.0,36.0,140.3,30.0,106.0,48.0,141.61,18.0,123.65,33.30000000000001,84.0,48.0,9.00750409381002,107.0,140.3,132,36.0,-42.0,0.27
07:35:11,106.5,48.0,139.84,37.0,105.45,44.0,140.56,18.0,123.17,33.34,92.0,55.0,5.43334611450477,106.5,139.84,147,37.0,15.0,0.25
07:35:12,106.0,50.0,136.53,15.0,104.0,16.0,137.83,12.0,121.27,30.53,66.0,27.0,1.9691952671088728,106.0,136.53,93,39.0,-54.0,0.42
07:35:13,106.14,72.0,134.5,16.0,104.4,25.0,135.56,27.0,120.32,28.36,97.0,43.0,1.8975062582252282,106.14,134.5,140,54.0,47.0,0.39
07:35:14,107.6,100.0,133.0,10.0,106.0,50.0,135.0,20.0,120.3,25.400000000000006,150.0,30.0,1.5814455412703408,107.6,133.0,180,120.0,40.0,0.67
07:35:15,107.0,80.0,128.9,21.0,105.11,36.0,134.1,31.0,117.95,21.900000000000006,116.0,52.0,1.8871062503218425,107.0,128.9,168,64.0,-12.0,0.38
07:35:16,106.0,48.0,115.2,20.0,104.43,28.0,135.0,24.0,110.6,9.200000000000003,76.0,44.0,4.361452739627428,106.0,115.2,120,32.0,-48.0,0.27
07:35:17,104.98,61.0,186.8,10.0,102.89,18.0,400.76,21.0,145.89,81.82000000000001,79.0,31.0,13.39483370557484,104.98,186.8,110,48.0,-10.0,0.44
07:35:18,106.68,71.0,411.0,36.0,105.7,27.0,584.94,17.0,258.84,304.32,98.0,53.0,61.89128961332123,106.68,411.0,151,45.0,41.0,0.3
07:35:26,111.86,49.0,121.71,14.0,109.93,141.0,125.0,42.0,116.79,9.849999999999994,190.0,56.0,1.6524587740694554,111.86000000000001,121.71,246,134.0,85.0,0.54
07:35:27,111.21,113.0,121.0,9.0,110.0,38.0,125.0,27.0,116.11,9.790000000000006,151.0,36.0,1.962251258121405,111.21,121.0,187,115.0,-59.0,0.61
07:35:28,112.0,104.0,119.82,11.0,110.0,54.0,121.84,25.0,115.91,7.819999999999993,158.0,36.0,1.878597881399566,112.0,119.82,194,122.0,7.0,0.63
07:35:29,112.0,85.0,116.93,28.0,110.0,60.0,118.5,12.0,114.46,4.930000000000007,145.0,40.0,1.742432208150092,112.0,116.92999999999999,185,105.0,-9.0,0.57
07:35:30,112.0,35.0,114.9,21.0,110.0,78.0,115.39,31.0,113.45,2.9000000000000057,113.0,52.0,1.3570851115529419,112.0,114.9,165,61.0,-20.0,0.37
07:35:31,111.07,28.0,115.0,24.0,108.98,53.0,376.18,17.0,113.04,3.930000000000007,81.0,41.0,1.3938902395807757,111.07000000000001,115.0,122,40.0,-43.0,0.33
07:35:33,111.0,12.0,166.36,22.0,109.2,20.0,331.67,12.0,138.68,55.360000000000014,32.0,34.0,11.167617471958783,111.0,166.36,66,-2.0,0.0,-0.03
07:35:34,110.0,20.0,185.14,28.0,109.0,40.0,343.82,22.0,147.57,75.13999999999999,60.0,50.0,16.533192976554762,110.0,185.14000000000001,110,10.0,44.0,0.09
07:35:35,109.35,17.0,181.0,56.0,108.15,78.0,185.0,14.0,145.18,71.65,95.0,70.0,16.90985748018003,109.35,181.0,165,25.0,55.0,0.15
07:35:36,110.33,12.0,180.67,18.0,108.02,49.0,181.44,27.0,145.5,70.33999999999999,61.0,45.0,13.925486706036567,110.33,180.67,106,16.0,-59.0,0.15
07:35:39,108.29,140.0,177.44,16.0,107.11,35.0,189.06,16.0,142.86,69.14999999999999,175.0,32.0,1.3164801555669663,108.29,177.44,207,143.0,162.0,0.69
07:35:40,108.0,130.0,172.24,17.0,107.0,39.0,173.33,15.0,140.12,64.24000000000001,169.0,32.0,2.346887300234404,108.0,172.24,201,137.0,-6.0,0.68
07:35:41,108.0,79.0,165.71,14.0,107.0,42.0,167.21,14.0,136.86,57.71000000000001,121.0,28.0,3.5192783351137966,108.0,165.71,149,93.0,-52.0,0.62
07:35:42,108.0,63.0,162.6,10.0,107.0,27.0,163.47,15.0,135.3,54.599999999999994,90.0,25.0,4.355561961446667,108.0,162.6,115,65.0,-34.0,0.57
07:35:43,109.28,53.0,160.24,17.0,107.93,142.0,161.65,20.0,134.76,50.96000000000001,195.0,37.0,3.4350836962148232,109.28,160.24,232,158.0,117.0,0.68
07:35:44,111.73,22.0,155.42,12.0,108.0,121.0,156.54,13.0,133.57,43.68999999999998,143.0,25.0,2.5284422081591367,111.73,155.42,168,118.0,-64.0,0.7
07:35:45,112.0,26.0,151.11,28.0,108.06,125.0,153.47,17.0,131.55,39.110000000000014,151.0,45.0,1.9876040853249517,112.0,151.10999999999999,196,106.0,28.0,0.54
07:35:46,112.0,24.0,147.23,13.0,110.0,24.0,149.43,47.0,129.62,35.22999999999999,48.0,60.0,2.35750927887894,112.0,147.23,108,-12.0,-88.0,-0.11
07:35:47,112.0,14.0,145.0,7.0,110.0,14.0,146.0,14.0,128.5,33.0,28.0,21.0,2.6172218094766437,112.0,145.0,49,7.0,-59.0,0.14
07:35:48,112.0,24.0,141.48,25.0,110.0,24.0,141.44,27.0,126.74,29.47999999999999,48.0,52.0,2.6537388718560937,112.0,141.48,100,-4.0,51.0,-0.04
07:35:49,112.0,22.0,137.0,26.0,110.0,22.0,138.52,29.0,124.5,25.0,44.0,55.0,2.6994851360953724,112.0,137.0,99,-11.0,-1.0,-0.11
07:35:50,111.88,17.0,135.08,26.0,109.19,27.0,135.33,24.0,123.48,23.200000000000017,44.0,50.0,2.592743720462871,111.88,135.08,94,-6.0,-5.0,-0.06
07:35:51,108.17,48.0,133.4,10.0,107.85,52.0,134.4,20.0,120.78,25.230000000000004,100.0,30.0,2.976843966350849,108.17,133.4,130,70.0,36.0,0.54
07:35:52,108.09,112.0,128.63,35.0,107.35,31.0,128.94,31.0,118.36,20.539999999999992,143.0,66.0,3.2659638699776234,108.09,128.63,209,77.0,79.0,0.37
07:35:53,108.65,46.0,126.0,7.0,107.8,41.0,127.0,35.0,117.33,17.349999999999994,87.0,42.0,3.1155577349808516,108.65,126.0,129,45.0,-80.0,0.35
07:35:54,108.0,110.0,120.31,35.0,107.0,26.0,123.87,31.0,114.16,12.310000000000002,136.0,66.0,3.5250702120665376,108.0,120.31000000000002,202,70.0,73.0,0.35
07:35:55,108.16,64.0,111.92,37.0,107.4,30.0,112.18,44.0,110.04,3.760000000000005,94.0,81.0,4.153441946145208,108.16,111.92,175,13.0,-27.0,0.07
07:35:56,108.69,29.0,110.0,44.0,107.33,54.0,111.29,35.0,109.34,1.3100000000000023,83.0,79.0,4.104957977860213,108.69,110.0,162,4.0,-13.0,0.02
07:35:57,107.02,63.0,109.76,29.0,106.03,213.0,168.33,15.0,108.39,2.740000000000009,276.0,44.0,3.772077676824529,107.02,109.76,320,232.0,158.0,0.72
07:35:58,107.0,50.0,108.6,25.0,106.0,200.0,109.4,25.0,107.8,1.5999999999999943,250.0,50.0,2.5080031897901733,107.0,108.6,300,200.0,-20.0,0.67
07:35:59,106.18,152.0,107.56,32.0,104.62,183.0,108.89,37.0,106.87,1.3799999999999955,335.0,69.0,1.2485471556963623,106.18,107.56,404,266.0,104.0,0.66
07:36:00,106.0,160.0,113.23,31.0,96.67,66.0,167.64,33.0,109.61,7.230000000000004,226.0,64.0,1.1234633950411812,106.0,113.23,290,162.0,-114.0,0.56
07:36:01,106.75,36.0,182.93,41.0,105.93,121.0,268.57,21.0,144.84,76.18,157.0,62.0,16.43051033900038,106.75,182.93,219,95.0,-71.0,0.43
07:36:02,108.38,26.0,179.25,48.0,106.06,96.0,217.41,34.0,143.82,70.87,122.0,82.0,19.87535081451392,108.38000000000001,179.25,204,40.0,-15.0,0.2
07:36:03,106.7,50.0,169.22,36.0,104.86,28.0,226.86,21.0,137.96,62.519999999999996,78.0,57.0,18.813602791597358,106.7,169.22,135,21.0,-69.0,0.16
07:36:04,106.0,72.0,167.5,32.0,93.31,32.0,505.0,16.0,136.75,61.5,104.0,48.0,14.407273510279474,106.0,167.5,152,56.0,17.0,0.37
07:36:05,106.0,36.0,166.75,16.0,52.25,24.0,515.0,6.0,136.38,60.75,60.0,22.0,4.0569076893616005,106.0,166.75,82,38.0,-70.0,0.46
07:36:06,106.8,75.0,165.44,36.0,93.33,54.0,460.67,12.0,136.12,58.64,129.0,48.0,3.216485659846957,106.8,165.44,177,81.0,95.0,0.46
07:36:07,108.0,52.0,164.0,48.0,106.0,116.0,276.09,22.0,136.0,56.0,168.0,70.0,0.7908982235414271,108.0,164.0,238,98.0,61.0,0.41
07:36:08,108.0,16.0,164.0,40.0,106.0,90.0,190.0,20.0,136.0,56.0,106.0,60.0,0.31968734726438475,108.0,164.0,166,46.0,-72.0,0.28
07:36:09,107.37,19.0,163.83,48.0,98.61,79.0,190.0,24.0,135.6,56.46000000000001,98.0,72.0,0.28142494559102715,107.37,163.83,170,26.0,4.0,0.15
07:36:10,104.0,9.0,162.33,36.0,80.0,36.0,275.64,11.0,133.17,58.33000000000001,45.0,47.0,1.2498879949822954,104.0,162.33,92,-2.0,-78.0,-0.02
07:36:11,105.75,55.0,162.0,40.0,101.85,26.0,275.71,28.0,133.87,56.25,81.0,68.0,1.3190792243079263,105.75,162.0,149,13.0,57.0,0.09
07:36:12,109.2,71.0,161.08,52.0,107.86,59.0,312.47,19.0,135.14,51.88000000000001,130.0,71.0,1.1945417531425064,109.2,161.07999999999998,201,59.0,52.0,0.29
07:36:13,111.04,46.0,160.88,50.0,110.0,78.0,256.53,19.0,135.96,49.83999999999999,124.0,69.0,1.1842170409180826,111.04,160.88,193,55.0,-8.0,0.28
07:36:14,112.0,20.0,158.71,28.0,110.0,60.0,160.67,36.0,135.36,46.71000000000001,80.0,64.0,1.1452728932445648,112.0,158.71,144,16.0,-49.0,0.11
07:36:15,111.73,30.0,158.35,46.0,109.97,76.0,159.23,52.0,135.04,46.61999999999999,106.0,98.0,0.7618923808523487,111.73,158.35,204,8.0,60.0,0.04
07:36:16,110.0,40.0,131.45,20.0,109.0,30.0,157.07,30.0,120.72,21.44999999999999,70.0,50.0,6.563633140266163,110.0,131.45,120,20.0,-84.0,0.17
07:36:17,110.0,20.0,122.0,8.0,109.0,24.0,156.2,20.0,116.0,12.0,44.0,28.0,9.515696506299436,110.0,122.0,72,16.0,-48.0,0.22
07:36:18,110.0,18.0,120.0,27.0,109.0,27.0,131.0,17.0,115.0,10.0,45.0,44.0,10.072123907101133,110.0,120.0,89,1.0,17.0,0.01
07:36:19,110.0,20.0,116.6,30.0,109.0,30.0,117.8,30.0,113.3,6.599999999999994,50.0,60.0,8.840380082326602,110.0,116.6,110,-10.0,21.0,-0.09
07:36:20,108.94,34.0,112.16,38.0,107.89,47.0,113.54,37.0,110.55,3.219999999999999,81.0,75.0,3.7531959714349497,108.94,112.16,156,6.0,46.0,0.04
07:36:21,107.0,60.0,108.7,30.0,106.0,45.0,109.8,30.0,107.85,1.7000000000000028,105.0,60.0,3.3375514977292515,107.0,108.7,165,45.0,9.0,0.27
07:36:22,107.0,54.0,108.0,18.0,106.0,17.0,109.0,27.0,107.5,1.0,71.0,45.0,3.299128672845944,107.0,108.0,116,26.0,-49.0,0.22
07:36:23,106.3,30.0,108.0,18.0,104.63,19.0,320.44,27.0,107.15,1.7000000000000028,49.0,45.0,2.6231183732332277,106.3,108.0,94,4.0,-22.0,0.04
07:36:24,106.0,27.0,108.0,18.0,104.0,9.0,295.09,35.0,107.0,2.0,36.0,53.0,1.4574807031289712,106.0,108.0,89,-17.0,-5.0,-0.19
07:36:28,80.78,99.0,99.78,9.0,79.0,18.0,101.0,9.0,90.28,19.0,117.0,18.0,11.782890986510333,80.78,99.78,135,99.0,-15.0,0.73
07:36:29,87.31,45.0,99.67,9.0,83.73,45.0,101.71,21.0,93.49,12.36,90.0,30.0,7.228480476558362,87.31,99.67,120,60.0,-15.0,0.5
07:36:30,99.5,12.0,151.67,6.0,87.83,12.0,170.67,30.0,125.58,52.16999999999999,24.0,36.0,19.157153494190844,99.5,151.67,60,-12.0,-60.0,-0.2
07:36:33,111.95,64.0,196.48,23.0,103.26,130.0,318.23,31.0,154.22,84.52999999999999,194.0,54.0,30.84826656394155,111.95,196.48,248,140.0,99.0,0.56
07:36:44,110.07,107.0,168.75,48.0,109.23,43.0,226.88,40.0,139.41,58.68000000000001,150.0,88.0,2.293573630821695,110.07,168.75,238,62.0,71.0,0.26
07:36:45,111.2,45.0,167.11,36.0,109.91,69.0,542.0,45.0,139.16,55.91000000000001,114.0,81.0,2.6326602515326774,111.2,167.11,195,33.0,-43.0,0.17
07:36:46,112.0,27.0,164.44,36.0,110.0,81.0,264.32,38.0,138.22,52.44,108.0,74.0,2.6693782047509718,112.0,164.44,182,34.0,-13.0,0.19
07:36:47,112.0,30.0,159.9,40.0,110.0,90.0,161.5,40.0,135.95,47.900000000000006,120.0,80.0,2.4295946163915456,112.0,159.9,200,40.0,18.0,0.2
07:36:48,112.0,21.0,158.37,19.0,110.0,63.0,159.14,28.0,135.18,46.370000000000005,84.0,47.0,1.9151840642606934,112.0,158.37,131,37.0,-69.0,0.28
07:36:49,110.55,55.0,156.0,10.0,109.75,60.0,158.0,40.0,133.27,45.45,115.0,50.0,2.3668607901601666,110.55,156.0,165,65.0,34.0,0.39
07:36:50,110.0,55.0,155.12,8.0,109.0,24.0,157.14,14.0,132.56,45.120000000000005,79.0,22.0,2.24962885827798,110.0,155.12,101,57.0,-64.0,0.56
07:36:51,110.0,68.0,153.36,14.0,109.0,36.0,155.0,12.0,131.68,43.360000000000014,104.0,26.0,1.789824013694231,110.0,153.35999999999999,130,78.0,29.0,0.6
07:36:52,111.76,41.0,148.94,16.0,109.94,48.0,150.15,13.0,130.35,37.17999999999999,89.0,29.0,1.803848663274189,111.75999999999999,148.94,118,60.0,-12.0,0.51
07:36:53,112.0,18.0,142.72,50.0,110.0,75.0,143.32,37.0,127.36,30.72,93.0,87.0,2.329770374950168,112.0,142.72,180,6.0,62.0,0.03
07:36:54,112.0,11.0,137.81,16.0,109.0,33.0,138.74,35.0,124.91,25.810000000000002,44.0,51.0,3.1782180541924294,112.0,137.81,95,-7.0,-85.0,-0.07
07:36:55,111.31,13.0,132.88,25.0,108.88,34.0,135.33,30.0,122.09,21.569999999999993,47.0,55.0,3.9161294667048105,111.31,132.88,102,-8.0,7.0,-0.08
07:36:56,108.64,66.0,127.62,34.0,107.38,77.0,130.51,37.0,118.13,18.980000000000004,143.0,71.0,4.715190346104,108.64,127.62,214,72.0,112.0,0.34
07:36:57,109.0,99.0,123.86,22.0,108.0,33.0,125.33,27.0,116.43,14.86,132.0,49.0,4.554512048506507,109.0,123.86,181,83.0,-33.0,0.46
07:36:58,109.0,35.0,121.67,18.0,108.0,21.0,123.27,11.0,115.33,12.670000000000002,56.0,29.0,4.018472346550331,109.0,121.67,85,27.0,-96.0,0.32
07:36:59,109.0,50.0,117.8,15.0,108.0,30.0,118.87,15.0,113.4,8.799999999999997,80.0,30.0,3.287473193805322,109.0,117.8,110,50.0,25.0,0.45
07:37:00,110.27,11.0,112.92,24.0,109.0,55.0,114.61,18.0,111.59,2.6500000000000057,66.0,42.0,2.556165096387055,110.27,112.92,108,24.0,-2.0,0.22
07:37:01,109.05,40.0,112.21,14.0,108.16,32.0,114.12,16.0,110.63,3.1599999999999966,72.0,30.0,2.4405900925773363,109.05,112.21,102,42.0,-6.0,0.41
07:37:02,108.64,33.0,109.92,26.0,107.48,69.0,252.81,42.0,109.28,1.2800000000000011,102.0,68.0,2.370744608764482,108.64,109.92,170,34.0,68.0,0.2
07:37:03,108.0,29.0,109.79,53.0,107.0,99.0,173.1,71.0,108.9,1.7900000000000063,128.0,124.0,1.8251986193247967,108.0,109.78999999999999,252,4.0,82.0,0.02
07:37:04,107.0,137.0,174.86,44.0,106.0,117.0,190.31,65.0,140.93,67.86000000000001,254.0,109.0,13.829357541114781,107.0,174.86,363,145.0,111.0,0.4
07:37:05,107.0,90.0,194.35,37.0,106.0,81.0,253.59,17.0,150.68,87.35,171.0,54.0,20.136144864397277,107.0,194.35,225,117.0,-138.0,0.52
07:37:06,107.0,130.0,166.64,25.0,106.0,117.0,235.49,41.0,136.82,59.639999999999986,247.0,66.0,19.143338789249793,107.0,166.64,313,181.0,88.0,0.58
07:37:07,107.04,83.0,144.0,13.0,106.17,108.0,357.98,47.0,125.52,36.959999999999994,191.0,60.0,16.014802527661637,107.03999999999999,144.0,251,131.0,-62.0,0.52
07:37:08,107.46,78.0,144.0,13.0,106.23,105.0,316.69,65.0,125.73,36.540000000000006,183.0,78.0,10.674297634973438,107.46,144.0,261,105.0,10.0,0.4
07:37:09,109.0,50.0,142.8,10.0,107.0,60.0,216.0,50.0,125.9,33.80000000000001,110.0,60.0,11.026826379334972,109.0,142.8,170,50.0,-91.0,0.29
07:37:10,109.0,40.0,141.62,8.0,107.0,48.0,289.4,25.0,125.31,32.620000000000005,88.0,33.0,5.015927631056336,109.0,141.62,121,55.0,-49.0,0.45
07:37:11,109.0,50.0,141.0,10.0,107.0,60.0,348.86,29.0,125.0,32.0,110.0,39.0,0.353227971702425,109.0,141.0,149,71.0,28.0,0.48
07:37:12,109.0,50.0,140.0,10.0,107.0,60.0,279.5,20.0,124.5,31.0,110.0,30.0,0.5644200563347176,109.0,140.0,140,80.0,-9.0,0.57
07:37:13,109.0,35.0,138.43,7.0,107.0,42.0,258.54,26.0,123.71,29.430000000000007,77.0,33.0,0.8295962873546651,109.0,138.43,110,44.0,-30.0,0.4
07:37:14,109.0,60.0,136.75,12.0,107.0,72.0,305.0,24.0,122.88,27.75,132.0,36.0,0.9890146611614408,109.0,136.75,168,96.0,58.0,0.57
07:37:15,109.0,41.0,133.67,9.0,107.0,54.0,349.11,18.0,121.33,24.669999999999987,95.0,27.0,1.4479399158776562,109.0,133.67,122,68.0,-46.0,0.56
07:37:16,109.0,40.0,132.5,10.0,107.0,60.0,405.28,18.0,120.75,23.5,100.0,28.0,1.5771905401666828,109.0,132.5,128,72.0,6.0,0.56
07:37:17,109.79,38.0,129.25,12.0,107.65,62.0,132.5,12.0,119.52,19.459999999999994,100.0,24.0,1.673699495127691,109.79,129.25,124,76.0,-4.0,0.61
07:37:18,112.0,14.0,124.43,7.0,109.0,28.0,125.57,7.0,118.21,12.430000000000007,42.0,14.0,1.7757449141107116,112.0,124.42999999999999,56,28.0,-68.0,0.5
07:37:19,112.0,22.0,122.27,11.0,109.0,44.0,123.64,11.0,117.14,10.269999999999996,66.0,22.0,1.7381743295738232,112.0,122.27,88,44.0,32.0,0.5
07:37:20,112.0,20.0,118.23,13.0,109.0,40.0,121.7,10.0,115.12,6.230000000000004,60.0,23.0,2.1703386832447826,112.0,118.23,83,37.0,-5.0,0.45
07:37:21,112.0,14.0,114.59,17.0,109.0,48.0,119.29,14.0,113.29,2.5900000000000034,62.0,31.0,2.4769396439937412,112.0,114.59,93,31.0,10.0,0.33
07:37:22,109.33,18.0,113.17,6.0,107.36,44.0,115.17,6.0,111.25,3.8400000000000034,62.0,12.0,2.823326052723444,109.33,113.17,74,50.0,-19.0,0.68
07:37:23,107.07,121.0,111.35,20.0,106.19,48.0,151.8,30.0,109.21,4.280000000000001,169.0,50.0,3.1201233949935383,107.07,111.35,219,119.0,145.0,0.54
07:37:24,107.0,131.0,111.26,46.0,106.0,48.0,112.4,20.0,109.13,4.260000000000005,179.0,66.0,2.6068179836699654,107.0,111.26,245,113.0,26.0,0.46
07:37:25,107.0,48.0,110.0,6.0,106.0,18.0,111.0,18.0,108.5,3.0,66.0,24.0,1.9771646365400162,107.0,110.0,90,42.0,-155.0,0.47
07:37:26,107.51,113.0,110.44,27.0,106.64,59.0,130.38,32.0,108.98,2.9299999999999926,172.0,59.0,1.06265234201216,107.51,110.44,231,113.0,141.0,0.49
07:37:27,108.85,131.0,110.22,68.0,107.57,28.0,144.68,38.0,109.53,1.3700000000000045,159.0,106.0,0.3767625246541049,108.85,110.22,265,53.0,34.0,0.2
07:37:31,107.0,94.0,410.67,18.0,105.0,144.0,0.0,0.0,258.83,303.67,238.0,18.0,104.54449564659099,107.0,410.67,256,220.0,44.0,0.86
07:37:34,112.0,78.0,388.33,18.0,107.0,63.0,453.5,8.0,250.17,276.33,141.0,26.0,39.30816429191385,112.0,388.33,167,115.0,18.0,0.69
07:37:36,112.0,56.0,424.0,14.0,107.0,49.0,511.0,14.0,268.0,312.0,105.0,28.0,37.985581475081965,112.0,424.0,133,77.0,0.0,0.58
07:37:37,112.0,43.0,286.71,7.0,107.0,42.0,297.91,11.0,199.36,174.70999999999998,85.0,18.0,39.01248556552206,112.0,286.71,103,67.0,-30.0,0.65
07:37:38,112.0,77.0,296.55,11.0,107.0,77.0,297.71,17.0,204.27,184.55,154.0,28.0,37.04539688004505,112.0,296.55,182,126.0,79.0,0.69
07:37:39,112.0,51.0,284.64,11.0,107.0,56.0,290.0,10.0,198.32,172.64,107.0,21.0,40.74976969260125,112.0,284.64,128,86.0,-54.0,0.67
07:37:40,112.0,66.0,274.18,11.0,107.0,77.0,275.43,14.0,193.09,162.18,143.0,25.0,31.21860294760207,112.0,274.18,168,118.0,40.0,0.7
07:37:41,112.0,59.0,271.5,14.0,108.2,70.0,275.0,14.0,191.75,159.5,129.0,28.0,5.059018679548035,112.0,271.5,157,101.0,-11.0,0.64
07:37:42,112.0,12.0,257.31,16.0,111.0,36.0,272.33,12.0,184.66,145.31,48.0,28.0,7.3550642417325856,112.0,257.31,76,20.0,-81.0,0.26
07:37:43,109.73,15.0,225.71,14.0,107.49,61.0,241.31,16.0,167.72,115.98,76.0,30.0,11.884114186594074,109.73,225.71,106,46.0,30.0,0.43
07:37:44,108.0,5.0,128.0,5.0,107.0,35.0,157.29,7.0,118.0,20.0,40.0,12.0,31.324411087839977,108.0,128.0,52,28.0,-54.0,0.54
07:37:45,107.31,51.0,125.33,9.0,106.85,33.0,127.0,9.0,116.32,18.019999999999996,84.0,18.0,36.24513208694346,107.31,125.33,102,66.0,50.0,0.65
07:37:46,108.0,55.0,123.09,11.0,107.0,77.0,124.55,11.0,115.55,15.090000000000003,132.0,22.0,33.18300167254258,108.0,123.09,154,110.0,52.0,0.71
07:37:47,108.8,50.0,120.17,12.0,107.78,64.0,121.5,12.0,114.48,11.370000000000005,114.0,24.0,23.12637412133494,108.8,120.17,138,90.0,-16.0,0.65
07:37:48,109.0,54.0,119.0,6.0,107.0,42.0,286.69,13.0,114.0,10.0,96.0,19.0,1.5867261893408933,109.0,119.0,115,77.0,-23.0,0.67
07:37:49,109.0,99.0,116.64,11.0,107.0,77.0,119.0,23.0,112.82,7.640000000000001,176.0,34.0,1.359955881615021,109.0,116.64,210,142.0,95.0,0.68
07:37:50,109.0,63.0,115.43,7.0,107.0,49.0,117.29,7.0,112.21,6.430000000000007,112.0,14.0,1.3278441173340014,109.0,115.42999999999999,126,98.0,-84.0,0.78
07:37:51,109.13,62.0,114.9,10.0,107.92,78.0,116.0,10.0,112.01,5.77000000000001,140.0,20.0,1.0923506762655608,109.13,114.9,160,120.0,34.0,0.75
07:37:52,109.11,91.0,111.65,26.0,107.59,153.0,285.5,32.0,110.38,2.5400000000000063,244.0,58.0,1.3169776003930544,109.11,111.65,302,186.0,142.0,0.62
07:37:53,107.7,74.0,110.64,42.0,106.91,132.0,111.38,24.0,109.17,2.9399999999999977,206.0,66.0,1.502021970523782,107.7,110.64,272,140.0,-30.0,0.51
07:37:54,107.0,128.0,166.86,44.0,106.0,42.0,254.23,61.0,136.93,59.860000000000014,170.0,105.0,11.688502898144854,107.0,166.86,275,65.0,3.0,0.24
07:37:55,107.5,12.0,231.0,29.0,106.92,39.0,437.57,23.0,169.25,123.5,51.0,52.0,25.9855694569111,107.5,231.0,103,-1.0,-170.5,-0.01
07:37:56,111.0,16.0,259.9,30.0,106.67,18.0,387.54,35.0,185.45,148.89999999999998,34.0,65.0,34.40030784745921,111.0,259.9,99,-31.0,-4.0,-0.31
07:37:57,111.76,17.0,399.0,30.0,107.47,17.0,475.64,33.0,255.38,287.24,34.0,63.0,55.48712625465468,111.76,399.0,97,-29.0,-2.0,-0.3
07:37:58,107.25,24.0,378.22,27.0,106.86,63.0,462.18,34.0,242.74,270.97,87.0,61.0,50.01931976746598,107.25,378.22,148,26.0,51.0,0.18
07:37:59,107.0,30.0,365.0,18.0,106.0,20.0,411.0,20.0,236.0,258.0,50.0,38.0,37.97735680639229,107.0,365.0,88,12.0,-60.0,0.14
07:38:00,107.0,32.0,216.22,27.0,106.0,32.0,323.58,26.0,161.61,109.22,64.0,53.0,40.487986242835404,107.0,216.22,117,11.0,29.0,0.09
07:38:01,106.6,20.0,117.19,31.0,105.36,25.0,265.82,22.0,111.9,10.590000000000003,45.0,53.0,62.07537901616079,106.6,117.19,98,-8.0,-19.0,-0.08
07:38:02,107.64,11.0,117.0,35.0,105.96,23.0,187.89,27.0,112.32,9.36,34.0,62.0,63.98756738617268,107.64,117.0,96,-28.0,-2.0,-0.29
07:38:03,106.0,16.0,115.0,40.0,105.0,32.0,196.0,32.0,110.5,9.0,48.0,72.0,54.543534722274515,106.0,115.0,120,-24.0,24.0,-0.2
07:38:04,106.0,28.0,113.21,70.0,105.0,140.0,282.77,52.0,109.61,7.209999999999994,168.0,122.0,22.622609707987785,106.0,113.21,290,46.0,169.5,0.16
07:38:05,106.0,14.0,111.86,28.0,105.0,120.0,229.03,31.0,108.93,5.859999999999999,134.0,59.0,1.450334444165743,106.0,111.86,193,75.0,-97.0,0.39
07:38:06,105.2,54.0,108.21,38.0,104.96,168.0,150.86,43.0,106.71,3.009999999999991,222.0,81.0,2.0620693489629836,105.2,108.21,303,141.0,110.0,0.47
07:38:07,105.0,136.0,252.9,40.0,103.57,14.0,269.56,39.0,178.95,147.9,150.0,79.0,31.341887307562455,105.0,252.9,229,71.0,-74.0,0.31
07:38:08,105.0,90.0,251.44,36.0,103.2,10.0,252.67,36.0,178.22,146.44,100.0,72.0,38.44860439599801,105.0,251.44,172,28.0,-57.0,0.16
07:38:09,107.01,73.0,250.0,32.0,104.76,41.0,252.0,32.0,178.51,142.99,114.0,64.0,38.754714293876184,107.01,250.0,178,50.0,6.0,0.28
07:38:10,112.0,105.0,222.62,42.0,105.25,144.0,238.93,54.0,167.31,110.62,249.0,96.0,31.257531892329286,112.0,222.62000000000003,345,153.0,167.0,0.44
07:38:11,112.0,87.0,119.15,33.0,108.57,28.0,171.83,48.0,115.58,7.150000000000006,115.0,81.0,27.34636410932876,112.0,119.15,196,34.0,-149.0,0.17
07:38:12,112.0,176.0,114.1,42.0,109.0,36.0,115.3,69.0,113.05,2.0999999999999943,212.0,111.0,33.38202255705863,112.0,114.1,323,101.0,127.0,0.31
07:38:13,111.75,24.0,113.53,15.0,108.88,25.0,141.25,48.0,112.64,1.7800000000000011,49.0,63.0,32.66010976711436,111.75,113.53,112,-14.0,-170.5,-0.12
07:38:14,109.0,22.0,114.0,44.0,108.0,33.0,316.86,37.0,111.5,5.0,55.0,81.0,24.247955171517994,109.0,114.0,136,-26.0,24.0,-0.19
07:38:15,109.0,12.0,114.0,24.0,108.0,18.0,432.0,24.0,111.5,5.0,30.0,48.0,1.6719688992128856,109.0,114.0,78,-18.0,-58.0,-0.23
07:38:16,108.88,25.0,111.43,28.0,107.67,49.0,132.49,47.0,110.15,2.5500000000000114,74.0,75.0,1.1363846179591217,108.88,111.42999999999999,149,-1.0,71.0,-0.01
07:38:17,107.05,126.0,110.0,40.0,106.57,56.0,263.8,40.0,108.52,2.950000000000003,182.0,80.0,1.5785499675123482,107.05,110.0,262,102.0,113.0,0.39
07:38:18,107.93,84.0,129.27,52.0,106.95,174.0,306.17,46.0,118.6,21.340000000000003,258.0,98.0,3.8593496861433008,107.93,129.27,356,160.0,94.0,0.45
07:38:19,109.0,7.0,209.0,35.0,107.0,105.0,253.0,21.0,159.0,100.0,112.0,56.0,21.283493134350472,109.0,209.0,168,56.0,-170.5,0.33
07:38:20,107.35,51.0,209.0,60.0,106.94,144.0,322.92,36.0,158.18,101.65,195.0,96.0,25.57598873943983,107.35,209.0,291,99.0,123.0,0.34
07:38:21,107.11,92.0,211.0,24.0,106.76,74.0,371.4,30.0,159.05,103.89,166.0,54.0,25.00560337204368,107.11000000000001,211.0,220,112.0,-71.0,0.51
07:38:22,108.43,42.0,353.96,25.0,106.98,165.0,565.94,31.0,231.19,245.52999999999997,207.0,56.0,40.77923160139222,108.43,353.96,263,151.0,43.0,0.57
07:38:23,109.0,40.0,181.0,50.0,107.0,120.0,587.14,14.0,145.0,72.0,160.0,64.0,34.45525983068464,109.0,181.0,224,96.0,-39.0,0.43
07:38:24,109.0,40.0,178.43,42.0,107.0,120.0,290.26,38.0,143.71,69.43,160.0,80.0,36.35542504221326,109.0,178.43,240,80.0,16.0,0.33
07:38:25,109.0,38.0,189.18,55.0,107.0,132.0,317.64,33.0,149.09,80.18,170.0,88.0,37.15192619501694,109.0,189.18,258,82.0,18.0,0.32
07:38:26,108.0,23.0,191.0,60.0,107.0,123.0,274.25,36.0,149.5,83.0,146.0,96.0,37.8129682780919,108.0,191.0,242,50.0,-16.0,0.21
07:38:27,112.0,16.0,233.75,32.0,107.0,96.0,423.12,32.0,172.88,121.75,112.0,64.0,11.92067657475756,112.0,233.75,176,48.0,-66.0,0.27
07:38:28,112.0,18.0,185.49,41.0,107.0,108.0,382.91,35.0,148.74,73.49000000000001,126.0,76.0,11.477923592705011,112.0,185.49,202,50.0,26.0,0.25
07:38:29,110.0,30.0,250.62,40.0,106.98,110.0,412.56,43.0,180.31,140.62,140.0,83.0,15.283995878041232,110.0,250.61999999999998,223,57.0,21.0,0.26
07:38:30,107.0,36.0,331.0,20.0,106.0,8.0,461.25,16.0,219.0,224.0,44.0,36.0,28.741742814241363,107.0,331.0,80,8.0,-143.0,0.1
07:38:31,108.25,60.0,288.0,30.0,106.82,55.0,351.04,46.0,198.12,179.75,115.0,76.0,26.479860271534754,108.25,288.0,191,39.0,111.0,0.2
07:38:32,112.0,33.0,210.15,39.0,107.0,93.0,366.78,37.0,161.08,98.15,126.0,76.0,28.16945153885681,112.0,210.15,202,50.0,11.0,0.25
07:38:33,112.0,27.0,174.0,36.0,107.0,48.0,233.81,31.0,143.0,62.0,75.0,67.0,29.899585615857646,112.0,174.0,142,8.0,-60.0,0.06
07:38:34,112.0,27.0,191.14,42.0,107.0,72.0,211.64,33.0,151.57,79.13999999999999,99.0,75.0,32.54332158830743,112.0,191.14,174,24.0,32.0,0.14
07:38:35,112.0,30.0,207.38,40.0,107.0,80.0,293.1,30.0,159.69,95.38,110.0,70.0,21.08451730535905,112.0,207.38000000000002,180,40.0,6.0,0.22
07:38:36,112.0,27.0,313.0,27.0,107.0,72.0,597.41,39.0,212.5,201.0,99.0,66.0,27.214721567563167,112.0,313.0,165,33.0,-15.0,0.2
07:38:37,107.9,50.0,220.89,28.0,106.63,38.0,546.5,30.0,164.4,112.98999999999998,88.0,58.0,27.118176007983802,107.9,220.89000000000001,146,30.0,-19.0,0.21
07:38:38,107.0,30.0,139.9,10.0,106.0,20.0,561.22,23.0,123.45,32.900000000000006,50.0,33.0,32.23241799803398,107.0,139.9,83,17.0,-63.0,0.2
07:38:39,107.0,31.0,137.55,29.0,106.0,28.0,224.1,20.0,122.28,30.55000000000001,59.0,49.0,36.986114015938185,107.0,137.55,108,10.0,25.0,0.09
07:38:40,106.8,25.0,136.25,48.0,105.5,40.0,136.6,30.0,121.53,29.450000000000003,65.0,78.0,39.9707101513092,106.8,136.25,143,-13.0,35.0,-0.09
07:38:41,107.94,31.0,132.55,31.0,105.71,14.0,133.0,32.0,120.24,24.610000000000014,45.0,63.0,19.053460315647527,107.94,132.55,108,-18.0,-35.0,-0.17
07:38:42,108.78,27.0,129.3,20.0,107.75,24.0,131.0,10.0,119.04,20.52000000000001,51.0,30.0,1.7224023919939777,108.78,129.3,81,21.0,-27.0,0.26
07:38:43,108.0,40.0,125.05,73.0,106.95,196.0,125.81,47.0,116.53,17.049999999999997,236.0,120.0,2.2655308428589667,108.0,125.05,356,116.0,169.5,0.33
07:38:44,107.04,153.0,118.84,25.0,106.65,78.0,120.07,28.0,112.94,11.799999999999997,231.0,53.0,3.4025328800679477,107.04,118.84,284,178.0,-72.0,0.63
07:38:45,107.0,208.0,114.06,36.0,106.0,39.0,114.81,31.0,110.53,7.060000000000002,247.0,67.0,4.082919298729935,107.0,114.06,314,180.0,30.0,0.57
07:38:46,107.0,172.0,108.62,26.0,106.0,33.0,109.53,30.0,107.81,1.6200000000000045,205.0,56.0,4.5082868142941965,107.0,108.61999999999999,261,149.0,-53.0,0.57
07:38:47,107.0,245.0,109.3,40.0,106.0,54.0,355.84,68.0,108.15,2.299999999999997,299.0,108.0,3.629038440129387,107.0,109.3,407,191.0,146.0,0.47
07:38:48,107.0,104.0,108.0,16.0,106.0,24.0,259.0,32.0,107.5,1.0,128.0,48.0,2.3188423835903436,107.0,108.0,176,80.0,-170.5,0.45
07:38:49,107.0,115.0,138.2,20.0,106.0,27.0,216.32,41.0,122.6,31.19999999999999,142.0,61.0,6.419187643303233,107.0,138.2,203,81.0,27.0,0.4
07:38:50,108.9,58.0,263.74,38.0,107.04,90.0,321.78,41.0,186.32,154.84,148.0,79.0,34.06126142702223,108.9,263.74,227,69.0,24.0,0.3
07:38:51,110.0,36.0,264.93,29.0,109.0,12.0,405.6,25.0,187.47,154.93,48.0,54.0,41.05905344744286,110.0,264.93,102,-6.0,-125.0,-0.06
07:38:52,110.0,54.0,292.0,45.0,109.0,18.0,360.08,39.0,201.0,182.0,72.0,84.0,42.657270423692005,110.0,292.0,156,-12.0,54.0,-0.08
07:38:53,110.33,36.0,292.0,30.0,109.0,12.0,361.0,25.0,201.17,181.67000000000002,48.0,55.0,32.70801690717442,110.33,292.0,103,-7.0,-53.0,-0.07
07:38:54,111.0,36.0,167.2,25.0,109.0,12.0,301.66,29.0,139.1,56.19999999999999,48.0,54.0,25.55563284287852,111.0,167.2,102,-6.0,-1.0,-0.06
07:38:55,111.0,48.0,327.52,52.0,109.0,24.0,406.55,58.0,219.26,216.51999999999998,72.0,110.0,30.406937530767838,111.0,327.52000000000004,182,-38.0,80.0,-0.21
07:38:56,111.0,20.0,340.9,42.0,109.0,20.0,371.28,25.0,225.95,229.89999999999998,40.0,67.0,34.34738316087596,111.0,340.9,107,-27.0,-75.0,-0.25
07:38:57,111.0,22.0,126.09,46.0,109.0,22.0,209.0,51.0,118.54,15.090000000000003,44.0,97.0,48.85649526930896,111.0,126.09,141,-53.0,34.0,-0.38
07:38:58,111.0,26.0,123.53,34.0,109.0,26.0,124.82,44.0,117.26,12.530000000000001,52.0,78.0,54.22802983697631,111.0,123.53000000000002,130,-26.0,-11.0,-0.2
07:38:59,109.0,15.0,120.57,56.0,107.03,136.0,123.06,34.0,114.79,11.569999999999993,151.0,90.0,57.98104302269827,109.0,120.57000000000001,241,61.0,111.0,0.25
07:39:00,111.21,19.0,117.89,36.0,108.58,12.0,119.67,36.0,114.55,6.680000000000007,31.0,72.0,49.07242270359157,111.21,117.89,103,-41.0,-138.0,-0.4
07:39:01,109.31,117.0,115.47,60.0,108.88,75.0,119.0,30.0,112.39,6.159999999999997,192.0,90.0,2.419592940960992,109.31,115.47,282,102.0,169.5,0.36
07:39:02,109.0,110.0,113.39,36.0,108.0,11.0,115.13,30.0,111.19,4.390000000000001,121.0,66.0,2.3471216414891765,109.0,113.39,187,55.0,-95.0,0.29
07:39:03,109.0,83.0,176.17,41.0,108.0,11.0,253.51,53.0,142.59,67.16999999999999,94.0,94.0,13.216002421305458,109.0,176.17,188,0.0,1.0,0.0
07:39:05,107.0,132.0,255.19,54.0,106.0,33.0,610.0,47.0,181.09,148.19,165.0,101.0,66.65953705209775,107.0,255.19,266,64.0,124.0,0.24
07:39:06,111.53,51.0,158.88,50.0,107.85,78.0,174.57,46.0,135.2,47.349999999999994,129.0,96.0,62.941320450082685,111.53,158.88,225,33.0,-41.0,0.15
07:39:07,112.0,23.0,152.62,52.0,108.0,78.0,154.0,65.0,132.31,40.620000000000005,101.0,117.0,58.71493353483423,112.0,152.62,218,-16.0,-7.0,-0.07
07:39:08,112.0,11.0,150.32,53.0,108.0,66.0,151.57,46.0,131.16,38.31999999999999,77.0,99.0,60.37222233776059,112.0,150.32,176,-22.0,-42.0,-0.12
07:39:09,112.0,14.0,145.77,65.0,108.0,84.0,147.36,61.0,128.88,33.77000000000001,98.0,126.0,22.1214504497326,112.0,145.77,224,-28.0,48.0,-0.12
07:39:10,112.0,10.0,143.17,41.0,108.0,60.0,144.84,49.0,127.59,31.169999999999987,70.0,90.0,2.979105570463348,112.0,143.17,160,-20.0,-64.0,-0.12
07:39:11,108.0,46.0,141.58,66.0,107.0,266.0,142.67,60.0,124.79,33.58000000000001,312.0,126.0,2.972108679029778,108.0,141.58,438,186.0,169.5,0.42
07:39:12,107.06,179.0,139.0,61.0,106.52,69.0,140.18,56.0,123.03,31.939999999999998,248.0,117.0,3.232359819073783,107.06,139.0,365,131.0,-73.0,0.36
07:39:13,107.53,95.0,134.37,30.0,106.89,84.0,138.29,35.0,120.95,26.840000000000003,179.0,65.0,3.2433963680008575,107.53,134.37,244,114.0,-121.0,0.47
07:39:14,109.0,90.0,120.89,45.0,107.0,135.0,122.0,9.0,114.94,11.89,225.0,54.0,4.761858880727056,109.0,120.89,279,171.0,35.0,0.61
07:39:15,109.0,91.0,118.6,50.0,107.0,150.0,120.1,42.0,113.8,9.599999999999994,241.0,92.0,4.894667506578678,109.0,118.6,333,149.0,54.0,0.45
07:39:16,110.0,49.0,116.54,37.0,109.0,49.0,118.29,35.0,113.27,6.540000000000006,98.0,72.0,4.476714196813937,110.0,116.54,170,26.0,-163.0,0.15
07:39:17,110.4,105.0,114.39,75.0,109.0,105.0,115.67,75.0,112.39,3.989999999999995,210.0,150.0,3.4141836505896843,110.4,114.39,360,60.0,169.5,0.17
07:39:18,110.33,42.0,112.65,46.0,108.77,71.0,132.49,51.0,111.49,2.3200000000000074,113.0,97.0,1.3200643923508164,110.33,112.65,210,16.0,-150.0,0.08
07:39:19,109.0,43.0,113.58,24.0,107.0,24.0,138.68,19.0,111.29,4.579999999999998,67.0,43.0,1.0915218733273298,109.0,113.58,110,24.0,-100.0,0.22
07:39:20,109.0,48.0,111.93,27.0,107.0,24.0,112.57,21.0,110.46,2.930000000000007,72.0,48.0,1.079212675959439,109.0,111.93,120,24.0,10.0,0.2
07:39:21,109.0,67.0,110.0,44.0,107.0,44.0,112.0,55.0,109.5,1.0,111.0,99.0,1.0948196198237399,109.0,110.0,210,12.0,90.0,0.06
07:39:22,109.0,36.0,110.74,54.0,107.0,48.0,132.25,48.0,109.87,1.7399999999999949,84.0,102.0,0.8660658173318173,109.0,110.74,186,-18.0,-24.0,-0.1
07:39:23,108.11,9.0,116.18,28.0,106.71,28.0,193.31,16.0,112.14,8.070000000000007,37.0,44.0,1.0719934701063853,108.11,116.17999999999999,81,-7.0,-105.0,-0.09
07:39:24,110.46,13.0,165.69,13.0,106.6,20.0,384.5,6.0,138.08,55.230000000000004,33.0,19.0,12.378852935549194,110.46000000000001,165.69,52,14.0,-29.0,0.27
07:39:25,109.27,33.0,163.92,52.0,105.5,105.0,166.0,39.0,136.6,54.64999999999999,138.0,91.0,14.743046496567748,109.27,163.92000000000002,229,47.0,169.5,0.21
07:39:26,106.17,23.0,162.0,36.0,105.3,93.0,238.22,27.0,134.09,55.83,116.0,63.0,13.927394946649645,106.16999999999999,162.0,179,53.0,-50.0,0.3
07:39:27,108.57,14.0,161.14,28.0,107.0,7.0,469.29,21.0,134.86,52.56999999999999,21.0,49.0,10.741451484783871,108.57000000000001,161.14000000000001,70,-28.0,-109.0,-0.4
07:39:28,105.24,87.0,160.78,36.0,104.03,33.0,397.56,27.0,133.01,55.540000000000006,120.0,63.0,2.019670765240875,105.24,160.78,183,57.0,113.0,0.31
07:39:29,105.0,91.0,157.12,25.0,103.0,21.0,223.0,24.0,131.06,52.120000000000005,112.0,49.0,2.067759657205731,105.0,157.12,161,63.0,-22.0,0.39
07:39:30,105.0,78.0,151.0,24.0,103.0,18.0,152.0,18.0,128.0,46.0,96.0,42.0,2.7496963468656443,105.0,151.0,138,54.0,-23.0,0.39
07:39:31,105.0,110.0,125.0,28.0,103.0,24.0,145.21,28.0,115.0,20.0,134.0,56.0,7.902188304511814,105.0,125.0,190,78.0,52.0,0.41
07:39:32,105.0,97.0,114.0,36.0,103.0,27.0,229.11,27.0,109.5,9.0,124.0,63.0,10.43935725990634,105.0,114.0,187,61.0,-3.0,0.33
07:39:33,108.34,76.0,113.0,40.0,102.15,33.0,161.5,30.0,110.67,4.659999999999997,109.0,70.0,10.024518941074213,108.34,113.0,179,39.0,-8.0,0.22
07:39:34,109.0,65.0,111.79,38.0,105.0,52.0,307.59,41.0,110.39,2.7900000000000063,117.0,79.0,7.7271644216977995,109.0,111.79,196,38.0,17.0,0.19
07:39:35,109.0,60.0,245.21,34.0,105.0,48.0,596.91,46.0,177.1,136.21,108.0,80.0,29.4633920314678,109.0,245.20999999999998,188,28.0,-8.0,0.15
07:39:36,109.0,40.0,256.19,36.0,107.03,37.0,450.29,28.0,182.6,147.19,77.0,64.0,38.20813879267048,109.0,256.19,141,13.0,-47.0,0.09
07:39:37,109.0,35.0,254.57,35.0,108.0,35.0,326.48,31.0,181.79,145.57,70.0,66.0,38.37992509112,109.0,254.56999999999996,136,4.0,-5.0,0.03
07:39:38,109.0,40.0,252.12,40.0,108.0,40.0,254.0,40.0,180.56,143.12,80.0,80.0,31.429958160964734,109.0,252.11999999999998,160,0.0,24.0,0.0
07:39:39,109.0,50.0,114.15,46.0,108.0,50.0,143.4,48.0,111.58,5.150000000000006,100.0,94.0,30.898983478425208,109.0,114.15,194,6.0,34.0,0.03
07:39:40,108.71,35.0,112.86,35.0,107.85,27.0,114.0,35.0,110.79,4.150000000000006,62.0,70.0,38.60311425260899,108.71,112.86,132,-8.0,-62.0,-0.06
07:39:41,107.81,54.0,110.08,65.0,105.3,20.0,153.02,63.0,108.95,2.269999999999996,74.0,128.0,38.757344207259244,107.81,110.08,202,-54.0,70.0,-0.27
07:39:42,105.0,22.0,108.42,43.0,103.0,22.0,131.17,35.0,106.71,3.4200000000000017,44.0,78.0,31.8309718670348,105.0,108.42000000000002,122,-34.0,-80.0,-0.28
07:39:43,105.6,15.0,107.82,51.0,104.5,24.0,163.03,29.0,106.71,2.219999999999999,39.0,80.0,2.254865849657101,105.6,107.82,119,-41.0,-3.0,-0.34
07:39:44,98.31,26.0,108.09,22.0,66.76,17.0,231.44,36.0,103.2,9.780000000000001,43.0,58.0,2.8462642182251034,98.31,108.09,101,-15.0,-18.0,-0.15
07:39:45,90.93,30.0,251.57,49.0,69.26,31.0,319.96,56.0,171.25,160.64,61.0,105.0,29.078044638523373,90.93,251.57,166,-44.0,65.0,-0.27
07:39:53,86.33,104.0,98.0,20.0,83.5,78.0,100.0,32.0,92.16,11.670000000000002,182.0,52.0,5.992664682754458,86.33,98.0,234,130.0,-48.0,0.56
07:39:54,91.9,93.0,98.0,7.0,88.63,103.0,100.0,28.0,94.95,6.099999999999994,196.0,35.0,6.986297302572604,91.9,98.0,231,161.0,-3.0,0.7
07:39:55,96.0,180.0,98.89,18.0,93.9,166.0,100.39,46.0,97.44,2.8900000000000006,346.0,64.0,7.545480104005019,96.0,98.89,410,282.0,169.5,0.69
07:39:56,99.53,179.0,102.2,45.0,96.71,140.0,203.2,54.0,100.87,2.6700000000000017,319.0,99.0,4.766368638695401,99.53,102.2,418,220.0,8.0,0.53
07:39:57,102.0,62.0,107.96,23.0,100.38,72.0,197.0,18.0,104.98,5.959999999999994,134.0,41.0,5.016148921228462,102.0,107.96,175,93.0,-170.5,0.53
07:39:58,105.21,81.0,296.0,13.0,102.76,94.0,530.9,63.0,200.6,190.79000000000002,175.0,76.0,45.343423668708084,105.21000000000001,296.0,251,99.0,76.0,0.39
07:40:00,110.0,40.0,241.29,7.0,109.0,35.0,446.24,17.0,175.64,131.29,75.0,24.0,77.66839125410026,110.0,241.29,99,51.0,-55.0,0.52
07:40:01,110.55,33.0,228.0,6.0,109.53,45.0,552.36,22.0,169.27,117.45,78.0,28.0,66.76171807256016,110.55,228.0,106,50.0,7.0,0.47
07:40:02,111.75,24.0,218.57,7.0,110.6,55.0,417.45,11.0,165.16,106.82,79.0,18.0,51.81007990729231,111.75,218.57,97,61.0,-9.0,0.63
07:40:03,111.0,12.0,196.5,2.0,109.0,14.0,211.5,2.0,153.75,85.5,26.0,4.0,55.76158561231924,111.0,196.5,30,22.0,-67.0,0.73
07:40:04,111.0,36.0,195.17,6.0,109.0,42.0,287.5,6.0,153.08,84.16999999999999,78.0,12.0,9.83609424517616,111.0,195.17,90,66.0,60.0,0.73
07:40:05,111.0,30.0,194.0,5.0,109.0,35.0,378.0,5.0,152.5,83.0,65.0,10.0,7.873529704013595,111.0,194.0,75,55.0,-15.0,0.73
07:40:06,111.0,42.0,192.86,7.0,109.0,49.0,378.0,7.0,151.93,81.86000000000001,91.0,14.0,5.562061668121093,111.0,192.85999999999999,105,77.0,30.0,0.73
07:40:07,111.0,30.0,136.88,8.0,109.0,42.0,271.69,16.0,123.94,25.879999999999995,72.0,24.0,12.930964774523844,111.0,136.88,96,48.0,-9.0,0.5
07:40:08,111.0,49.0,117.45,11.0,109.0,77.0,243.57,35.0,114.23,6.450000000000003,126.0,46.0,18.627569084557738,111.0,117.45,172,80.0,76.0,0.47
07:40:09,110.43,14.0,116.33,6.0,108.92,38.0,248.64,22.0,113.38,5.8999999999999915,52.0,28.0,19.632012887117966,110.42999999999999,116.33,80,24.0,-92.0,0.3
07:40:10,109.0,20.0,115.8,5.0,108.0,15.0,593.4,15.0,112.4,6.799999999999997,35.0,20.0,16.729397179813766,109.0,115.8,55,15.0,-25.0,0.27
07:40:11,109.0,24.0,114.0,6.0,108.0,18.0,376.57,21.0,111.5,5.0,42.0,27.0,5.052484537329681,109.0,114.0,69,15.0,14.0,0.22
07:40:12,109.0,48.0,111.67,12.0,108.0,36.0,215.91,32.0,110.33,2.6700000000000017,84.0,44.0,1.5328959520964955,109.0,111.67,128,40.0,59.0,0.31
07:40:13,109.35,69.0,334.56,25.0,108.6,60.0,355.09,35.0,221.95,225.21,129.0,60.0,49.22760170879714,109.35,334.56,189,69.0,61.0,0.37
07:40:14,109.0,88.0,244.59,37.0,108.0,33.0,340.98,47.0,176.8,135.59,121.0,84.0,50.76126801016672,109.0,244.59,205,37.0,16.0,0.18
07:40:15,110.7,40.0,181.05,19.0,109.0,80.0,182.25,12.0,145.88,70.35000000000001,120.0,31.0,47.20643356577554,110.7,181.05,151,89.0,-54.0,0.59
07:40:16,111.95,81.0,180.0,60.0,110.75,64.0,181.2,25.0,145.98,68.05,145.0,85.0,41.781902421981506,111.95,180.0,230,60.0,79.0,0.26
07:40:17,112.0,16.0,175.94,36.0,111.0,64.0,177.16,37.0,143.97,63.94,80.0,73.0,33.666685759070326,112.0,175.94,153,7.0,-77.0,0.05
07:40:18,112.0,15.0,168.05,44.0,111.0,60.0,170.79,24.0,140.02,56.05000000000001,75.0,68.0,14.882301569313075,112.0,168.05,143,7.0,-10.0,0.05
07:40:19,111.05,41.0,163.41,54.0,109.19,86.0,164.96,50.0,137.23,52.36,127.0,104.0,3.8584880458507773,111.05000000000001,163.41,231,23.0,88.0,0.1
07:40:20,111.0,42.0,159.32,28.0,109.0,84.0,160.85,33.0,135.16,48.31999999999999,126.0,61.0,4.5140414264793876,111.0,159.32,187,65.0,-44.0,0.35
07:40:21,111.0,39.0,152.8,30.0,109.0,78.0,156.08,38.0,131.9,41.80000000000001,117.0,68.0,4.609721249703752,111.0,152.8,185,49.0,-2.0,0.26
07:40:22,110.27,33.0,148.14,29.0,108.91,46.0,149.69,16.0,129.21,37.86999999999999,79.0,45.0,4.268926094460819,110.27,148.14,124,34.0,-61.0,0.27
07:40:23,108.86,28.0,144.19,21.0,107.62,32.0,146.44,39.0,126.52,35.33,60.0,60.0,4.334827562887222,108.86,144.19,120,0.0,-4.0,0.0
07:40:24,108.0,14.0,140.92,39.0,107.0,42.0,142.81,31.0,124.46,32.91999999999999,56.0,70.0,4.2470342593349955,108.0,140.92,126,-14.0,6.0,-0.11
07:40:25,108.0,16.0,138.76,41.0,107.0,48.0,139.86,44.0,123.38,30.75999999999999,64.0,85.0,3.4869872382851654,108.0,138.76,149,-21.0,23.0,-0.14
07:40:26,108.0,15.0,136.14,42.0,107.0,45.0,136.75,48.0,122.07,28.139999999999986,60.0,90.0,2.8041701089560003,108.0,136.14,150,-30.0,1.0,-0.2
07:40:27,108.44,18.0,131.14,28.0,107.09,43.0,132.92,37.0,119.79,22.69999999999999,61.0,65.0,2.5267429627805438,108.44,131.14,126,-4.0,-24.0,-0.03
07:40:28,109.08,37.0,129.0,28.0,107.43,47.0,130.93,28.0,119.04,19.92,84.0,56.0,2.3070045513522515,109.08,129.0,140,28.0,14.0,0.2
07:40:29,108.0,27.0,123.73,22.0,107.0,44.0,125.36,22.0,115.86,15.730000000000004,71.0,44.0,2.907347588431571,108.0,123.73,115,27.0,-25.0,0.23
07:40:30,108.0,56.0,118.75,40.0,107.0,53.0,120.21,28.0,113.38,10.75,109.0,68.0,3.419454634873458,108.0,118.75,177,41.0,62.0,0.23
07:40:31,107.86,28.0,118.0,65.0,106.67,49.0,119.0,26.0,112.93,10.14,77.0,91.0,3.1509760392545623,107.86,118.0,168,-14.0,-9.0,-0.08
07:40:32,107.0,18.0,116.81,59.0,106.0,120.0,117.75,57.0,111.91,9.810000000000002,138.0,116.0,2.8640757671464137,107.0,116.81,254,22.0,86.0,0.09
07:40:33,107.0,17.0,112.81,54.0,105.98,131.0,113.95,42.0,109.91,5.810000000000002,148.0,96.0,2.171467245885625,107.0,112.81,244,52.0,-10.0,0.21
07:40:34,106.69,45.0,108.5,48.0,103.54,67.0,109.83,46.0,107.59,1.8100000000000023,112.0,94.0,2.3942598021002155,106.69,108.5,206,18.0,-38.0,0.09
07:40:35,103.55,76.0,114.74,38.0,95.18,71.0,150.22,46.0,109.14,11.189999999999998,147.0,84.0,2.1418870184844905,103.55,114.74,231,63.0,25.0,0.27
07:40:36,106.0,20.0,160.16,19.0,105.0,58.0,376.35,46.0,133.08,54.16,78.0,65.0,10.598572073631209,106.0,160.16,143,13.0,-88.0,0.09
07:40:37,106.0,6.0,143.0,6.0,105.0,42.0,153.0,24.0,124.5,37.0,48.0,30.0,11.35000572686891,106.0,143.0,78,18.0,-65.0,0.23
07:40:38,106.0,12.0,151.89,36.0,105.0,84.0,193.47,36.0,128.94,45.889999999999986,96.0,72.0,11.630726546521487,106.0,151.89,168,24.0,90.0,0.14
07:40:39,108.9,29.0,152.92,26.0,105.5,14.0,218.93,14.0,130.91,44.01999999999998,43.0,40.0,9.579075111928233,108.9,152.92,83,3.0,-85.0,0.04
07:40:40,110.5,24.0,152.0,9.0,108.67,27.0,158.88,33.0,131.25,41.5,51.0,42.0,3.2749854961459013,110.5,152.0,93,9.0,10.0,0.1
07:40:41,112.0,16.0,151.88,8.0,109.0,32.0,246.69,26.0,131.94,39.879999999999995,48.0,34.0,3.0131992964232928,112.0,151.88,82,14.0,-11.0,0.17
07:40:42,109.43,14.0,150.0,7.0,107.2,10.0,219.73,22.0,129.71,40.56999999999999,24.0,29.0,1.2092766432734128,109.42999999999999,150.0,53,-5.0,-29.0,-0.09
07:40:43,109.0,148.0,150.0,11.0,106.0,11.0,249.64,44.0,129.5,41.0,159.0,55.0,1.0364699706053688,109.0,150.0,214,104.0,161.0,0.49
07:40:44,109.03,193.0,147.45,22.0,108.27,45.0,173.12,40.0,128.24,38.41999999999999,238.0,62.0,1.472742339978818,109.03,147.45,300,176.0,86.0,0.59
07:40:45,109.32,149.0,137.67,24.0,108.13,110.0,156.11,36.0,123.49,28.349999999999994,259.0,60.0,3.1399251583381975,109.32,137.67,319,199.0,19.0,0.62
07:40:46,111.0,66.0,129.09,44.0,109.0,187.0,144.08,26.0,120.05,18.090000000000003,253.0,70.0,4.258470382656601,111.0,129.09,323,183.0,4.0,0.57
07:40:47,111.0,63.0,128.09,44.0,109.0,187.0,492.82,44.0,119.55,17.090000000000003,250.0,88.0,4.5758857066104675,111.0,128.09,338,162.0,15.0,0.48
07:40:48,111.0,21.0,127.64,25.0,109.0,119.0,314.0,28.0,119.32,16.64,140.0,53.0,3.8098753260389673,111.0,127.64,193,87.0,-145.0,0.45
07:40:49,109.16,114.0,126.08,26.0,108.35,65.0,127.84,38.0,117.62,16.92,179.0,64.0,2.151262420059197,109.16,126.08,243,115.0,50.0,0.47
07:40:50,109.0,165.0,125.27,33.0,106.0,22.0,128.0,44.0,117.14,16.269999999999996,187.0,77.0,1.2770003915262005,109.0,125.27,264,110.0,21.0,0.42
07:40:51,109.0,105.0,124.71,21.0,106.14,14.0,128.0,28.0,116.86,15.709999999999994,119.0,49.0,1.2530442928953605,109.0,124.71,168,70.0,-96.0,0.42
07:40:52,109.0,174.0,122.94,33.0,107.0,20.0,125.6,35.0,115.97,13.939999999999998,194.0,68.0,1.2386767132537635,109.0,122.94,262,126.0,94.0,0.48
07:40:53,109.0,252.0,117.83,36.0,107.0,28.0,120.38,47.0,113.42,8.829999999999998,280.0,83.0,1.6670992771746787,109.0,117.83,363,197.0,101.0,0.54
07:40:54,109.0,162.0,114.04,23.0,107.0,18.0,116.04,27.0,111.52,5.040000000000006,180.0,50.0,2.428233926119044,109.0,114.04,230,130.0,-133.0,0.57
07:40:55,109.0,228.0,110.91,35.0,107.0,28.0,137.58,38.0,109.96,1.9099999999999966,256.0,73.0,2.9085357140586274,109.0,110.91,329,183.0,99.0,0.56
07:40:56,109.0,171.0,152.24,58.0,107.27,30.0,231.34,47.0,130.62,43.24000000000001,201.0,105.0,8.314290107998183,109.0,152.24,306,96.0,-23.0,0.31
07:40:57,109.0,63.0,186.76,41.0,108.0,36.0,311.38,21.0,147.88,77.75999999999999,99.0,62.0,16.35676618405853,109.0,186.76,161,37.0,-145.0,0.23
07:40:58,109.0,42.0,162.0,18.0,108.0,24.0,277.7,27.0,135.5,53.0,66.0,45.0,16.21168344127048,109.0,162.0,111,21.0,-50.0,0.19
07:40:59,108.7,54.0,346.24,42.0,107.75,32.0,546.47,38.0,227.47,237.54000000000002,86.0,80.0,45.262352789045096,108.7,346.24,166,6.0,55.0,0.04
07:41:00,109.63,19.0,395.69,29.0,108.38,32.0,507.67,27.0,252.66,286.06,51.0,56.0,56.956812410808205,109.63,395.69,107,-5.0,-59.0,-0.05
07:41:01,110.5,4.0,363.62,8.0,108.43,14.0,375.76,17.0,237.06,253.12,18.0,25.0,54.26278540583784,110.5,363.62,43,-7.0,-64.0,-0.16
07:41:02,107.64,28.0,303.67,21.0,106.89,38.0,368.93,40.0,205.65,196.03000000000003,66.0,61.0,45.860062908810036,107.64,303.67,127,5.0,84.0,0.04
07:41:03,107.0,25.0,223.62,13.0,106.0,10.0,270.0,9.0,165.31,116.62,35.0,22.0,33.846544136735986,107.0,223.62,57,13.0,-70.0,0.23
07:41:04,107.0,25.0,202.0,6.0,106.0,10.0,222.77,13.0,154.5,95.0,35.0,19.0,43.02906378251808,107.0,202.0,54,16.0,-3.0,0.3
07:41:05,107.0,69.0,162.8,15.0,106.0,26.0,193.88,34.0,134.9,55.80000000000001,95.0,49.0,41.26890754551174,107.0,162.8,144,46.0,90.0,0.32
07:41:06,106.97,72.0,161.26,23.0,105.74,38.0,162.11,37.0,134.12,54.28999999999999,110.0,60.0,29.308953068985318,106.97,161.26,170,50.0,26.0,0.29
07:41:07,105.16,64.0,157.5,20.0,103.75,134.0,159.43,28.0,131.33,52.34,198.0,48.0,15.044220484956199,105.16,157.5,246,150.0,76.0,0.61
07:41:08,105.5,88.0,152.81,21.0,103.17,144.0,153.71,31.0,129.15,47.31,232.0,52.0,10.155365576874706,105.5,152.81,284,180.0,38.0,0.63
07:41:09,107.0,187.0,150.23,35.0,105.0,106.0,151.73,33.0,128.61,43.22999999999999,293.0,68.0,2.8396073672197777,107.0,150.23,361,225.0,77.0,0.62
07:41:10,107.66,76.0,146.48,21.0,106.17,94.0,147.61,23.0,127.07,38.81999999999999,170.0,44.0,2.737111616278735,107.66,146.48,214,126.0,-147.0,0.59
07:41:11,111.29,14.0,143.4,20.0,107.1,124.0,145.71,28.0,127.34,32.11,138.0,48.0,1.7054324964557386,111.29,143.4,186,90.0,-28.0,0.48
07:41:12,111.0,17.0,138.31,58.0,107.39,127.0,139.62,29.0,124.66,27.310000000000002,144.0,87.0,1.7421911490897122,111.0,138.31,231,57.0,45.0,0.25
07:41:13,111.0,14.0,135.03,36.0,108.0,70.0,136.4,40.0,123.01,24.03,84.0,76.0,2.2579348971938638,111.0,135.03,160,8.0,-71.0,0.05
07:41:14,111.0,13.0,126.41,37.0,108.0,65.0,127.86,36.0,118.7,15.409999999999997,78.0,73.0,3.5342792758870667,111.0,126.41,151,5.0,-9.0,0.03
07:41:15,111.0,12.0,122.67,39.0,108.0,60.0,123.82,45.0,116.83,11.670000000000002,72.0,84.0,4.3061548973491135,111.0,122.67,156,-12.0,5.0,-0.08
07:41:16,107.93,89.0,119.08,37.0,107.03,187.0,120.32,53.0,113.51,11.149999999999991,276.0,90.0,4.540646429745693,107.93,119.08,366,186.0,169.5,0.51
07:41:17,107.0,192.0,117.09,57.0,105.0,58.0,117.97,39.0,112.04,10.090000000000003,250.0,96.0,4.348996435956349,107.0,117.09,346,154.0,-20.0,0.45
07:41:18,107.0,186.0,111.5,36.0,106.0,32.0,112.22,45.0,109.25,4.5,218.0,81.0,3.7656778938140274,107.0,111.5,299,137.0,-47.0,0.46
07:41:19,107.0,90.0,109.69,16.0,106.0,20.0,111.72,25.0,108.34,2.6899999999999977,110.0,41.0,3.412056564589547,107.0,109.69,151,69.0,-148.0,0.46
07:41:20,106.93,75.0,300.78,37.0,105.33,60.0,363.48,42.0,203.86,193.84999999999997,135.0,79.0,41.67643038936958,106.93,300.78,214,56.0,63.0,0.26
07:41:21,108.41,137.0,284.08,52.0,106.0,13.0,627.46,26.0,196.24,175.67,150.0,78.0,49.482174366128824,108.41,284.08,228,72.0,14.0,0.32
07:41:22,109.13,161.0,164.97,36.0,108.52,62.0,209.85,40.0,137.05,55.84,223.0,76.0,46.363682662186996,109.13,164.97,299,147.0,71.0,0.49
07:41:23,110.08,49.0,117.82,17.0,109.05,133.0,151.38,13.0,113.95,7.739999999999995,182.0,30.0,45.343343171848055,110.08,117.82,212,152.0,-87.0,0.72
07:41:24,110.82,57.0,116.71,17.0,109.0,182.0,313.91,35.0,113.77,5.890000000000001,239.0,52.0,44.0872195766526,110.82,116.71,291,187.0,79.0,0.64
07:41:25,111.0,8.0,116.0,40.0,109.0,112.0,117.0,8.0,113.5,5.0,120.0,48.0,35.744081608008486,111.0,116.0,168,72.0,-123.0,0.43
07:41:26,111.0,11.0,115.27,55.0,109.0,109.0,117.0,11.0,113.14,4.269999999999996,120.0,66.0,10.496069264251325,111.0,115.27,186,54.0,18.0,0.29
07:41:27,109.08,51.0,114.89,45.0,108.43,37.0,117.0,9.0,111.98,5.810000000000002,88.0,54.0,0.7820294111852123,109.08,114.89,142,34.0,-44.0,0.24
07:41:28,109.0,81.0,113.3,40.0,108.0,36.0,189.2,30.0,111.15,4.299999999999997,117.0,70.0,1.1066932727537504,109.0,113.3,187,47.0,45.0,0.25
07:41:29,109.0,28.0,111.14,21.0,108.0,21.0,609.71,14.0,110.07,2.1400000000000006,49.0,35.0,1.4135310396160574,109.0,111.14,84,14.0,-103.0,0.17
07:41:30,109.0,16.0,110.64,14.0,108.0,12.0,328.56,9.0,109.82,1.6400000000000006,28.0,23.0,1.3739250343296365,109.0,110.64,51,5.0,-33.0,0.1
07:41:31,108.29,42.0,110.67,45.0,107.47,19.0,201.04,45.0,109.48,2.3799999999999955,61.0,90.0,1.036894401545947,108.29,110.66999999999999,151,-29.0,100.0,-0.19
07:41:32,108.0,45.0,110.72,29.0,107.0,15.0,239.52,46.0,109.36,2.719999999999999,60.0,75.0,0.7136035313513134,108.0,110.72,135,-15.0,-16.0,-0.11
07:41:33,108.0,37.0,109.06,48.0,107.0,18.0,209.87,52.0,108.53,1.0600000000000023,55.0,100.0,0.5866600378045175,108.0,109.06,155,-45.0,20.0,-0.29
07:41:34,108.0,10.0,109.0,30.0,107.0,10.0,317.38,26.0,108.5,1.0,20.0,56.0,0.593312733688269,108.0,109.0,76,-36.0,-79.0,-0.47
07:41:35,105.62,24.0,109.0,42.0,105.09,23.0,148.0,56.0,107.31,3.3799999999999955,47.0,98.0,0.8695573586350743,105.62,109.0,145,-51.0,69.0,-0.35
07:41:36,105.0,28.0,108.33,18.0,103.0,14.0,116.09,44.0,106.67,3.3299999999999983,42.0,62.0,1.0721613684311373,105.0,108.33,104,-20.0,-41.0,-0.19
07:41:37,97.86,74.0,105.53,19.0,68.5,16.0,204.25,32.0,101.7,7.670000000000002,90.0,51.0,2.821217822139107,97.86,105.53,141,39.0,37.0,0.28
07:41:38,97.0,132.0,103.89,27.0,38.0,12.0,197.68,38.0,100.44,6.890000000000001,144.0,65.0,3.6065814838922545,97.0,103.89,209,79.0,68.0,0.38
07:41:39,97.0,66.0,99.0,16.0,33.0,6.0,324.6,15.0,98.0,2.0,72.0,31.0,4.035273224944412,97.0,99.0,103,41.0,-106.0,0.4
07:41:40,97.0,55.0,98.0,11.0,32.0,5.0,101.22,9.0,97.5,1.0,60.0,20.0,3.677882542979335,97.0,98.0,80,40.0,-23.0,0.5
07:41:41,93.33,66.0,98.0,6.0,72.5,6.0,103.0,6.0,95.67,4.670000000000002,72.0,12.0,2.404749467190056,93.33,98.0,84,60.0,4.0,0.71
07:41:42,86.0,66.0,98.0,6.0,40.1,10.0,103.0,6.0,92.0,12.0,76.0,12.0,3.141101717542702,86.0,98.0,88,64.0,4.0,0.73
07:41:43,83.88,24.0,98.0,4.0,37.5,8.0,103.0,4.0,90.94,14.120000000000005,32.0,8.0,3.2025021467515993,83.88,98.0,40,24.0,-48.0,0.6
07:41:44,76.63,59.0,196.0,17.0,71.06,34.0,396.68,31.0,136.31,119.37,93.0,48.0,19.09612081025759,76.63,196.0,141,45.0,101.0,0.32
07:41:46,79.86,35.0,161.11,27.0,75.61,31.0,130.42,31.0,120.48,81.25000000000001,66.0,58.0,21.021682140113224,79.86,161.11,124,8.0,41.0,0.06
07:41:47,89.76,51.0,242.0,24.0,88.24,37.0,537.86,42.0,165.88,152.24,88.0,66.0,31.763817780612637,89.76,242.0,154,22.0,30.0,0.14
07:41:48,112.0,19.0,325.67,18.0,109.0,9.0,546.75,32.0,218.83,213.67000000000002,28.0,50.0,48.572941335685854,112.0,325.67,78,-22.0,-76.0,-0.28
07:41:49,112.0,7.0,336.29,14.0,109.0,7.0,615.0,14.0,224.14,224.29000000000002,14.0,28.0,58.75541949471546,112.0,336.29,42,-14.0,-36.0,-0.33
07:41:51,112.0,36.0,373.56,18.0,109.0,9.0,543.33,18.0,242.78,261.56,45.0,36.0,45.06309432340425,112.0,373.56,81,9.0,6.0,0.11
07:41:52,112.0,28.0,400.21,19.0,109.0,7.0,519.57,14.0,256.11,288.21,35.0,33.0,28.883086227064428,112.0,400.21,68,2.0,-13.0,0.03
07:41:53,112.0,32.0,313.4,30.0,110.95,74.0,390.88,25.0,212.7,201.39999999999998,106.0,55.0,30.441305326809466,112.0,313.4,161,51.0,93.0,0.32
07:41:54,112.0,9.0,276.0,27.0,111.0,72.0,458.44,27.0,194.0,164.0,81.0,54.0,37.78119942511136,112.0,276.0,135,27.0,-26.0,0.2
07:41:55,111.5,16.0,274.0,27.0,110.97,65.0,567.33,33.0,192.75,162.5,81.0,60.0,28.697394829496695,111.5,274.0,141,21.0,6.0,0.15
07:41:56,111.0,56.0,273.0,27.0,109.0,9.0,505.0,18.0,192.0,162.0,65.0,45.0,27.43079419192994,111.0,273.0,110,20.0,-31.0,0.18
07:41:57,111.0,21.0,272.0,12.0,109.0,4.0,520.5,8.0,191.5,161.0,25.0,20.0,9.054860573195477,111.0,272.0,45,5.0,-65.0,0.11
07:41:58,111.0,50.0,202.36,22.0,109.0,10.0,312.0,20.0,156.68,91.36000000000001,60.0,42.0,16.074746654302317,111.0,202.36,102,18.0,57.0,0.18
07:41:59,111.0,35.0,175.31,29.0,109.0,7.0,176.2,15.0,143.16,64.31,42.0,44.0,23.5875119501824,111.0,175.31,86,-2.0,-16.0,-0.02
07:42:00,111.0,53.0,174.51,63.0,109.0,13.0,175.76,41.0,142.75,63.50999999999999,66.0,104.0,24.861028136422508,111.0,174.51,170,-38.0,84.0,-0.22
07:42:01,111.0,8.0,172.5,30.0,109.0,8.0,173.74,34.0,141.75,61.5,16.0,64.0,21.21757455507074,111.0,172.5,80,-48.0,-90.0,-0.6
07:42:02,107.14,87.0,171.13,67.0,105.38,50.0,172.25,53.0,139.14,63.989999999999995,137.0,120.0,6.8795079765909835,107.14,171.13,257,17.0,169.5,0.07
07:42:03,107.28,97.0,166.81,57.0,106.68,31.0,168.56,57.0,137.04,59.53,128.0,114.0,2.6058914021839823,107.28,166.81,242,14.0,-15.0,0.06
07:42:04,108.0,59.0,163.18,51.0,107.0,77.0,164.64,55.0,135.59,55.18000000000001,136.0,106.0,3.0328089290252715,108.0,163.18,242,30.0,0.0,0.12
07:42:05,108.05,42.0,160.0,27.0,107.08,61.0,163.0,45.0,134.02,51.95,103.0,72.0,3.0299290420691705,108.04999999999998,160.0,175,31.0,-67.0,0.18
07:42:06,108.0,60.0,157.6,50.0,107.0,84.0,159.03,40.0,132.8,49.599999999999994,144.0,90.0,2.493595797231971,108.0,157.6,234,54.0,59.0,0.23
07:42:07,107.95,63.0,139.09,53.0,106.99,113.0,138.31,75.0,123.52,31.14,176.0,128.0,5.318747972969855,107.95,139.09,304,48.0,70.0,0.16
07:42:08,108.27,52.0,127.87,75.0,107.4,42.0,128.84,62.0,118.07,19.60000000000001,94.0,137.0,7.621741926880527,108.27,127.87,231,-43.0,-73.0,-0.19
07:42:09,109.82,44.0,121.65,43.0,107.67,116.0,123.08,51.0,115.73,11.830000000000013,160.0,94.0,8.339674454075872,109.82,121.64999999999999,254,66.0,23.0,0.26
07:42:10,112.0,24.0,115.39,36.0,110.83,60.0,116.72,36.0,113.69,3.3900000000000006,84.0,72.0,7.666503114195074,112.0,115.39,156,12.0,-98.0,0.08
07:42:11,111.07,43.0,113.83,42.0,109.4,50.0,120.33,42.0,112.45,2.760000000000005,93.0,84.0,4.371855441338354,111.06999999999998,113.83,177,9.0,21.0,0.05
07:42:12,111.0,25.0,112.67,30.0,109.0,30.0,122.0,24.0,111.83,1.6700000000000017,55.0,54.0,2.5563020165774852,111.0,112.67,109,1.0,-68.0,0.01
07:42:13,109.57,42.0,112.0,45.0,107.26,117.0,198.67,18.0,110.79,2.430000000000007,159.0,63.0,1.8995051987180984,109.57,112.0,222,96.0,113.0,0.43
07:42:14,109.0,50.0,111.5,50.0,107.0,170.0,397.9,10.0,110.25,2.5,220.0,60.0,1.361807622227269,109.0,111.5,280,160.0,58.0,0.57
07:42:15,109.0,50.0,110.0,50.0,107.0,170.0,369.82,11.0,109.5,1.0,220.0,61.0,1.1875942067708518,109.0,110.0,281,159.0,1.0,0.57
07:42:16,109.0,16.0,110.0,25.0,107.0,85.0,190.0,5.0,109.5,1.0,101.0,30.0,0.9793007709357049,109.0,110.0,131,71.0,-150.0,0.54
07:42:18,112.0,6.0,224.2,15.0,107.0,102.0,394.2,15.0,168.1,112.19999999999999,108.0,30.0,77.25349170102272,112.0,224.2,138,78.0,52.0,0.57
07:42:19,112.0,8.0,124.05,22.0,107.0,136.0,221.62,13.0,118.02,12.049999999999997,144.0,35.0,76.14858632962262,112.0,124.05,179,109.0,41.0,0.61
07:42:20,107.88,51.0,123.5,36.0,106.97,157.0,315.78,23.0,115.69,15.620000000000005,208.0,59.0,75.19635376798524,107.88,123.5,267,149.0,88.0,0.56
07:42:21,107.0,112.0,138.83,23.0,106.0,16.0,270.61,23.0,122.91,31.830000000000013,128.0,46.0,73.16654460885789,107.0,138.83,174,82.0,-93.0,0.47
07:42:22,107.0,119.0,186.13,30.0,106.0,10.0,315.2,15.0,146.57,79.13,129.0,45.0,22.5504250514257,107.0,186.13,174,84.0,0.0,0.48
07:42:23,107.0,121.0,136.62,39.0,106.0,9.0,164.89,18.0,121.81,29.620000000000005,130.0,57.0,12.401669242483463,107.0,136.62,187,73.0,13.0,0.39
07:42:24,107.0,112.0,136.0,65.0,106.0,13.0,137.0,52.0,121.5,29.0,125.0,117.0,12.003261223515919,107.0,136.0,242,8.0,55.0,0.03
07:42:25,110.64,88.0,134.72,58.0,106.75,32.0,136.09,74.0,122.68,24.08,120.0,132.0,10.903179811411073,110.64,134.72,252,-12.0,10.0,-0.05
07:42:26,112.0,96.0,131.67,60.0,107.0,32.0,133.0,36.0,121.83,19.669999999999987,128.0,96.0,11.016894753058223,112.0,131.67,224,32.0,-28.0,0.14
07:42:27,112.0,90.0,129.12,51.0,108.74,57.0,130.27,37.0,120.56,17.120000000000005,147.0,88.0,0.7625811431956621,112.0,129.12,235,59.0,11.0,0.25
07:42:28,112.0,57.0,128.62,40.0,109.81,94.0,129.38,40.0,120.31,16.620000000000005,151.0,80.0,0.9648989584186272,112.0,128.62,231,71.0,-4.0,0.31
07:42:29,112.0,20.0,126.11,28.0,107.92,72.0,127.42,36.0,119.05,14.11,92.0,64.0,1.4069932480139817,112.0,126.11,156,28.0,-75.0,0.18
07:42:30,112.0,10.0,125.0,30.0,107.93,44.0,126.0,50.0,118.5,13.0,54.0,80.0,1.3132593041574883,112.0,125.0,134,-26.0,-22.0,-0.19
07:42:31,112.0,10.0,123.4,10.0,109.0,50.0,125.0,30.0,117.7,11.400000000000006,60.0,40.0,1.2084411445972412,112.0,123.4,100,20.0,-34.0,0.2
07:42:32,111.29,17.0,120.56,18.0,108.79,82.0,124.74,38.0,115.92,9.269999999999996,99.0,56.0,1.6330125535202331,111.29,120.56,155,43.0,55.0,0.28
07:42:33,109.0,40.0,116.89,18.0,108.0,170.0,118.17,12.0,112.94,7.890000000000001,210.0,30.0,2.471542028765318,109.0,116.89,240,180.0,85.0,0.75
07:42:34,109.0,28.0,115.31,29.0,108.0,119.0,116.2,15.0,112.16,6.310000000000002,147.0,44.0,2.815578093385474,109.0,115.31,191,103.0,-49.0,0.54
07:42:35,109.0,22.0,113.0,28.0,108.0,170.0,113.88,26.0,111.0,4.0,192.0,54.0,2.7780352769449936,109.0,113.0,246,138.0,55.0,0.56
07:42:36,108.09,91.0,110.03,29.0,107.9,151.0,112.06,31.0,109.06,1.9399999999999977,242.0,60.0,2.534063929728154,108.09,110.03,302,182.0,56.0,0.6
07:42:37,108.0,156.0,110.0,30.0,107.0,30.0,114.0,50.0,109.0,2.0,186.0,80.0,1.7840739894825122,108.0,110.0,266,106.0,-36.0,0.4
07:42:38,108.0,146.0,174.42,43.0,107.0,36.0,264.93,42.0,141.21,66.41999999999999,182.0,85.0,13.885895001761794,108.0,174.42,267,97.0,1.0,0.36
07:42:39,108.0,80.0,333.5,32.0,107.0,30.0,613.63,38.0,220.75,225.5,110.0,70.0,48.12790801603548,108.0,333.5,180,40.0,-87.0,0.22
07:42:40,109.29,62.0,382.32,40.0,107.93,86.0,641.36,44.0,245.81,273.03,148.0,84.0,64.1666356450141,109.29,382.32,232,64.0,52.0,0.28
07:42:41,111.0,32.0,206.0,24.0,108.0,64.0,732.12,32.0,158.5,95.0,96.0,56.0,56.73869517357622,111.0,206.0,152,40.0,-80.0,0.26
07:42:42,111.0,24.0,274.6,20.0,108.0,48.0,583.45,22.0,192.8,163.60000000000002,72.0,42.0,43.08253625310393,111.0,274.6,114,30.0,-38.0,0.26
07:42:43,108.23,52.0,306.0,28.0,107.31,26.0,350.5,24.0,207.12,197.76999999999998,78.0,52.0,32.515776632275376,108.23,306.0,130,26.0,16.0,0.2
07:42:44,107.81,99.0,304.81,64.0,105.67,55.0,368.69,48.0,206.31,197.0,154.0,112.0,31.388446441326515,107.81,304.81,266,42.0,136.0,0.16
07:42:45,112.0,110.0,302.74,43.0,107.8,60.0,353.74,34.0,207.37,190.74,170.0,77.0,20.995448316242673,112.0,302.74,247,93.0,-19.0,0.38
07:42:46,112.0,90.0,287.19,32.0,111.0,54.0,290.71,34.0,199.59,175.19,144.0,66.0,6.364752155427895,112.0,287.19,210,78.0,-37.0,0.37
07:42:47,112.0,60.0,237.68,19.0,111.0,36.0,278.14,21.0,174.84,125.68,96.0,40.0,13.90566898786322,112.0,237.68,136,56.0,-74.0,0.41
07:42:48,112.0,67.0,263.75,36.0,111.0,60.0,281.8,40.0,187.88,151.75,127.0,76.0,13.774297441249685,112.0,263.75,203,51.0,67.0,0.25
07:42:49,112.0,40.0,228.17,18.0,111.0,48.0,233.88,24.0,170.08,116.16999999999999,88.0,42.0,15.841716131783564,112.0,228.16999999999996,130,46.0,-73.0,0.35
07:42:50,112.0,25.0,218.0,10.0,111.0,30.0,219.0,15.0,165.0,106.0,55.0,25.0,14.093722716160013,112.0,218.0,80,30.0,-50.0,0.38
07:42:51,112.0,70.0,216.25,32.0,111.0,84.0,233.22,45.0,164.12,104.25,154.0,77.0,9.673204226108268,112.0,216.25,231,77.0,151.0,0.33
07:42:52,112.0,55.0,171.66,32.0,111.0,99.0,188.32,31.0,141.83,59.66,154.0,63.0,16.461063756634722,112.0,171.66,217,91.0,-14.0,0.42
07:42:53,112.0,65.0,171.16,38.0,111.0,78.0,173.47,34.0,141.58,59.16,143.0,72.0,13.71626479767672,112.0,171.16,215,71.0,-2.0,0.33
07:42:54,112.0,54.0,164.95,57.0,111.0,90.0,166.43,46.0,138.47,52.94999999999999,144.0,103.0,13.179155891026573,112.0,164.95,247,41.0,32.0,0.17
07:42:55,112.0,24.0,160.06,36.0,111.0,72.0,161.48,31.0,136.03,48.06,96.0,67.0,11.276716277355558,112.0,160.06,163,29.0,-84.0,0.18
07:42:56,111.38,48.0,146.44,32.0,110.29,84.0,156.16,38.0,128.91,35.06,132.0,70.0,5.296053247463662,111.38,146.44,202,62.0,39.0,0.31
07:42:57,111.0,60.0,149.62,29.0,109.0,60.0,155.08,25.0,130.31,38.620000000000005,120.0,54.0,5.372718120278464,111.0,149.62,174,66.0,-28.0,0.38
07:42:58,111.0,66.0,149.87,31.0,109.0,66.0,150.86,42.0,130.44,38.870000000000005,132.0,73.0,4.1676876082507395,111.0,149.87,205,59.0,31.0,0.29
07:42:59,111.0,48.0,148.0,24.0,109.0,48.0,149.0,16.0,129.5,37.0,96.0,40.0,2.8592603938720544,111.0,148.0,136,56.0,-69.0,0.41
07:43:00,111.0,66.0,144.11,28.0,109.0,66.0,145.89,28.0,127.55,33.110000000000014,132.0,56.0,1.1795634785648874,111.0,144.11,188,76.0,52.0,0.4
07:43:01,111.0,102.0,133.77,62.0,109.12,109.0,135.16,58.0,122.39,22.77000000000001,211.0,120.0,3.361810524102021,111.0,133.77,331,91.0,143.0,0.27
07:43:02,111.0,78.0,127.63,35.0,109.0,78.0,129.29,38.0,119.31,16.629999999999995,156.0,73.0,4.796433049669459,111.0,127.63000000000001,229,83.0,-102.0,0.36
07:43:03,111.0,84.0,124.88,33.0,109.0,63.0,126.67,43.0,117.94,13.879999999999995,147.0,76.0,5.04908605590751,111.0,124.88,223,71.0,-6.0,0.32
07:43:04,109.0,54.0,122.61,44.0,108.0,60.0,123.26,35.0,115.81,13.61,114.0,79.0,4.560438575395756,109.0,122.61,193,35.0,-30.0,0.18
07:43:05,109.35,68.0,116.94,48.0,108.79,121.0,118.41,39.0,113.15,7.590000000000003,189.0,87.0,3.4970844999736,109.35,116.94,276,102.0,83.0,0.37
07:43:06,111.58,12.0,113.21,28.0,109.15,78.0,114.45,44.0,112.4,1.6299999999999955,90.0,72.0,2.9770740669244615,111.58,113.21,162,18.0,-114.0,0.11
07:43:07,109.26,91.0,113.35,34.0,108.66,104.0,178.09,43.0,111.31,4.089999999999989,195.0,77.0,2.703880544689978,109.26,113.35,272,118.0,110.0,0.43
07:43:08,110.36,22.0,113.0,33.0,108.39,49.0,203.0,44.0,111.68,2.6400000000000006,71.0,77.0,1.7883372165092424,110.36,113.0,148,-6.0,-124.0,-0.04
07:43:09,109.0,16.0,112.5,24.0,108.0,40.0,164.43,28.0,110.75,3.5,56.0,52.0,0.9384401951915997,109.0,112.5,108,4.0,-40.0,0.04
07:43:10,108.42,53.0,110.15,53.0,107.29,188.0,112.13,45.0,109.28,1.730000000000004,241.0,98.0,1.173043051192344,108.42,110.15000000000002,339,143.0,169.5,0.42
07:43:11,107.0,115.0,108.71,21.0,106.0,14.0,113.0,21.0,107.86,1.7099999999999937,129.0,42.0,1.5846229835358112,107.0,108.71,171,87.0,-168.0,0.51
07:43:12,107.0,117.0,111.33,27.0,105.71,34.0,223.0,31.0,109.17,4.329999999999998,151.0,58.0,1.4878071111369253,107.0,111.33,209,93.0,38.0,0.44
07:43:13,107.0,69.0,113.0,21.0,106.0,49.0,206.36,11.0,110.0,6.0,118.0,32.0,1.0747883512344825,107.0,113.0,150,86.0,-59.0,0.57
07:43:14,107.0,30.0,112.8,15.0,106.0,35.0,259.41,17.0,109.9,5.799999999999997,65.0,32.0,0.8549970759886899,107.0,112.8,97,33.0,-53.0,0.34
07:43:15,107.26,38.0,259.27,33.0,106.12,48.0,555.45,11.0,183.27,152.01,86.0,44.0,33.121606996037514,107.26,259.27,130,42.0,33.0,0.32
07:43:16,112.0,18.0,259.55,33.0,109.0,9.0,421.43,21.0,185.77,147.55,27.0,54.0,40.99686048955424,112.0,259.55,81,-27.0,-49.0,-0.33
07:43:17,112.0,18.0,114.0,9.0,109.0,9.0,208.53,17.0,113.0,2.0,27.0,26.0,40.31576329427453,112.0,114.0,53,1.0,-28.0,0.02
07:43:18,108.43,42.0,112.47,15.0,106.44,41.0,212.56,27.0,110.45,4.039999999999992,83.0,42.0,40.23138041380104,108.43,112.47,125,41.0,72.0,0.33
07:43:19,107.0,60.0,112.0,20.0,106.0,70.0,113.0,10.0,109.5,5.0,130.0,30.0,40.30771104887964,107.0,112.0,160,100.0,35.0,0.62
07:43:20,107.87,46.0,109.27,22.0,106.9,73.0,111.29,14.0,108.57,1.3999999999999915,119.0,36.0,33.75589385573965,107.87,109.27,155,83.0,-5.0,0.54
07:43:21,108.0,22.0,109.0,24.0,107.0,62.0,534.33,12.0,108.5,1.0,84.0,36.0,1.853868927391946,108.0,109.0,120,48.0,-35.0,0.4
07:43:22,107.7,27.0,108.91,22.0,106.5,56.0,477.11,19.0,108.31,1.2099999999999937,83.0,41.0,0.9002388571643682,107.7,108.91,124,42.0,4.0,0.34
07:43:25,105.11,45.0,249.0,36.0,104.25,53.0,253.78,9.0,177.06,143.89,98.0,45.0,99.13290659513632,105.11,249.0,143,53.0,29.0,0.37
07:43:26,105.71,41.0,248.2,60.0,104.71,82.0,365.42,36.0,176.95,142.49,123.0,96.0,87.27040947537735,105.71,248.2,219,27.0,76.0,0.12
07:43:27,76.5,16.0,244.69,32.0,77.57,28.0,245.9,40.0,160.59,168.19,44.0,72.0,73.45321320405283,76.5,244.69,116,-28.0,-103.0,-0.24
07:43:37,106.09,22.0,175.33,9.0,104.08,50.0,433.0,12.0,140.71,69.24000000000001,72.0,21.0,34.91439846252487,106.09,175.33,93,51.0,-141.0,0.55
07:43:38,106.12,17.0,142.0,8.0,103.52,29.0,347.0,10.0,124.06,35.879999999999995,46.0,18.0,29.882875865618526,106.12,142.0,64,28.0,-29.0,0.44
07:43:39,106.0,50.0,134.55,29.0,103.31,85.0,173.14,21.0,120.28,28.55000000000001,135.0,50.0,21.444977733725253,106.0,134.55,185,85.0,121.0,0.46
07:43:40,106.0,30.0,140.38,16.0,105.0,78.0,162.0,12.0,123.19,34.379999999999995,108.0,28.0,13.826632634158456,106.0,140.38,136,80.0,-49.0,0.59
07:43:41,106.0,30.0,210.33,12.0,105.0,81.0,454.25,16.0,158.17,104.33000000000001,111.0,28.0,16.05096165343298,106.0,210.33,139,83.0,3.0,0.6
07:43:42,106.0,25.0,226.43,7.0,105.0,70.0,392.18,11.0,166.21,120.43,95.0,18.0,21.963387033879346,106.0,226.43,113,77.0,-26.0,0.68
07:43:43,108.4,25.0,191.67,15.0,105.54,92.0,198.93,15.0,150.03,83.26999999999998,117.0,30.0,20.767941159392343,108.4,191.67,147,87.0,34.0,0.59
07:43:44,106.78,23.0,164.22,9.0,105.21,71.0,174.71,7.0,135.5,57.44,94.0,16.0,17.330738587838212,106.78,164.22,110,78.0,-37.0,0.71
07:43:45,106.0,55.0,173.58,19.0,105.0,50.0,182.16,19.0,139.79,67.58000000000001,105.0,38.0,12.688479026265776,106.0,173.58,143,67.0,33.0,0.47
07:43:46,106.0,29.0,169.35,34.0,105.0,30.0,173.29,17.0,137.68,63.349999999999994,59.0,51.0,12.67474536233308,106.0,169.35,110,8.0,-33.0,0.07
07:43:47,105.47,45.0,170.29,21.0,103.74,76.0,171.61,57.0,137.88,64.82,121.0,78.0,5.714387981226019,105.47,170.29,199,43.0,89.0,0.22
07:43:48,105.0,36.0,167.67,9.0,103.0,72.0,170.0,45.0,136.33,62.66999999999999,108.0,54.0,1.6408321059690087,105.0,167.67,162,54.0,-37.0,0.33
07:43:49,105.19,21.0,166.44,9.0,103.03,65.0,170.0,45.0,135.82,61.25,86.0,54.0,1.5501774091950689,105.18999999999998,166.44,140,32.0,-22.0,0.23
07:43:50,106.0,20.0,165.2,5.0,105.0,5.0,170.0,25.0,135.6,59.19999999999999,25.0,30.0,1.056749733843447,106.0,165.2,55,-5.0,-85.0,-0.09
07:43:51,107.62,73.0,163.53,51.0,105.9,20.0,165.37,27.0,135.57,55.91,93.0,78.0,0.965996894393509,107.62,163.53,171,15.0,116.0,0.09
07:43:52,108.95,42.0,160.53,38.0,107.76,34.0,161.81,36.0,134.74,51.58,76.0,74.0,0.5746912214202162,108.95000000000002,160.53,150,2.0,-21.0,0.01
