Time,Bid1_Price,Bid1_Volume,Ask1_Price,Ask1_Volume,Bid2_Price,Bid2_Volume,Ask2_Price,Ask2_Volume,Mid-Price,Bid_Ask_Spread,Market_Depth_Bid,Market_Depth_Ask,Historical_Volatility,Weighted_Avg_Bid_Price,Weighted_Avg_Ask_Price,Total_volume,Cumulative_Volume_Difference,Total_Volume_Change_Corrected,Order_imbalance
07:30:03,258.17,6.0,443.33,6.0,219.33,36.0,400.25,4.0,350.75,185.15999999999997,42.0,10.0,,258.17,443.33,52,32.0,38.0,0.62
07:30:09,257.4,35.0,334.56,36.0,255.33,46.0,423.36,44.0,295.98,77.16000000000003,81.0,80.0,16.323513102270496,257.4,334.56,161,1.0,97.0,0.01
07:30:10,268.78,45.0,307.45,44.0,268.43,21.0,331.65,34.0,288.12,38.670000000000016,66.0,78.0,17.709670239730546,268.78,307.45,144,-12.0,-17.0,-0.08
07:30:11,283.0,25.0,307.0,30.0,274.13,23.0,325.0,20.0,295.0,24.0,48.0,50.0,18.058707594952608,283.0,307.0,98,-2.0,-46.0,-0.02
07:30:12,282.85,27.0,307.0,42.0,277.53,15.0,325.0,28.0,294.93,24.149999999999977,42.0,70.0,15.038779870720912,282.85,307.0,112,-28.0,14.0,-0.25
07:30:13,281.0,10.0,307.0,60.0,280.0,10.0,325.0,40.0,294.0,26.0,20.0,100.0,3.145771765402293,281.0,307.0,120,-80.0,8.0,-0.67
07:30:14,281.0,4.0,307.0,24.0,280.0,4.0,325.0,16.0,294.0,26.0,8.0,40.0,2.886121965545134,281.0,307.0,48,-32.0,-72.0,-0.67
07:30:15,277.25,8.0,307.0,24.0,277.5,4.0,325.0,16.0,292.12,29.75,12.0,40.0,1.161765897245388,277.25,307.0,52,-28.0,4.0,-0.54
07:30:16,276.0,18.0,306.94,32.0,275.0,6.0,320.85,26.0,291.47,30.939999999999998,24.0,58.0,1.4472491147007505,276.0,306.94,82,-34.0,30.0,-0.41
07:30:17,276.0,42.0,302.15,40.0,275.0,14.0,304.48,46.0,289.07,26.149999999999977,56.0,86.0,2.048968032937961,276.0,302.15,142,-30.0,60.0,-0.21
07:30:18,278.86,35.0,297.79,48.0,275.86,35.0,299.24,42.0,288.32,18.930000000000007,70.0,90.0,2.31206185038402,278.86,297.79,160,-20.0,18.0,-0.12
07:30:19,281.0,26.0,295.07,54.0,276.0,117.0,295.62,48.0,288.04,14.069999999999993,143.0,102.0,1.8703021146329823,281.0,295.07,245,41.0,85.0,0.17
07:30:20,279.33,52.0,290.53,38.0,276.09,97.0,292.0,36.0,284.93,11.199999999999989,149.0,74.0,2.3476009030497216,279.33,290.53,223,75.0,-22.0,0.34
07:30:21,284.0,50.0,286.85,26.0,276.0,117.0,288.62,26.0,285.42,2.8500000000000227,167.0,52.0,1.8552978197581111,284.0,286.85,219,115.0,-4.0,0.53
07:30:22,284.0,24.0,286.0,24.0,276.07,68.0,295.0,152.0,285.0,2.0,92.0,176.0,1.6911889309000192,284.0,286.0,268,-84.0,49.0,-0.31
07:30:23,281.14,28.0,285.0,50.0,276.55,44.0,293.27,44.0,283.07,3.8600000000000136,72.0,94.0,1.7833591898431755,281.14,285.0,166,-22.0,-102.0,-0.13
07:30:24,279.0,32.0,285.0,40.0,276.0,24.0,296.0,64.0,282.0,6.0,56.0,104.0,1.47571338680561,279.0,285.0,160,-48.0,-6.0,-0.3
07:30:25,279.0,36.0,285.0,45.0,276.0,62.0,296.0,72.0,282.0,6.0,98.0,117.0,1.629515265346376,279.0,285.0,215,-19.0,55.0,-0.09
07:30:26,279.0,42.0,284.07,70.0,276.0,140.0,294.8,80.0,281.54,5.069999999999993,182.0,150.0,1.3919482748997083,279.0,284.07,332,32.0,117.0,0.1
07:30:27,279.3,30.0,289.35,51.0,276.27,99.0,292.89,54.0,284.33,10.050000000000011,129.0,105.0,1.1243531473679285,279.3,289.35,234,24.0,-98.0,0.1
07:30:28,283.55,33.0,288.91,44.0,278.62,40.0,291.0,44.0,286.23,5.360000000000014,73.0,88.0,2.0057043650540023,283.55,288.91,161,-15.0,-73.0,-0.09
07:30:29,284.0,48.0,287.06,64.0,280.0,48.0,292.0,40.0,285.53,3.0600000000000023,96.0,104.0,2.0884755205645047,284.0,287.06,200,-8.0,39.0,-0.04
07:30:30,284.0,21.0,288.98,41.0,280.0,30.0,293.4,40.0,286.49,4.980000000000018,51.0,81.0,2.017394359067617,284.0,288.98,132,-30.0,-68.0,-0.23
07:30:31,284.0,28.0,290.51,49.0,280.0,42.0,291.89,63.0,287.26,6.509999999999991,70.0,112.0,1.1051334761008147,284.0,290.51,182,-42.0,50.0,-0.23
07:30:32,284.0,24.0,287.9,42.0,280.0,36.0,289.0,42.0,285.95,3.8999999999999773,60.0,84.0,0.6476264355312235,284.0,287.9,144,-24.0,-38.0,-0.17
07:30:33,283.03,61.0,285.37,38.0,281.72,75.0,288.43,93.0,284.2,2.340000000000032,136.0,131.0,1.143035432521066,283.03,285.37,267,5.0,123.0,0.02
07:30:34,281.0,13.0,283.92,13.0,280.0,21.0,292.31,26.0,282.46,2.920000000000016,34.0,39.0,1.93338304533744,281.0,283.92,73,-5.0,-170.5,-0.07
07:30:35,281.0,37.0,282.18,22.0,280.0,39.0,289.07,29.0,281.59,1.1800000000000068,76.0,51.0,2.3570893067505305,281.0,282.18,127,25.0,54.0,0.2
07:30:36,280.7,20.0,281.62,26.0,279.54,39.0,295.0,51.0,281.16,0.9200000000000159,59.0,77.0,1.9863207193192338,280.7,281.62,136,-18.0,9.0,-0.13
07:30:37,279.06,35.0,293.2,40.0,276.11,160.0,295.76,68.0,286.13,14.139999999999986,195.0,108.0,2.0520648137904693,279.06,293.2,303,87.0,167.0,0.29
07:30:38,279.0,39.0,292.19,81.0,276.0,182.0,294.96,45.0,285.59,13.189999999999998,221.0,126.0,2.314374645557005,279.0,292.19,347,95.0,44.0,0.27
07:30:39,279.0,42.0,289.09,32.0,276.0,196.0,290.19,57.0,284.05,10.089999999999975,238.0,89.0,2.2640185511601616,279.0,289.09,327,149.0,-20.0,0.46
07:30:40,276.09,202.0,285.83,30.0,272.89,126.0,288.43,30.0,280.96,9.740000000000009,328.0,60.0,2.4230290959865246,276.09,285.83,388,268.0,61.0,0.69
07:30:41,276.0,182.0,281.77,22.0,272.0,91.0,282.65,17.0,278.89,5.769999999999982,273.0,39.0,3.1058139029885514,276.0,281.77,312,234.0,-76.0,0.75
07:30:42,277.59,207.0,279.43,28.0,275.64,231.0,281.33,18.0,278.51,1.8400000000000318,438.0,46.0,3.1314693036968753,277.59,279.43,484,392.0,169.5,0.81
07:30:43,276.0,168.0,277.83,36.0,270.13,109.0,279.88,16.0,276.92,1.829999999999984,277.0,52.0,2.746494128884039,276.0,277.83,329,225.0,-155.0,0.68
07:30:44,276.0,131.0,277.0,36.0,270.0,84.0,286.32,34.0,276.5,1.0,215.0,70.0,1.774578823268571,276.0,277.0,285,145.0,-44.0,0.51
07:30:45,276.0,74.0,285.25,24.0,270.0,63.0,290.0,27.0,280.62,9.25,137.0,51.0,1.652141035139928,276.0,285.25,188,86.0,-97.0,0.46
07:30:46,276.0,60.0,288.0,30.0,270.0,70.0,291.0,30.0,282.0,12.0,130.0,60.0,2.3664530420005665,276.0,288.0,190,70.0,2.0,0.37
07:30:47,276.0,48.0,288.0,24.0,270.0,56.0,291.0,24.0,282.0,12.0,104.0,48.0,2.7088964542769642,276.0,288.0,152,56.0,-38.0,0.37
07:30:48,272.54,61.0,288.0,39.0,269.52,83.0,291.0,39.0,280.27,15.45999999999998,144.0,78.0,2.2539343379954304,272.54,288.0,222,66.0,70.0,0.3
07:30:49,270.0,66.0,288.0,33.0,269.0,55.0,291.0,33.0,279.0,18.0,121.0,66.0,1.267958989871237,270.0,288.0,187,55.0,-35.0,0.29
07:30:50,270.0,66.0,288.0,33.0,269.0,55.0,291.0,33.0,279.0,18.0,121.0,66.0,1.5035225305910855,270.0,288.0,187,55.0,0.0,0.29
07:30:51,278.3,23.0,286.88,42.0,274.0,39.0,288.37,30.0,282.59,8.579999999999984,62.0,72.0,1.6692123891210169,278.3,286.88,134,-10.0,-53.0,-0.07
07:30:52,282.47,34.0,284.1,50.0,279.68,50.0,286.09,78.0,283.29,1.6299999999999955,84.0,128.0,2.0100124377713073,282.47,284.1,212,-44.0,78.0,-0.21
07:30:53,280.0,39.0,283.77,39.0,278.0,52.0,290.89,65.0,281.88,3.769999999999982,91.0,104.0,2.026763429706493,280.0,283.77,195,-13.0,-17.0,-0.07
07:30:54,280.0,51.0,281.82,51.0,278.18,44.0,284.0,51.0,280.91,1.8199999999999932,95.0,102.0,1.6680017985589712,280.0,281.82,197,-7.0,2.0,-0.04
07:30:55,279.55,22.0,283.14,42.0,278.09,44.0,290.5,64.0,281.34,3.589999999999975,66.0,106.0,0.9552852976971773,279.55,283.14,172,-40.0,-25.0,-0.23
07:30:56,277.83,12.0,284.0,24.0,275.65,37.0,292.0,48.0,280.92,6.170000000000016,49.0,72.0,0.989631244452246,277.83,284.0,121,-23.0,-51.0,-0.19
07:30:57,275.0,22.0,286.27,33.0,271.0,66.0,292.0,66.0,280.64,11.269999999999982,88.0,99.0,0.48447910171198505,275.0,286.27,187,-11.0,66.0,-0.06
07:30:58,275.0,20.0,290.71,42.0,265.91,66.0,292.31,52.0,282.86,15.70999999999998,86.0,94.0,0.8890331827304297,275.0,290.71,180,-8.0,-7.0,-0.04
07:30:59,280.74,47.0,292.0,60.0,271.64,25.0,293.0,40.0,286.37,11.259999999999991,72.0,100.0,2.365413283127621,280.74,292.0,172,-28.0,-8.0,-0.16
07:31:00,281.58,72.0,291.31,58.0,279.14,95.0,292.47,68.0,286.45,9.730000000000018,167.0,126.0,2.835995416074804,281.58,291.31,293,41.0,121.0,0.14
07:31:01,281.6,10.0,288.0,10.0,278.14,70.0,292.0,20.0,284.8,6.399999999999977,80.0,30.0,2.4798044277720677,281.6,288.0,110,50.0,-170.5,0.45
07:31:02,281.0,10.0,288.0,10.0,276.0,100.0,292.4,20.0,284.5,7.0,110.0,30.0,1.4873567157876453,281.0,288.0,140,80.0,30.0,0.57
07:31:03,281.0,9.0,288.0,9.0,276.0,90.0,293.0,18.0,284.5,7.0,99.0,27.0,0.9993147652261151,281.0,288.0,126,72.0,-14.0,0.57
07:31:04,281.0,14.0,286.36,14.0,276.0,140.0,288.56,16.0,283.68,5.360000000000014,154.0,30.0,1.0193036838932892,281.0,286.36,184,124.0,58.0,0.67
07:31:05,281.0,11.0,284.09,11.0,276.0,110.0,291.0,23.0,282.55,3.089999999999975,121.0,34.0,0.9144287834477521,281.0,284.09,155,87.0,-29.0,0.56
07:31:06,281.0,10.0,284.0,10.0,276.0,100.0,291.8,10.0,282.5,3.0,110.0,20.0,0.9904948258306645,281.0,284.0,130,90.0,-25.0,0.69
07:31:07,281.0,7.0,283.29,7.0,276.0,70.0,292.0,7.0,282.14,2.2900000000000205,77.0,14.0,0.9845201877040899,281.0,283.29,91,63.0,-39.0,0.69
07:31:08,276.0,64.0,282.88,8.0,270.0,8.0,292.0,8.0,279.44,6.8799999999999955,72.0,16.0,1.5755062678377145,276.0,282.88,88,56.0,-3.0,0.64
07:31:09,276.0,80.0,282.0,10.0,270.0,10.0,291.9,10.0,279.0,6.0,90.0,20.0,1.754018243917385,276.0,282.0,110,70.0,22.0,0.64
07:31:10,276.0,64.0,281.38,8.0,270.0,8.0,290.62,8.0,278.69,5.3799999999999955,72.0,16.0,1.8188402898534846,276.0,281.38,88,56.0,-22.0,0.64
07:31:11,276.54,74.0,288.22,41.0,275.0,48.0,292.95,19.0,282.38,11.680000000000007,122.0,60.0,1.783900221423351,276.54,288.22,182,62.0,94.0,0.34
07:31:12,280.0,36.0,288.33,45.0,276.0,144.0,289.04,78.0,284.17,8.329999999999984,180.0,123.0,2.417360130389075,280.0,288.33,303,57.0,121.0,0.19
07:31:13,271.8,61.0,288.0,23.0,271.23,53.0,289.0,55.0,279.9,16.19999999999999,114.0,78.0,2.3638675935836115,271.8,288.0,192,36.0,-111.0,0.19
07:31:14,270.32,37.0,287.07,43.0,270.03,58.0,288.17,29.0,278.7,16.75,95.0,72.0,2.424885564309114,270.32,287.07,167,23.0,-25.0,0.14
07:31:15,279.95,40.0,286.08,65.0,274.53,94.0,287.78,27.0,283.01,6.1299999999999955,134.0,92.0,2.263640872575744,279.95,286.08,226,42.0,59.0,0.19
07:31:16,282.0,44.0,286.0,55.0,278.0,88.0,287.0,11.0,284.0,4.0,132.0,66.0,2.5009658134400277,282.0,286.0,198,66.0,-28.0,0.33
07:31:17,278.21,76.0,286.0,50.0,277.11,71.0,287.0,10.0,282.11,7.7900000000000205,147.0,60.0,2.1961625622879986,278.21,286.0,207,87.0,9.0,0.42
07:31:18,281.0,40.0,286.0,40.0,277.77,62.0,287.0,8.0,283.5,5.0,102.0,48.0,2.1109073878301663,281.0,286.0,150,54.0,-57.0,0.36
07:31:19,281.89,36.0,285.26,19.0,277.89,63.0,286.03,36.0,283.58,3.3700000000000045,99.0,55.0,0.7229453644617753,281.89,285.26,154,44.0,4.0,0.29
07:31:20,278.07,43.0,284.45,22.0,277.18,68.0,286.0,55.0,281.26,6.3799999999999955,111.0,77.0,1.156027681327945,278.07,284.45,188,34.0,34.0,0.18
07:31:21,279.38,13.0,283.0,26.0,278.23,52.0,286.0,65.0,281.19,3.6200000000000045,65.0,91.0,1.1645041863368135,279.38,283.0,156,-26.0,-32.0,-0.17
07:31:22,278.78,36.0,280.87,46.0,276.88,66.0,282.36,45.0,279.82,2.090000000000032,102.0,91.0,1.6292636373514062,278.78,280.87,193,11.0,37.0,0.06
07:31:23,276.1,63.0,279.11,38.0,274.73,74.0,284.18,44.0,277.6,3.009999999999991,137.0,82.0,2.19271521178523,276.1,279.11,219,55.0,26.0,0.25
07:31:24,276.0,55.0,278.64,44.0,275.0,110.0,289.0,44.0,277.32,2.6399999999999864,165.0,88.0,1.8973191613413762,276.0,278.64,253,77.0,34.0,0.3
07:31:25,276.0,47.0,277.0,44.0,275.0,110.0,289.0,44.0,276.5,1.0,157.0,88.0,1.9480708405990257,276.0,277.0,245,69.0,-8.0,0.28
07:31:26,275.84,62.0,288.14,56.0,274.14,126.0,292.77,69.0,281.99,12.300000000000011,188.0,125.0,2.2370918622158436,275.84,288.14,313,63.0,68.0,0.2
07:31:27,278.0,36.0,289.0,48.0,275.0,96.0,293.0,60.0,283.5,11.0,132.0,108.0,3.142168041335963,278.0,289.0,240,24.0,-73.0,0.1
07:31:28,275.4,63.0,291.33,36.0,273.46,103.0,405.24,25.0,283.37,15.930000000000007,166.0,61.0,3.375015555518852,275.4,291.33,227,105.0,-13.0,0.46
07:31:29,277.17,157.0,290.34,35.0,273.51,157.0,291.86,28.0,283.75,13.169999999999959,314.0,63.0,3.052911724894034,277.17,290.34,377,251.0,150.0,0.67
07:31:30,279.0,119.0,288.86,7.0,275.0,56.0,290.0,45.0,283.93,9.860000000000014,175.0,52.0,0.7681275935656245,279.0,288.86,227,123.0,-150.0,0.54
07:31:31,279.0,204.0,288.0,12.0,275.0,96.0,290.0,121.0,283.5,9.0,300.0,133.0,0.22572106679978637,279.0,288.0,433,167.0,169.5,0.39
07:31:32,279.0,130.0,287.25,8.0,274.0,38.0,289.67,60.0,283.12,8.25,168.0,68.0,0.3173798985398342,279.0,287.25,236,100.0,-170.5,0.42
07:31:33,279.0,98.0,286.0,7.0,274.0,49.0,289.0,35.0,282.5,7.0,147.0,42.0,0.5687266478695782,279.0,286.0,189,105.0,-47.0,0.56
07:31:34,279.05,167.0,284.15,13.0,274.71,98.0,289.0,65.0,281.6,5.099999999999966,265.0,78.0,0.9103296106337028,279.05,284.15,343,187.0,154.0,0.55
07:31:35,279.0,156.0,283.17,12.0,274.0,84.0,290.54,65.0,281.08,4.170000000000016,240.0,77.0,1.0140019723826739,279.0,283.17,317,163.0,-26.0,0.51
07:31:36,279.0,283.0,282.93,15.0,274.0,95.0,291.0,90.0,280.97,3.930000000000007,378.0,105.0,0.9307416397666263,279.0,282.93,483,273.0,166.0,0.57
07:31:37,279.0,263.0,280.53,17.0,274.0,66.0,290.64,56.0,279.76,1.5299999999999727,329.0,73.0,0.9986591009923742,279.0,280.53,402,256.0,-81.0,0.64
07:31:38,279.0,243.0,290.5,66.0,274.0,72.0,291.9,61.0,284.75,11.5,315.0,127.0,1.86884188737175,279.0,290.5,442,188.0,40.0,0.43
07:31:39,279.0,240.0,291.0,60.0,274.0,72.0,292.0,60.0,285.0,12.0,312.0,120.0,2.3979512088438493,279.0,291.0,432,192.0,-10.0,0.44
07:31:40,279.24,264.0,290.13,38.0,277.64,220.0,290.72,90.0,284.69,10.889999999999986,484.0,128.0,2.4764551277978297,279.24,290.13,612,356.0,169.5,0.58
07:31:41,280.0,88.0,287.13,15.0,279.0,300.0,289.0,75.0,283.57,7.1299999999999955,388.0,90.0,2.1912621933480683,280.0,287.13,478,298.0,-134.0,0.62
07:31:42,280.0,54.0,285.19,37.0,279.0,216.0,289.05,41.0,282.59,5.189999999999998,270.0,78.0,1.017300348961418,280.0,285.19,348,192.0,-130.0,0.55
07:31:43,280.0,70.0,284.34,58.0,279.0,126.0,285.19,26.0,282.17,4.339999999999975,196.0,84.0,1.2463867778489017,280.0,284.34,280,112.0,-68.0,0.4
07:31:44,279.2,124.0,281.25,20.0,278.58,78.0,288.54,76.0,280.23,2.0500000000000114,202.0,96.0,1.6657130605226322,279.2,281.25,298,106.0,18.0,0.36
07:31:45,279.0,88.0,281.0,8.0,278.0,24.0,291.0,40.0,280.0,2.0,112.0,48.0,1.5459689518210957,279.0,281.0,160,64.0,-138.0,0.4
07:31:46,279.2,148.0,289.29,55.0,278.75,133.0,293.26,111.0,284.25,10.090000000000032,281.0,166.0,1.7647152744833856,279.2,289.29,447,115.0,169.5,0.26
07:31:47,279.17,106.0,290.0,34.0,278.65,93.0,295.78,79.0,284.58,10.829999999999984,199.0,113.0,2.1551171661873445,279.17,290.0,312,86.0,-135.0,0.28
07:31:48,279.0,80.0,290.0,93.0,278.0,42.0,291.0,28.0,284.5,11.0,122.0,121.0,2.375241040399027,279.0,290.0,243,1.0,-69.0,0.0
07:31:49,279.0,52.0,288.56,36.0,278.0,39.0,289.85,27.0,283.78,9.560000000000002,91.0,63.0,1.938225993014389,279.0,288.56,154,28.0,-89.0,0.18
07:31:50,279.0,44.0,286.0,22.0,278.0,33.0,289.98,61.0,282.5,7.0,77.0,83.0,0.8539437920596129,279.0,286.0,160,-6.0,6.0,-0.04
07:31:51,279.0,28.0,286.0,14.0,278.0,21.0,290.0,37.0,282.5,7.0,49.0,51.0,1.026995618294824,279.0,286.0,100,-2.0,-60.0,-0.02
07:31:52,279.0,48.0,284.75,24.0,278.0,36.0,289.67,12.0,281.88,5.75,84.0,36.0,1.073275360751451,279.0,284.75,120,48.0,20.0,0.4
07:31:53,279.0,32.0,284.0,16.0,278.0,24.0,289.0,8.0,281.5,5.0,56.0,24.0,0.8659792145285204,279.0,284.0,80,32.0,-40.0,0.4
07:31:54,279.0,32.0,284.0,16.0,278.0,24.0,289.0,8.0,281.5,5.0,56.0,24.0,0.5028717530294428,279.0,284.0,80,32.0,0.0,0.4
07:31:55,279.0,28.0,283.75,24.0,278.0,36.0,289.0,12.0,281.38,4.75,64.0,36.0,0.4586065852063817,279.0,283.75,100,28.0,20.0,0.28
07:31:56,279.0,26.0,281.2,50.0,278.0,39.0,283.76,21.0,280.1,2.1999999999999886,65.0,71.0,0.68170374796835,279.0,281.2,136,-6.0,36.0,-0.04
07:31:57,278.31,52.0,280.18,51.0,276.67,36.0,283.65,65.0,279.24,1.8700000000000045,88.0,116.0,1.0276575305000704,278.31,280.18,204,-28.0,68.0,-0.14
07:31:58,278.0,21.0,279.0,35.0,274.0,15.0,284.8,30.0,278.5,1.0,36.0,65.0,1.3122804578263358,278.0,279.0,101,-29.0,-103.0,-0.29
07:31:59,278.0,11.0,283.94,17.0,274.0,11.0,287.5,16.0,280.97,5.939999999999998,22.0,33.0,1.1911842846481835,278.0,283.94,55,-11.0,-46.0,-0.2
07:32:00,280.14,28.0,286.0,32.0,274.75,16.0,290.0,16.0,283.07,5.860000000000014,44.0,48.0,1.767520862675488,280.14,286.0,92,-4.0,37.0,-0.04
07:32:01,281.69,39.0,286.0,24.0,278.57,14.0,290.0,12.0,283.85,4.310000000000002,53.0,36.0,2.327902489365443,281.69,286.0,89,17.0,-3.0,0.19
07:32:02,279.33,15.0,286.0,20.0,276.0,10.0,290.0,10.0,282.67,6.670000000000016,25.0,30.0,2.1301690073781696,279.33,286.0,55,-5.0,-34.0,-0.09
07:32:03,280.0,22.0,285.75,24.0,278.0,11.0,288.77,13.0,282.88,5.75,33.0,37.0,1.0588767633654674,280.0,285.75,70,-4.0,15.0,-0.06
07:32:04,278.4,30.0,282.69,48.0,273.45,22.0,283.87,39.0,280.54,4.2900000000000205,52.0,87.0,1.235949028073264,278.4,282.69,139,-35.0,69.0,-0.25
07:32:05,273.34,29.0,280.77,39.0,271.77,43.0,281.85,61.0,277.06,7.430000000000007,72.0,100.0,2.7102121688152323,273.34,280.77,172,-28.0,33.0,-0.16
07:32:06,275.48,25.0,278.15,67.0,273.53,43.0,279.42,55.0,276.81,2.669999999999959,68.0,122.0,2.9382937225527543,275.48,278.15,190,-54.0,18.0,-0.28
07:32:07,273.0,24.0,276.29,68.0,269.79,57.0,280.0,45.0,274.65,3.2900000000000205,81.0,113.0,3.2800716455577104,273.0,276.29,194,-32.0,4.0,-0.16
07:32:14,271.29,112.0,276.0,40.0,267.17,109.0,341.78,59.0,273.64,4.7099999999999795,221.0,99.0,2.2797192809609252,271.29,276.0,320,122.0,130.0,0.38
07:32:15,281.0,96.0,282.38,16.0,274.69,128.0,299.5,40.0,281.69,1.3799999999999955,224.0,56.0,5.821985915474789,281.0,282.38,280,168.0,-40.0,0.6
07:32:16,281.0,27.0,282.0,7.0,275.0,56.0,285.0,15.0,281.5,1.0,83.0,22.0,6.630944125838245,281.0,282.0,105,61.0,-170.5,0.58
07:32:17,281.0,15.0,282.0,15.0,275.0,148.0,286.0,75.0,281.5,1.0,163.0,90.0,6.028389503009122,281.0,282.0,253,73.0,148.0,0.29
07:32:18,275.29,42.0,281.57,7.0,272.86,21.0,285.93,27.0,278.43,6.279999999999973,63.0,34.0,3.4702694419874693,275.29,281.57,97,29.0,-156.0,0.3
07:32:19,275.33,84.0,282.57,14.0,272.86,42.0,286.67,42.0,278.95,7.240000000000009,126.0,56.0,1.5863889813008645,275.33,282.57,182,70.0,85.0,0.38
07:32:20,282.0,11.0,285.0,11.0,275.0,88.0,287.36,55.0,283.5,3.0,99.0,66.0,2.080055287725075,282.0,285.0,165,33.0,-17.0,0.2
07:32:21,282.0,8.0,285.0,8.0,275.0,64.0,288.0,40.0,283.5,3.0,72.0,48.0,2.4188075574533174,282.0,285.0,120,24.0,-45.0,0.2
07:32:22,282.0,11.0,284.91,11.0,279.2,80.0,287.94,51.0,283.45,2.910000000000025,91.0,62.0,2.6319251509101695,282.0,284.91,153,29.0,33.0,0.19
07:32:23,281.16,50.0,283.29,14.0,280.47,68.0,287.86,14.0,282.22,2.1299999999999955,118.0,28.0,1.963957738851325,281.16,283.29,146,90.0,-7.0,0.62
07:32:24,281.0,84.0,282.71,14.0,278.25,24.0,289.36,22.0,281.86,1.7099999999999795,108.0,36.0,0.8009868912749843,281.0,282.71,144,72.0,-2.0,0.5
07:32:25,281.0,56.0,282.54,13.0,279.0,20.0,288.76,17.0,281.77,1.5400000000000205,76.0,30.0,0.852261696894874,281.0,282.54,106,46.0,-38.0,0.43
07:32:26,281.0,50.0,282.42,12.0,279.0,24.0,288.69,16.0,281.71,1.420000000000016,74.0,28.0,0.7251689458284066,281.0,282.42,102,46.0,-4.0,0.45
07:32:27,281.0,35.0,287.0,11.0,279.0,22.0,290.0,11.0,284.0,6.0,57.0,22.0,0.964142105705358,281.0,287.0,79,35.0,-23.0,0.44
07:32:28,281.0,30.0,287.0,6.0,279.0,12.0,291.33,9.0,284.0,6.0,42.0,15.0,1.2171154423448154,281.0,287.0,57,27.0,-22.0,0.47
07:32:29,281.0,30.0,287.0,6.0,279.0,12.0,293.0,24.0,284.0,6.0,42.0,30.0,1.2380347329515902,281.0,287.0,72,12.0,15.0,0.17
07:32:30,281.0,28.0,287.0,8.0,279.0,16.0,293.0,32.0,284.0,6.0,44.0,40.0,1.0241191336923658,281.0,287.0,84,4.0,12.0,0.05
07:32:31,282.56,27.0,286.09,33.0,280.68,25.0,291.0,18.0,284.32,3.5299999999999727,52.0,51.0,0.14310835054295215,282.56,286.09,103,1.0,19.0,0.01
07:32:32,283.0,45.0,284.8,75.0,281.0,45.0,290.68,38.0,283.9,1.8000000000000114,90.0,113.0,0.16024980497683783,283.0,284.8,203,-23.0,100.0,-0.11
07:32:33,281.29,42.0,288.29,34.0,279.4,30.0,291.29,21.0,284.79,7.0,72.0,55.0,0.3648561360251608,281.29,288.29,127,17.0,-76.0,0.13
07:32:34,281.33,36.0,289.0,26.0,279.62,29.0,291.0,26.0,285.17,7.670000000000016,65.0,52.0,0.5373360214943307,281.33,289.0,117,13.0,-10.0,0.11
07:32:35,279.0,20.0,287.5,20.0,278.0,20.0,290.2,20.0,283.25,8.5,40.0,40.0,0.7514851961251461,279.0,287.5,80,0.0,-37.0,0.0
07:32:36,279.0,10.0,287.0,18.0,278.0,18.0,290.0,18.0,283.0,8.0,28.0,36.0,0.9438061241563631,279.0,287.0,64,-8.0,-16.0,-0.12
07:32:37,279.0,11.0,286.27,22.0,278.0,22.0,290.0,22.0,282.64,7.269999999999982,33.0,44.0,1.1336445651062348,279.0,286.27,77,-11.0,13.0,-0.14
07:32:38,279.17,24.0,284.53,34.0,275.24,117.0,287.18,34.0,281.85,5.359999999999957,141.0,68.0,1.2306380458910469,279.17,284.53,209,73.0,132.0,0.35
07:32:39,278.0,12.0,283.67,24.0,275.0,132.0,288.19,21.0,280.83,5.670000000000016,144.0,45.0,0.9836818591364072,278.0,283.67,189,99.0,-20.0,0.52
07:32:40,278.0,11.0,283.0,22.0,275.0,121.0,290.0,11.0,280.5,5.0,132.0,33.0,1.0923049024854636,278.0,283.0,165,99.0,-24.0,0.6
07:32:41,278.0,16.0,282.76,33.0,275.0,176.0,291.65,23.0,280.38,4.759999999999991,192.0,56.0,0.9730621768383975,278.0,282.76,248,136.0,83.0,0.55
07:32:42,278.0,11.0,280.23,26.0,275.0,121.0,281.28,29.0,279.12,2.230000000000018,132.0,55.0,0.9802703708636448,278.0,280.23,187,77.0,-61.0,0.41
07:32:43,275.02,144.0,280.52,31.0,272.89,37.0,286.68,40.0,277.77,5.5,181.0,71.0,1.2687198272245763,275.02,280.52,252,110.0,65.0,0.44
07:32:44,280.19,104.0,288.69,48.0,274.83,140.0,290.84,44.0,284.44,8.5,244.0,92.0,2.493916598443714,280.19,288.69,336,152.0,84.0,0.45
07:32:45,284.0,80.0,289.0,48.0,272.0,32.0,291.0,48.0,286.5,5.0,112.0,96.0,3.6869526712440437,284.0,289.0,208,16.0,-128.0,0.08
07:32:46,284.0,65.0,289.0,39.0,276.65,37.0,292.0,39.0,286.5,5.0,102.0,78.0,4.150033734801943,284.0,289.0,180,24.0,-28.0,0.13
07:32:47,284.0,50.0,289.0,30.0,283.0,40.0,292.0,30.0,286.5,5.0,90.0,60.0,3.7805978363209753,284.0,289.0,150,30.0,-30.0,0.2
07:32:48,284.0,12.0,289.0,18.0,283.0,24.0,292.0,18.0,286.5,5.0,36.0,36.0,0.9212600067274971,284.0,289.0,72,0.0,-78.0,0.0
07:32:49,284.0,18.0,289.0,27.0,283.0,36.0,292.0,27.0,286.5,5.0,54.0,54.0,0.0,284.0,289.0,108,0.0,36.0,0.0
07:32:50,281.05,44.0,287.47,68.0,279.85,96.0,289.82,51.0,284.26,6.420000000000016,140.0,119.0,1.0017584539177091,281.05,287.47,259,21.0,151.0,0.08
07:32:51,281.0,24.0,286.86,42.0,279.0,96.0,291.09,66.0,283.93,5.860000000000014,120.0,108.0,1.32242958224454,281.0,286.86,228,12.0,-31.0,0.05
07:32:52,281.0,28.0,285.26,38.0,279.0,112.0,286.43,46.0,283.13,4.259999999999991,140.0,84.0,1.5489448021137908,281.0,285.26,224,56.0,-4.0,0.25
07:32:53,279.72,50.0,282.68,47.0,278.57,84.0,283.7,40.0,281.2,2.9599999999999795,134.0,87.0,1.9188095267626646,279.72,282.68,221,47.0,-3.0,0.21
07:32:54,279.0,76.0,280.94,34.0,276.0,33.0,282.11,36.0,279.97,1.9399999999999977,109.0,70.0,1.8459604546129489,279.0,280.94,179,39.0,-42.0,0.22
07:32:55,277.12,32.0,281.64,33.0,274.67,36.0,288.09,43.0,279.38,4.519999999999982,68.0,76.0,1.967528907028985,277.12,281.64,144,-8.0,-35.0,-0.06
07:32:56,269.0,24.0,286.57,28.0,268.0,24.0,292.14,28.0,277.79,17.569999999999993,48.0,56.0,2.0046271473753934,269.0,286.57,104,-8.0,-40.0,-0.08
07:32:57,269.0,27.0,289.56,36.0,268.0,27.0,294.29,28.0,279.28,20.560000000000002,54.0,64.0,1.2343945884498553,269.0,289.56,118,-10.0,14.0,-0.08
07:32:58,269.0,24.0,288.0,8.0,268.0,24.0,289.0,32.0,278.5,19.0,48.0,40.0,0.8480153300466956,269.0,288.0,88,8.0,-30.0,0.09
07:32:59,269.0,36.0,283.12,24.0,268.0,36.0,286.11,36.0,276.06,14.120000000000005,72.0,60.0,1.359823517958873,269.0,283.12,132,12.0,44.0,0.09
07:33:00,269.58,38.0,281.64,14.0,268.14,42.0,285.0,56.0,275.61,12.060000000000002,80.0,70.0,1.5719955470655451,269.58,281.64,150,10.0,18.0,0.07
07:33:01,268.6,48.0,284.02,53.0,267.91,34.0,287.58,43.0,276.31,15.419999999999959,82.0,96.0,1.629776058234333,268.6,284.02,178,-14.0,28.0,-0.08
07:33:02,269.6,10.0,282.0,40.0,268.29,42.0,287.0,30.0,275.8,12.399999999999977,52.0,70.0,1.172829910939232,269.6,282.0,122,-18.0,-56.0,-0.15
07:33:03,270.12,8.0,282.0,32.0,269.0,24.0,286.25,24.0,276.06,11.879999999999995,32.0,56.0,0.26938819572061656,270.12,282.0,88,-24.0,-34.0,-0.27
07:33:04,268.68,40.0,282.0,48.0,267.86,22.0,284.68,44.0,275.34,13.319999999999993,62.0,92.0,0.37832525688034685,268.68,282.0,154,-30.0,66.0,-0.19
07:33:05,268.0,16.0,281.86,28.0,265.0,8.0,283.58,38.0,274.93,13.860000000000014,24.0,66.0,0.5553107238236571,268.0,281.86,90,-42.0,-64.0,-0.47
07:33:16,269.67,147.0,277.81,62.0,268.84,61.0,278.92,52.0,273.74,8.139999999999986,208.0,114.0,2.3265790336873975,269.67,277.81,322,94.0,136.0,0.29
07:33:18,275.15,158.0,278.07,54.0,274.2,208.0,280.3,61.0,276.61,2.920000000000016,366.0,115.0,2.813472942822644,275.15,278.07,481,251.0,31.0,0.52
07:33:19,275.84,62.0,278.94,36.0,274.92,141.0,330.84,43.0,277.39,3.1000000000000227,203.0,79.0,2.5647670459509477,275.84,278.94,282,124.0,-170.5,0.44
07:33:20,276.73,45.0,281.0,48.0,275.0,168.0,378.67,18.0,278.87,4.269999999999982,213.0,66.0,2.558896246430674,276.73,281.0,279,147.0,-3.0,0.53
07:33:21,277.99,78.0,281.0,48.0,275.88,25.0,315.35,46.0,279.49,3.009999999999991,103.0,94.0,2.6526778922435827,277.99,281.0,197,9.0,-82.0,0.05
07:33:22,278.3,30.0,280.58,48.0,277.76,66.0,285.33,42.0,279.44,2.2799999999999727,96.0,90.0,1.2948745112939954,278.3,280.58,186,6.0,-11.0,0.03
07:33:23,278.32,19.0,280.6,40.0,277.0,48.0,281.27,22.0,279.46,2.2800000000000296,67.0,62.0,0.898582216605276,278.32,280.6,129,5.0,-57.0,0.04
07:33:24,279.79,14.0,282.76,37.0,278.0,28.0,350.32,38.0,281.27,2.9699999999999704,42.0,75.0,0.9114439094095445,279.79,282.76,117,-33.0,-12.0,-0.28
07:33:25,275.0,24.0,282.0,24.0,265.0,8.0,284.0,32.0,278.5,7.0,32.0,56.0,1.0063647450103284,275.0,282.0,88,-24.0,-29.0,-0.27
07:33:26,275.0,27.0,282.0,27.0,265.0,9.0,285.0,36.0,278.5,7.0,36.0,63.0,1.130964190414346,275.0,282.0,99,-27.0,11.0,-0.27
07:33:27,275.0,42.0,281.0,42.0,265.0,14.0,285.0,56.0,278.0,6.0,56.0,98.0,1.2997999846127801,275.0,281.0,154,-42.0,55.0,-0.27
07:33:28,275.0,21.0,281.0,21.0,265.0,7.0,285.0,28.0,278.0,6.0,28.0,49.0,1.3735283033120138,275.0,281.0,77,-21.0,-77.0,-0.27
07:33:29,272.74,113.0,280.53,45.0,270.32,41.0,285.0,60.0,276.64,7.789999999999964,154.0,105.0,0.7621810808453311,272.74,280.53,259,49.0,169.5,0.19
07:33:30,273.0,156.0,280.0,39.0,269.77,35.0,286.0,52.0,276.5,7.0,191.0,91.0,0.8993997998655845,273.0,280.0,282,100.0,23.0,0.35
07:33:31,273.0,120.0,278.64,28.0,266.0,20.0,286.0,67.0,275.82,5.639999999999986,140.0,95.0,0.971040678858431,273.0,278.64,235,45.0,-47.0,0.19
07:33:32,270.54,74.0,276.31,55.0,265.38,21.0,281.49,37.0,273.42,5.769999999999982,95.0,92.0,1.6822247174492164,270.54,276.31,187,3.0,-48.0,0.02
07:33:33,266.4,30.0,285.07,54.0,265.47,17.0,295.51,39.0,275.74,18.670000000000016,47.0,93.0,1.295098451854809,266.4,285.07,140,-46.0,-47.0,-0.33
07:33:34,270.88,68.0,282.7,92.0,266.75,63.0,284.19,79.0,276.79,11.819999999999993,131.0,171.0,1.3258883814246045,270.88,282.7,302,-40.0,162.0,-0.13
07:33:35,273.96,104.0,281.0,55.0,272.33,45.0,284.36,44.0,277.48,7.0400000000000205,149.0,99.0,1.5377255932047496,273.96,281.0,248,50.0,-54.0,0.2
07:33:36,274.0,90.0,279.98,41.0,273.0,36.0,285.19,37.0,276.99,5.980000000000018,126.0,78.0,1.6188977731768803,274.0,279.98,204,48.0,-44.0,0.24
07:33:37,274.0,138.0,276.58,26.0,273.0,56.0,279.7,64.0,275.29,2.579999999999984,194.0,90.0,0.910697534858495,274.0,276.58,284,104.0,80.0,0.37
07:33:39,269.52,75.0,298.0,37.0,266.08,26.0,412.31,39.0,283.76,28.480000000000018,101.0,76.0,3.6306294220145805,269.52,298.0,177,25.0,1.0,0.14
07:33:40,267.33,18.0,286.0,60.0,263.87,15.0,289.67,15.0,276.67,18.670000000000016,33.0,75.0,3.656528408203311,267.33,286.0,108,-42.0,-69.0,-0.39
07:33:41,268.34,32.0,286.0,40.0,266.0,15.0,289.0,10.0,277.17,17.660000000000025,47.0,50.0,3.6516270346241355,268.34,286.0,97,-3.0,-11.0,-0.03
07:33:42,269.0,110.0,286.0,40.0,268.0,22.0,289.0,10.0,277.5,17.0,132.0,50.0,3.4458046955679427,269.0,286.0,182,82.0,85.0,0.45
07:33:43,271.98,80.0,286.0,52.0,270.09,93.0,289.0,13.0,278.99,14.019999999999982,173.0,65.0,2.8948177835571025,271.98,286.0,238,108.0,56.0,0.45
07:33:44,273.33,110.0,286.0,56.0,273.46,48.0,370.0,14.0,279.66,12.670000000000016,158.0,70.0,1.2692005357697058,273.33,286.0,228,88.0,-10.0,0.39
07:33:45,282.0,9.0,286.0,36.0,279.0,63.0,451.15,26.0,284.0,4.0,72.0,62.0,2.7367005682023007,282.0,286.0,134,10.0,-94.0,0.07
07:33:46,279.52,29.0,286.0,44.0,278.74,47.0,323.36,44.0,282.76,6.480000000000018,76.0,88.0,2.706920759830121,279.52,286.0,164,-12.0,30.0,-0.07
07:33:47,278.0,10.0,286.0,20.0,275.0,15.0,289.0,20.0,282.0,8.0,25.0,40.0,2.107823522024474,278.0,286.0,65,-15.0,-99.0,-0.23
07:33:48,278.0,20.0,286.0,40.0,275.0,30.0,289.0,40.0,282.0,8.0,50.0,80.0,1.5825548963621778,278.0,286.0,130,-30.0,65.0,-0.23
07:33:49,278.0,24.0,286.71,42.0,275.0,36.0,299.62,52.0,282.36,8.70999999999998,60.0,94.0,0.8307105392374466,278.0,286.71,154,-34.0,24.0,-0.22
07:33:50,278.5,32.0,286.5,24.0,275.75,32.0,288.73,44.0,282.5,8.0,64.0,68.0,0.3287552280953372,278.5,286.5,132,-4.0,-22.0,-0.03
07:33:51,280.15,78.0,285.39,36.0,279.21,52.0,288.33,54.0,282.77,5.240000000000009,130.0,90.0,0.33208432664010895,280.15,285.39,220,40.0,88.0,0.18
07:33:52,283.0,65.0,286.0,26.0,281.0,65.0,288.9,40.0,284.5,3.0,130.0,66.0,0.9761045026021914,283.0,286.0,196,64.0,-24.0,0.33
07:33:53,283.0,55.0,286.0,22.0,281.0,55.0,289.0,44.0,284.5,3.0,110.0,66.0,1.0817948049424755,283.0,286.0,176,44.0,-20.0,0.25
07:33:54,283.0,40.0,286.0,16.0,281.0,40.0,289.0,32.0,284.5,3.0,80.0,48.0,1.025953215307962,283.0,286.0,128,32.0,-48.0,0.25
07:33:55,283.0,30.0,286.0,12.0,281.0,30.0,289.0,24.0,284.5,3.0,60.0,36.0,0.773679520215534,283.0,286.0,96,24.0,-32.0,0.25
07:33:56,281.29,70.0,286.0,28.0,280.45,22.0,289.0,56.0,283.64,4.7099999999999795,92.0,84.0,0.3846036921312674,281.29,286.0,176,8.0,80.0,0.05
07:33:57,281.0,60.0,285.76,25.0,280.0,12.0,288.87,46.0,283.38,4.759999999999991,72.0,71.0,0.5499818178820951,281.0,285.76,143,1.0,-33.0,0.01
07:33:58,281.0,41.0,282.78,41.0,280.0,9.0,284.32,25.0,281.89,1.7799999999999727,50.0,66.0,1.071503616419781,281.0,282.78,116,-16.0,-27.0,-0.14
07:33:59,281.38,26.0,283.63,43.0,279.22,41.0,286.25,48.0,282.51,2.25,67.0,91.0,1.0132768624618393,281.38,283.63,158,-24.0,42.0,-0.15
07:34:00,280.19,21.0,286.86,56.0,279.01,77.0,288.23,66.0,283.52,6.670000000000016,98.0,122.0,0.7576080780987171,280.19,286.86,220,-24.0,62.0,-0.11
07:34:01,279.05,44.0,283.56,32.0,278.06,134.0,285.22,37.0,281.3,4.509999999999991,178.0,69.0,0.9519716382331245,279.05,283.56,247,109.0,27.0,0.44
07:34:02,279.0,45.0,281.57,42.0,277.32,93.0,282.48,33.0,280.29,2.569999999999993,138.0,75.0,1.2194957974507505,279.0,281.57,213,63.0,-34.0,0.3
07:34:03,277.21,42.0,280.36,25.0,274.59,34.0,282.11,19.0,278.79,3.150000000000034,76.0,44.0,1.8514237764487698,277.21,280.36,120,32.0,-93.0,0.27
07:34:04,277.75,153.0,282.05,19.0,276.44,97.0,289.58,19.0,279.9,4.300000000000011,250.0,38.0,1.785399115043939,277.75,282.05,288,212.0,168.0,0.74
07:34:05,279.19,147.0,284.11,18.0,277.21,117.0,291.42,52.0,281.65,4.920000000000016,264.0,70.0,1.1429916885085292,279.19,284.11,334,194.0,46.0,0.58
07:34:06,281.42,48.0,289.0,14.0,280.63,86.0,292.0,84.0,285.21,7.579999999999984,134.0,98.0,2.4801048364937817,281.42,289.0,232,36.0,-102.0,0.16
07:34:07,282.0,24.0,289.0,12.0,281.0,84.0,292.0,36.0,285.5,7.0,108.0,48.0,3.048368416054764,282.0,289.0,156,60.0,-76.0,0.38
07:34:08,282.0,22.0,289.0,11.0,281.0,77.0,292.0,33.0,285.5,7.0,99.0,44.0,2.612138970269525,282.0,289.0,143,55.0,-13.0,0.38
07:34:09,281.11,36.0,289.0,12.0,279.98,120.0,292.0,36.0,285.06,7.889999999999986,156.0,48.0,1.6511299161486617,281.11,289.0,204,108.0,61.0,0.53
07:34:10,281.0,12.0,289.0,6.0,280.0,90.0,292.0,18.0,285.0,8.0,102.0,24.0,0.2372340616381656,281.0,289.0,126,78.0,-78.0,0.62
07:34:11,281.0,12.0,289.0,6.0,280.0,90.0,292.0,18.0,285.0,8.0,102.0,24.0,0.26404545063553203,281.0,289.0,126,78.0,0.0,0.62
07:34:12,280.68,38.0,288.23,35.0,279.98,244.0,291.18,33.0,284.46,7.550000000000011,282.0,68.0,0.3691612113985238,280.68,288.23,350,214.0,169.5,0.61
07:34:13,280.0,144.0,287.25,36.0,279.0,48.0,288.33,12.0,283.62,7.25,192.0,48.0,0.6139381076306026,280.0,287.25,240,144.0,-110.0,0.6
07:34:14,280.0,132.0,286.0,35.0,279.0,44.0,288.0,11.0,283.0,6.0,176.0,46.0,0.883560976956789,280.0,286.0,222,130.0,-18.0,0.59
07:34:15,280.0,120.0,286.0,30.0,279.0,40.0,288.0,10.0,283.0,6.0,160.0,40.0,0.8925693250390322,280.0,286.0,200,120.0,-22.0,0.6
07:34:16,280.0,117.0,281.65,23.0,279.0,44.0,286.57,21.0,280.83,1.6499999999999773,161.0,44.0,1.3438080220032327,280.0,281.65,205,117.0,5.0,0.57
07:34:17,280.0,69.0,281.0,18.0,279.0,36.0,288.0,9.0,280.5,1.0,105.0,27.0,1.4197534997314951,280.0,281.0,132,78.0,-73.0,0.59
07:34:18,280.0,42.0,281.64,11.0,279.0,24.0,288.75,8.0,280.82,1.6399999999999864,66.0,19.0,1.2576565508911792,280.0,281.64,85,47.0,-47.0,0.55
07:34:19,280.11,55.0,287.06,32.0,279.56,63.0,288.75,16.0,283.59,6.949999999999989,118.0,48.0,1.4336910406358636,280.11,287.06,166,70.0,81.0,0.42
07:34:20,283.0,40.0,286.1,30.0,281.0,10.0,289.64,22.0,284.55,3.1000000000000227,50.0,52.0,1.8725036715584136,283.0,286.1,102,-2.0,-64.0,-0.02
07:34:21,283.0,48.0,285.46,46.0,280.88,58.0,288.33,36.0,284.23,2.4599999999999795,106.0,82.0,1.931494240219247,283.0,285.46,188,24.0,86.0,0.13
07:34:22,281.22,74.0,284.94,64.0,280.13,89.0,285.88,41.0,283.08,3.7199999999999704,163.0,105.0,1.4747643879618249,281.22,284.94,268,58.0,80.0,0.22
07:34:23,281.0,72.0,284.49,55.0,280.0,84.0,286.8,44.0,282.75,3.490000000000009,156.0,99.0,0.7557115851967623,281.0,284.49,255,57.0,-13.0,0.22
07:34:24,282.64,33.0,284.5,50.0,280.89,61.0,288.67,43.0,283.57,1.8600000000000136,94.0,93.0,0.7560952320975182,282.64,284.5,187,1.0,-68.0,0.01
07:34:25,280.74,54.0,283.79,39.0,279.9,78.0,290.03,38.0,282.27,3.0500000000000114,132.0,77.0,0.7545859791967428,280.74,283.79,209,55.0,22.0,0.26
07:34:26,281.54,41.0,289.5,16.0,279.81,52.0,291.0,48.0,285.52,7.9599999999999795,93.0,64.0,1.256769668634799,281.54,289.5,157,29.0,-52.0,0.18
07:34:27,283.0,15.0,289.0,9.0,281.0,27.0,291.0,27.0,286.0,6.0,42.0,36.0,1.6619476526054524,283.0,289.0,78,6.0,-79.0,0.08
07:34:28,283.0,6.0,289.0,6.0,281.0,18.0,292.0,6.0,286.0,6.0,24.0,12.0,1.6755804964253957,283.0,289.0,36,12.0,-42.0,0.33
07:34:29,283.0,12.0,288.0,12.0,281.0,36.0,293.47,15.0,285.5,5.0,48.0,27.0,1.5776945204954715,283.0,288.0,75,21.0,39.0,0.28
07:34:30,283.0,10.0,285.7,10.0,281.0,30.0,294.75,20.0,284.35,2.6999999999999886,40.0,30.0,0.6744479223792504,283.0,285.7,70,10.0,-5.0,0.14
07:34:31,279.16,51.0,292.85,34.0,276.34,79.0,295.86,42.0,286.0,13.689999999999998,130.0,76.0,0.7155417528011608,279.16,292.85,206,54.0,136.0,0.26
07:34:32,279.22,72.0,293.17,102.0,276.48,100.0,294.14,87.0,286.19,13.949999999999989,172.0,189.0,0.7483782466118203,279.22,293.17,361,-17.0,155.0,-0.05
07:34:33,280.0,64.0,291.88,80.0,276.75,88.0,293.78,82.0,285.94,11.879999999999995,152.0,162.0,0.7409655862466041,280.0,291.88,314,-10.0,-47.0,-0.03
07:34:34,280.0,44.0,289.93,61.0,279.0,66.0,291.86,35.0,284.97,9.930000000000007,110.0,96.0,0.7941347492722465,280.0,289.93,206,14.0,-108.0,0.07
07:34:35,280.0,48.0,288.07,81.0,279.0,90.0,289.54,41.0,284.04,8.069999999999993,138.0,122.0,0.9091589519999478,280.0,288.07,260,16.0,54.0,0.06
07:34:36,280.0,17.0,286.42,60.0,279.0,72.0,288.0,36.0,283.21,6.420000000000016,89.0,96.0,1.2591465363496253,280.0,286.42,185,-7.0,-75.0,-0.04
07:34:37,280.0,84.0,286.0,70.0,279.0,84.0,288.3,40.0,283.0,6.0,168.0,110.0,1.2309630376257374,280.0,286.0,278,58.0,93.0,0.21
07:34:38,280.0,96.0,284.44,80.0,279.0,96.0,287.44,64.0,282.22,4.439999999999998,192.0,144.0,1.051698626033235,280.0,284.44,336,48.0,58.0,0.14
07:34:39,280.0,16.0,285.18,22.0,279.0,36.0,290.3,20.0,282.59,5.180000000000007,52.0,42.0,0.6894708115647934,280.0,285.18,94,10.0,-170.5,0.11
07:34:40,280.0,11.0,291.27,22.0,279.0,66.0,292.43,28.0,285.64,11.269999999999982,77.0,50.0,1.3452769231649198,280.0,291.27,127,27.0,33.0,0.21
07:34:41,280.0,13.0,288.93,30.0,279.0,78.0,290.21,56.0,284.47,8.930000000000007,91.0,86.0,1.431932260967782,280.0,288.93,177,5.0,50.0,0.03
07:34:42,280.0,12.0,286.58,24.0,279.0,72.0,290.0,84.0,283.29,6.579999999999984,84.0,108.0,1.408037641542423,280.0,286.58,192,-24.0,15.0,-0.12
07:34:43,280.0,13.0,284.0,26.0,279.0,78.0,290.0,57.0,282.0,4.0,91.0,83.0,1.4658342334658145,280.0,284.0,174,8.0,-18.0,0.05
07:34:44,280.0,13.0,282.38,26.0,279.0,78.0,290.0,56.0,281.19,2.3799999999999955,91.0,82.0,1.801740824869107,280.0,282.38,173,9.0,-1.0,0.05
07:34:45,281.88,84.0,290.0,26.0,279.28,65.0,294.52,67.0,285.94,8.120000000000005,149.0,93.0,1.9006761954631,281.88,290.0,242,56.0,69.0,0.23
07:34:46,283.0,50.0,290.0,22.0,282.0,44.0,295.0,68.0,286.5,7.0,94.0,90.0,2.3548099711018176,283.0,290.0,184,4.0,-58.0,0.02
07:34:47,283.0,24.0,290.0,12.0,282.0,24.0,295.0,32.0,286.5,7.0,48.0,44.0,2.61018773271221,283.0,290.0,92,4.0,-92.0,0.04
07:34:48,283.0,48.0,290.0,24.0,282.0,48.0,295.0,96.0,286.5,7.0,96.0,120.0,2.324775257955568,283.0,290.0,216,-24.0,124.0,-0.11
07:34:49,283.0,32.0,290.0,16.0,282.0,32.0,295.0,64.0,286.5,7.0,64.0,80.0,0.2504396134873067,283.0,290.0,144,-16.0,-72.0,-0.11
07:34:50,282.31,39.0,287.58,12.0,280.36,66.0,290.0,24.0,284.95,5.269999999999982,105.0,36.0,0.6931810730274278,282.31,287.58,141,69.0,-3.0,0.49
07:34:51,282.0,51.0,285.06,17.0,280.0,102.0,292.47,34.0,283.53,3.0600000000000023,153.0,51.0,1.3357881568582728,282.0,285.06,204,102.0,63.0,0.5
07:34:52,280.29,41.0,284.0,27.0,279.2,61.0,285.0,9.0,282.15,3.7099999999999795,102.0,36.0,1.8980595354208123,280.29,284.0,138,66.0,-66.0,0.48
07:34:53,280.0,67.0,283.8,30.0,279.0,98.0,284.31,26.0,281.9,3.8000000000000114,165.0,56.0,1.937635156576412,280.0,283.8,221,109.0,83.0,0.49
07:34:54,280.0,39.0,281.5,30.0,279.0,70.0,283.91,11.0,280.75,1.5,109.0,41.0,1.6191602761924833,280.0,281.5,150,68.0,-71.0,0.45
07:34:55,279.05,59.0,281.0,27.0,278.47,15.0,286.44,18.0,280.03,1.9499999999999886,74.0,45.0,1.348969977426785,279.05,281.0,119,29.0,-31.0,0.24
07:34:56,279.0,47.0,281.67,21.0,278.0,8.0,288.22,18.0,280.33,2.670000000000016,55.0,39.0,0.9460021141616217,279.0,281.67,94,16.0,-25.0,0.17
07:34:57,279.04,46.0,284.23,26.0,278.42,19.0,292.7,40.0,281.64,5.189999999999998,65.0,66.0,0.8135416399903459,279.04,284.23,131,-1.0,37.0,-0.01
07:34:58,280.0,13.0,282.94,34.0,279.0,52.0,287.55,44.0,281.47,2.9399999999999977,65.0,78.0,0.7001999714353848,280.0,282.94,143,-13.0,12.0,-0.09
07:34:59,279.22,23.0,281.18,22.0,278.77,26.0,283.0,44.0,280.2,1.9599999999999795,49.0,66.0,0.7593615739540801,279.22,281.18,115,-17.0,-28.0,-0.15
07:35:00,278.52,25.0,279.9,20.0,277.04,23.0,283.15,40.0,279.21,1.3799999999999955,48.0,60.0,0.999874992185465,278.52,279.9,108,-12.0,-7.0,-0.11
07:35:01,275.6,20.0,287.88,25.0,274.63,19.0,291.53,45.0,281.74,12.279999999999973,39.0,70.0,1.1082283158258244,275.6,287.88,109,-31.0,1.0,-0.28
07:35:02,276.33,36.0,287.22,50.0,274.32,22.0,288.43,54.0,281.78,10.890000000000043,58.0,104.0,1.1345704032796609,276.33,287.22,162,-46.0,53.0,-0.28
07:35:03,281.0,32.0,285.67,30.0,275.0,32.0,286.51,55.0,283.33,4.670000000000016,64.0,85.0,1.5899276713103987,281.0,285.67,149,-21.0,-13.0,-0.14
07:35:04,281.0,24.0,282.83,12.0,275.0,24.0,286.0,36.0,281.92,1.829999999999984,48.0,48.0,1.4882304929004888,281.0,282.83,96,0.0,-53.0,0.0
07:35:05,281.0,13.0,285.54,39.0,274.35,40.0,287.0,39.0,283.27,4.5400000000000205,53.0,78.0,0.8172943166323655,281.0,285.54,131,-25.0,35.0,-0.19
07:35:06,281.0,12.0,283.17,36.0,278.0,12.0,287.0,36.0,282.08,2.170000000000016,24.0,72.0,0.7599539459728033,281.0,283.17,96,-48.0,-35.0,-0.5
07:35:07,277.14,14.0,286.47,30.0,275.55,11.0,289.95,42.0,281.8,9.330000000000041,25.0,72.0,0.7554137938902277,277.14,286.47,97,-47.0,1.0,-0.48
07:35:08,274.0,28.0,288.57,28.0,273.0,14.0,291.71,56.0,281.29,14.569999999999993,42.0,84.0,0.7320997199830338,274.0,288.57,126,-42.0,29.0,-0.33
07:35:09,274.0,26.0,288.0,35.0,266.23,121.0,293.0,52.0,281.0,14.0,147.0,87.0,0.8804373912999426,274.0,288.0,234,60.0,108.0,0.26
07:35:10,274.0,22.0,287.81,43.0,268.91,101.0,290.92,48.0,280.91,13.810000000000002,123.0,91.0,0.5082617435913716,274.0,287.81,214,32.0,-20.0,0.15
07:35:11,281.77,70.0,285.47,30.0,273.6,35.0,286.78,36.0,283.62,3.7000000000000455,105.0,66.0,1.1153160986908184,281.77,285.47,171,39.0,-43.0,0.23
07:35:12,282.0,38.0,283.5,20.0,274.0,20.0,285.52,21.0,282.75,1.5,58.0,41.0,1.20852389301955,282.0,283.5,99,17.0,-72.0,0.17
07:35:13,279.04,50.0,283.0,30.0,273.3,23.0,288.8,45.0,281.02,3.9599999999999795,73.0,75.0,1.2487393643187072,279.04,283.0,148,-2.0,49.0,-0.01
07:35:14,280.0,42.0,283.0,14.0,274.0,7.0,289.0,21.0,281.5,3.0,49.0,35.0,1.1808259820986322,280.0,283.0,84,14.0,-64.0,0.17
07:35:15,280.0,66.0,282.09,22.0,274.0,11.0,289.45,33.0,281.05,2.089999999999975,77.0,55.0,1.1509865333700595,280.0,282.09,132,22.0,48.0,0.17
07:35:16,280.0,60.0,282.0,20.0,279.0,40.0,290.0,30.0,281.0,2.0,100.0,50.0,0.7481510542655264,280.0,282.0,150,50.0,18.0,0.33
07:35:17,280.0,55.0,282.09,32.0,279.0,56.0,289.97,37.0,281.05,2.089999999999975,111.0,69.0,0.2112581359338022,280.0,282.09,180,42.0,30.0,0.23
07:35:18,279.09,53.0,290.19,31.0,278.17,48.0,292.74,57.0,284.64,11.100000000000023,101.0,88.0,1.5739345602657948,279.09,290.19,189,13.0,9.0,0.07
07:35:19,279.56,25.0,290.0,42.0,278.67,45.0,292.0,30.0,284.78,10.439999999999998,70.0,72.0,2.0145049019547856,279.56,290.0,142,-2.0,-47.0,-0.01
07:35:20,281.0,7.0,290.0,45.0,279.0,42.0,292.0,21.0,285.5,9.0,49.0,66.0,2.1871396846111533,281.0,290.0,115,-17.0,-27.0,-0.15
07:35:21,279.06,34.0,289.64,39.0,278.08,72.0,290.68,44.0,284.35,10.579999999999984,106.0,83.0,1.7372766043442296,279.06,289.64,189,23.0,74.0,0.12
07:35:22,279.05,43.0,289.0,56.0,277.62,48.0,291.8,40.0,284.02,9.949999999999989,91.0,96.0,0.5536424839213293,279.05,289.0,187,-5.0,-2.0,-0.03
07:35:23,279.23,57.0,289.0,42.0,277.72,65.0,292.0,56.0,284.11,9.769999999999982,122.0,98.0,0.6061930385631684,279.23,289.0,220,24.0,33.0,0.11
07:35:24,279.0,24.0,288.57,14.0,278.0,30.0,291.12,16.0,283.79,9.569999999999993,54.0,30.0,0.6712898032908018,279.0,288.57,84,24.0,-136.0,0.29
07:35:25,279.84,25.0,287.0,9.0,278.74,38.0,288.0,18.0,283.42,7.160000000000025,63.0,27.0,0.3522357165332848,279.84,287.0,90,36.0,6.0,0.4
07:35:26,279.0,22.0,287.0,11.0,278.0,55.0,288.0,22.0,283.0,8.0,77.0,33.0,0.4587700949292561,279.0,287.0,110,44.0,20.0,0.4
07:35:27,279.0,22.0,286.0,20.0,278.0,55.0,287.0,13.0,282.5,7.0,77.0,33.0,0.6364196728583102,279.0,286.0,110,44.0,0.0,0.4
07:35:28,279.0,29.0,283.65,17.0,278.0,85.0,286.0,34.0,281.32,4.649999999999977,114.0,51.0,0.9597812250718646,279.0,283.65,165,63.0,55.0,0.38
07:35:29,278.21,19.0,284.35,26.0,277.31,64.0,286.58,19.0,281.28,6.140000000000043,83.0,45.0,0.9727692429347474,278.21,284.35,128,38.0,-37.0,0.3
07:35:30,278.0,8.0,283.62,16.0,277.0,32.0,286.0,8.0,280.81,5.6200000000000045,40.0,24.0,0.9232117850196728,278.0,283.62,64,16.0,-64.0,0.25
07:35:31,279.0,10.0,282.2,20.0,278.0,10.0,286.0,10.0,280.6,3.1999999999999886,20.0,30.0,0.7366953237252316,279.0,282.2,50,-10.0,-14.0,-0.2
07:35:32,279.0,8.0,282.0,16.0,278.0,8.0,286.55,22.0,280.5,3.0,16.0,38.0,0.3804208196170698,279.0,282.0,54,-22.0,4.0,-0.41
07:35:33,279.0,10.0,284.5,20.0,278.0,10.0,292.0,20.0,281.75,5.5,20.0,40.0,0.5211237856769115,279.0,284.5,60,-20.0,6.0,-0.33
07:35:34,279.0,10.0,288.0,30.0,277.69,13.0,289.0,10.0,283.5,9.0,23.0,40.0,1.257525347656572,279.0,288.0,63,-17.0,3.0,-0.27
07:35:35,274.48,52.0,286.86,42.0,272.69,131.0,290.58,24.0,280.67,12.379999999999995,183.0,66.0,1.2762562438627874,274.48,286.86,249,117.0,169.5,0.47
07:35:36,275.0,24.0,286.0,24.0,274.0,40.0,290.0,38.0,280.5,11.0,64.0,62.0,1.2926832558669366,275.0,286.0,126,2.0,-123.0,0.02
07:35:37,275.0,42.0,285.45,33.0,274.0,58.0,288.11,57.0,280.23,10.449999999999989,100.0,90.0,1.3434842760518941,275.0,285.45,190,10.0,64.0,0.05
07:35:38,275.0,51.0,282.5,40.0,274.0,34.0,284.11,45.0,278.75,7.5,85.0,85.0,1.724804336728671,275.0,282.5,170,0.0,-20.0,0.0
07:35:39,276.07,45.0,278.05,44.0,274.0,30.0,279.1,31.0,277.06,1.9800000000000182,75.0,75.0,1.533059033434986,276.07,278.05,150,0.0,-20.0,0.0
07:35:40,275.67,27.0,277.64,33.0,272.29,28.0,279.0,22.0,276.65,1.9699999999999704,55.0,55.0,1.7646727741980084,275.67,277.64,110,0.0,-40.0,0.0
07:35:43,273.09,105.0,280.14,35.0,269.8,110.0,285.8,79.0,276.61,7.050000000000011,215.0,114.0,2.147610299842922,273.09,280.14,329,101.0,-73.0,0.31
07:35:44,273.36,44.0,284.0,65.0,269.56,118.0,285.92,13.0,278.68,10.639999999999986,162.0,78.0,2.575024271728678,273.36,284.0,240,84.0,-89.0,0.35
07:35:45,273.0,60.0,284.0,60.0,266.0,168.0,285.0,12.0,278.5,11.0,228.0,72.0,2.8882520665607223,273.0,284.0,300,156.0,60.0,0.52
07:35:46,273.0,40.0,283.62,37.0,266.0,112.0,284.58,12.0,278.31,10.620000000000005,152.0,49.0,2.3360586465227464,273.0,283.62,201,103.0,-99.0,0.51
07:35:47,273.0,55.0,277.0,22.0,265.49,94.0,284.0,66.0,275.0,4.0,149.0,88.0,1.585764799708376,273.0,277.0,237,61.0,36.0,0.26
07:35:48,273.0,51.0,283.77,62.0,264.07,43.0,284.87,46.0,278.39,10.769999999999982,94.0,108.0,1.5580211808555717,273.0,283.77,202,-14.0,-35.0,-0.07
07:35:49,273.0,21.0,284.0,42.0,265.0,21.0,285.0,28.0,278.5,11.0,42.0,70.0,1.533802464463577,273.0,284.0,112,-28.0,-90.0,-0.25
07:35:50,279.46,39.0,284.0,60.0,272.2,30.0,285.0,40.0,281.73,4.5400000000000205,69.0,100.0,2.3804474369318394,279.46,284.0,169,-31.0,57.0,-0.18
07:35:51,273.0,20.0,284.0,60.0,265.0,30.0,285.0,40.0,278.5,11.0,50.0,100.0,2.380447436931849,273.0,284.0,150,-50.0,-19.0,-0.33
07:35:52,271.63,30.0,284.0,66.0,266.47,38.0,285.0,44.0,277.82,12.370000000000005,68.0,110.0,1.5585794814497247,271.63,284.0,178,-42.0,28.0,-0.24
07:35:53,272.41,22.0,284.0,72.0,269.78,36.0,285.0,48.0,278.2,11.589999999999975,58.0,120.0,1.5789870170448037,272.41,284.0,178,-62.0,0.0,-0.35
07:35:54,278.85,33.0,284.0,102.0,271.56,18.0,296.12,68.0,281.42,5.149999999999977,51.0,170.0,1.8818820366847477,278.85,284.0,221,-119.0,43.0,-0.54
07:35:55,281.0,60.0,284.0,70.0,276.42,12.0,300.56,27.0,282.5,3.0,72.0,97.0,2.1226210212840373,281.0,284.0,169,-25.0,-52.0,-0.15
07:35:56,281.0,80.0,283.28,57.0,277.0,16.0,284.01,72.0,282.14,2.2799999999999727,96.0,129.0,2.2345648345925655,281.0,283.28,225,-33.0,56.0,-0.15
07:35:57,281.0,47.0,282.43,42.0,277.96,67.0,284.88,33.0,281.71,1.4300000000000068,114.0,75.0,1.7235080504594604,281.0,282.43,189,39.0,-36.0,0.21
07:35:58,281.0,11.0,284.42,43.0,278.0,88.0,285.83,41.0,282.71,3.420000000000016,99.0,84.0,0.5357518082093206,281.0,284.42,183,15.0,-6.0,0.08
07:35:59,279.29,28.0,283.08,60.0,277.98,98.0,285.72,57.0,281.18,3.7899999999999636,126.0,117.0,0.6161736768148277,279.29,283.08,243,9.0,60.0,0.04
07:36:00,278.0,86.0,279.61,33.0,277.0,12.0,280.77,40.0,278.8,1.6100000000000136,98.0,73.0,1.5104535742612688,278.0,279.61,171,25.0,-72.0,0.15
07:36:01,278.0,48.0,285.05,41.0,277.0,15.0,287.36,25.0,281.52,7.050000000000011,63.0,66.0,1.4492860311196345,278.0,285.05,129,-3.0,-42.0,-0.02
07:36:02,275.14,28.0,285.69,35.0,267.91,66.0,287.12,40.0,280.41,10.550000000000011,94.0,75.0,1.4479399158798745,275.14,285.69,169,19.0,40.0,0.11
07:36:03,270.0,11.0,281.73,22.0,267.0,66.0,286.17,36.0,275.86,11.730000000000018,77.0,58.0,2.3160267701382207,270.0,281.73,135,19.0,-34.0,0.14
07:36:04,270.0,12.0,279.08,24.0,267.0,72.0,282.43,21.0,274.54,9.079999999999984,84.0,45.0,2.9637105121781975,270.0,279.08,129,39.0,-6.0,0.3
07:36:05,270.0,9.0,278.33,18.0,267.0,54.0,282.07,45.0,274.17,8.329999999999984,63.0,63.0,3.426682068706496,270.0,278.33,126,0.0,-3.0,0.0
07:36:06,270.0,7.0,278.0,14.0,267.0,33.0,281.0,56.0,274.0,8.0,40.0,70.0,2.6804906267311015,270.0,278.0,110,-30.0,-16.0,-0.27
07:36:07,270.0,13.0,276.62,26.0,267.0,52.0,280.96,96.0,273.31,6.6200000000000045,65.0,122.0,0.9419819531137701,270.0,276.62,187,-57.0,77.0,-0.3
07:36:15,274.25,96.0,278.88,80.0,265.9,80.0,280.78,67.0,276.56,4.6299999999999955,176.0,147.0,4.107172993676717,274.25,278.88,323,29.0,118.0,0.09
07:36:16,277.0,77.0,279.69,51.0,274.18,66.0,280.58,48.0,278.34,2.6899999999999977,143.0,99.0,5.390086270180558,277.0,279.69,242,44.0,-81.0,0.18
07:36:17,277.0,63.0,279.0,36.0,275.0,54.0,280.0,45.0,278.0,2.0,117.0,81.0,5.057800905531049,277.0,279.0,198,36.0,-44.0,0.18
07:36:18,277.0,36.0,278.78,23.0,276.0,32.0,280.11,38.0,277.89,1.7799999999999727,68.0,61.0,3.504047659492149,277.0,278.78,129,7.0,-69.0,0.05
07:36:19,278.2,15.0,280.0,55.0,276.77,35.0,283.0,44.0,279.1,1.8000000000000114,50.0,99.0,0.923157624674061,278.2,280.0,149,-49.0,20.0,-0.33
07:36:20,276.81,26.0,280.0,70.0,275.67,63.0,283.0,56.0,278.4,3.1899999999999977,89.0,126.0,0.47410969194286856,276.81,280.0,215,-37.0,66.0,-0.17
07:36:21,275.03,37.0,281.22,59.0,272.43,42.0,345.77,52.0,278.12,6.190000000000055,79.0,111.0,0.4848917404886628,275.03,281.22,190,-32.0,-25.0,-0.17
07:36:22,275.0,16.0,283.0,28.0,272.0,21.0,425.0,28.0,279.0,8.0,37.0,56.0,0.5330290798767798,275.0,283.0,93,-19.0,-97.0,-0.2
07:36:23,276.0,18.0,281.22,36.0,272.75,24.0,396.86,37.0,278.61,5.220000000000027,42.0,73.0,0.409243203968499,276.0,281.22,115,-31.0,22.0,-0.27
07:36:24,278.0,12.0,279.0,24.0,275.0,12.0,282.67,24.0,278.5,1.0,24.0,48.0,0.32137205851519896,278.0,279.0,72,-24.0,-43.0,-0.33
07:36:25,278.0,14.0,279.0,28.0,275.0,14.0,282.0,28.0,278.5,1.0,28.0,56.0,0.31461087075037875,278.0,279.0,84,-28.0,12.0,-0.33
07:36:26,278.0,12.0,279.0,24.0,275.0,12.0,282.0,24.0,278.5,1.0,24.0,48.0,0.21661024905199894,278.0,279.0,72,-24.0,-12.0,-0.33
07:36:27,269.58,38.0,278.59,49.0,260.07,30.0,281.75,48.0,274.09,9.009999999999991,68.0,97.0,1.9850818622902724,269.58,278.59,165,-29.0,93.0,-0.18
07:36:41,267.07,28.0,278.42,24.0,265.51,35.0,296.54,78.0,272.74,11.350000000000023,63.0,102.0,3.2561603154616794,267.07,278.42,165,-39.0,-57.0,-0.24
07:36:42,269.43,28.0,276.59,17.0,268.0,14.0,333.25,61.0,273.01,7.159999999999968,42.0,78.0,3.0090247589524117,269.43,276.59,120,-36.0,-45.0,-0.3
07:36:55,280.55,11.0,303.45,22.0,268.46,26.0,368.48,25.0,292.0,22.899999999999977,37.0,47.0,10.846458869142054,280.55,303.45,84,-10.0,-170.5,-0.12
07:36:56,273.05,80.0,322.08,26.0,273.98,167.0,405.15,26.0,297.56,49.02999999999997,247.0,52.0,14.737783754689675,273.05,322.08,299,195.0,169.5,0.65
07:36:57,277.5,30.0,305.0,20.0,275.19,126.0,329.62,29.0,291.25,27.5,156.0,49.0,13.928016010903997,277.5,305.0,205,107.0,-94.0,0.52
07:36:58,277.79,73.0,300.33,18.0,275.22,107.0,312.71,21.0,289.06,22.539999999999964,180.0,39.0,10.862487284227354,277.79,300.33,219,141.0,14.0,0.64
07:36:59,278.0,125.0,298.0,18.0,277.0,27.0,480.33,18.0,288.0,20.0,152.0,36.0,3.7152496551380056,278.0,298.0,188,116.0,-31.0,0.62
07:37:00,278.0,117.0,338.0,18.0,277.0,27.0,492.74,19.0,308.0,60.0,144.0,37.0,8.271099080533698,278.0,338.0,181,107.0,-7.0,0.59
07:37:01,278.0,130.0,376.57,28.0,277.0,42.0,560.71,28.0,327.29,98.57,172.0,56.0,16.929251312447626,278.0,376.57,228,116.0,47.0,0.51
07:37:02,278.0,36.0,329.67,9.0,277.0,18.0,514.33,12.0,303.83,51.670000000000016,54.0,21.0,16.08367277707462,278.0,329.67,75,33.0,-153.0,0.44
07:37:03,278.0,48.0,323.0,14.0,277.0,24.0,483.38,13.0,300.5,45.0,72.0,27.0,14.274891593284085,278.0,323.0,99,45.0,24.0,0.45
07:37:04,278.0,84.0,320.42,38.0,277.0,42.0,403.67,18.0,299.21,42.420000000000016,126.0,56.0,11.43168097875435,278.0,320.42,182,70.0,83.0,0.38
07:37:05,278.0,42.0,327.71,7.0,277.0,21.0,550.69,13.0,302.86,49.70999999999998,63.0,20.0,11.634683923511353,278.0,327.71,83,43.0,-99.0,0.52
07:37:06,278.0,81.0,326.23,26.0,277.0,48.0,425.32,22.0,302.12,48.23000000000002,129.0,48.0,1.8506026045618753,278.0,326.22999999999996,177,81.0,94.0,0.46
07:37:07,278.0,70.0,310.8,15.0,277.0,42.0,316.41,27.0,294.4,32.80000000000001,112.0,42.0,3.3444909926639745,278.0,310.8,154,70.0,-23.0,0.45
07:37:08,278.0,40.0,281.14,14.0,277.0,24.0,282.4,10.0,279.57,3.1399999999999864,64.0,24.0,9.573999686651776,278.0,281.14,88,40.0,-66.0,0.45
07:37:09,278.2,30.0,280.91,22.0,277.57,42.0,282.32,19.0,279.55,2.7100000000000364,72.0,41.0,11.566885924915404,278.2,280.91,113,31.0,25.0,0.27
07:37:10,277.81,16.0,281.0,22.0,275.47,77.0,319.23,26.0,279.41,3.1899999999999977,93.0,48.0,10.62649283630319,277.81,281.0,141,45.0,28.0,0.32
07:37:11,277.0,31.0,281.0,22.0,274.92,75.0,575.0,11.0,279.0,4.0,106.0,33.0,6.71994270808914,277.0,281.0,139,73.0,-2.0,0.53
07:37:12,274.06,85.0,279.67,30.0,272.0,15.0,499.73,15.0,276.86,5.610000000000014,100.0,45.0,1.1511602842344932,274.06,279.67,145,55.0,6.0,0.38
07:37:13,272.0,40.0,279.0,8.0,270.0,4.0,524.0,4.0,275.5,7.0,44.0,12.0,1.7972006009342527,272.0,279.0,56,32.0,-89.0,0.57
07:37:14,272.0,60.0,279.0,12.0,270.0,6.0,474.0,10.0,275.5,7.0,66.0,22.0,1.8711707565046092,272.0,279.0,88,44.0,32.0,0.5
07:37:15,272.0,60.0,278.17,12.0,270.0,6.0,418.0,18.0,275.08,6.170000000000016,66.0,30.0,1.6072709790192738,272.0,278.17,96,36.0,8.0,0.38
07:37:16,272.0,106.0,276.25,24.0,270.0,12.0,430.0,36.0,274.12,4.25,118.0,60.0,0.9863670716306009,272.0,276.25,178,58.0,82.0,0.33
07:37:17,271.98,55.0,469.48,29.0,271.67,54.0,566.96,25.0,370.73,197.5,109.0,54.0,42.793109024701714,271.98,469.48,163,55.0,-15.0,0.34
07:37:19,271.12,40.0,471.08,24.0,270.4,50.0,566.5,14.0,371.1,199.95999999999998,90.0,38.0,70.64472853653012,271.12,471.08,128,52.0,44.0,0.41
07:37:20,271.03,58.0,276.11,27.0,270.27,22.0,365.29,14.0,273.57,5.080000000000041,80.0,41.0,71.02521840867533,271.03,276.11,121,39.0,-7.0,0.32
07:37:23,268.5,16.0,277.5,12.0,263.14,7.0,371.69,13.0,273.0,9.0,23.0,25.0,43.799625569175845,268.5,277.5,48,-2.0,-95.0,-0.04
07:37:24,267.22,9.0,280.2,10.0,266.0,45.0,301.68,19.0,273.71,12.979999999999961,54.0,29.0,0.3411304735534619,267.22,280.2,83,25.0,35.0,0.3
07:37:25,268.0,25.0,279.4,15.0,257.56,73.0,281.0,30.0,273.7,11.399999999999977,98.0,45.0,0.37298793544406367,268.0,279.4,143,53.0,60.0,0.37
07:37:26,268.01,73.0,409.53,17.0,205.09,35.0,548.48,50.0,338.77,141.51999999999998,108.0,67.0,29.24855500704258,268.01,409.53,175,41.0,32.0,0.23
07:37:27,278.65,141.0,471.23,40.0,268.24,33.0,627.95,43.0,374.94,192.58000000000004,174.0,83.0,47.42925183892332,278.65,471.23,257,91.0,82.0,0.35
07:37:28,279.0,136.0,282.0,40.0,275.12,8.0,417.0,16.0,280.5,3.0,144.0,56.0,46.19463096508092,279.0,282.0,200,88.0,-57.0,0.44
07:37:29,279.0,204.0,282.0,60.0,276.8,20.0,382.0,42.0,280.5,3.0,224.0,102.0,45.00722408680648,279.0,282.0,326,122.0,126.0,0.37
07:37:30,279.0,137.0,282.0,45.0,277.0,18.0,417.0,18.0,280.5,3.0,155.0,63.0,43.732818569125115,279.0,282.0,218,92.0,-108.0,0.42
07:37:31,279.0,96.0,280.71,17.0,277.0,14.0,291.12,33.0,279.85,1.7099999999999795,110.0,50.0,42.308460383237836,279.0,280.71,160,60.0,-58.0,0.38
07:37:32,279.0,94.0,281.05,19.0,277.0,16.0,295.57,37.0,280.03,2.0500000000000114,110.0,56.0,0.31325708290704185,279.0,281.05,166,54.0,6.0,0.33
07:37:33,279.0,72.0,282.54,24.0,277.0,24.0,300.8,25.0,280.77,3.5400000000000205,96.0,49.0,0.3780872914968923,279.0,282.54,145,47.0,-21.0,0.32
07:37:34,279.0,36.0,280.88,8.0,277.0,14.0,282.67,15.0,279.94,1.8799999999999955,50.0,23.0,0.3975801805817094,279.0,280.88,73,27.0,-72.0,0.37
07:37:35,279.0,14.0,286.29,35.0,277.96,50.0,533.0,35.0,282.64,7.2900000000000205,64.0,70.0,1.1729151716947155,279.0,286.29,134,-6.0,61.0,-0.04
07:37:36,279.14,14.0,288.0,35.0,278.04,50.0,437.0,35.0,283.57,8.860000000000014,64.0,70.0,1.6318241326785528,279.14,288.0,134,-6.0,0.0,-0.04
07:37:37,279.44,9.0,288.0,35.0,278.09,44.0,305.0,35.0,283.72,8.560000000000002,53.0,70.0,1.6961338390565102,279.44,288.0,123,-17.0,-11.0,-0.14
07:37:38,278.38,13.0,288.0,30.0,277.85,47.0,305.0,30.0,283.19,9.620000000000005,60.0,60.0,1.5507965695064139,278.38,288.0,120,0.0,-3.0,0.0
07:37:39,278.0,96.0,286.29,42.0,277.0,132.0,311.5,60.0,282.14,8.29000000000002,228.0,102.0,0.6586121772281051,278.0,286.29,330,126.0,169.5,0.38
07:37:40,278.0,80.0,283.54,26.0,277.0,110.0,287.8,50.0,280.77,5.5400000000000205,190.0,76.0,1.232221570981835,278.0,283.54,266,114.0,-64.0,0.43
07:37:41,278.0,68.0,286.0,50.0,277.0,110.0,349.09,23.0,282.0,8.0,178.0,73.0,1.1450458506071963,278.0,286.0,251,105.0,-15.0,0.42
07:37:42,277.27,75.0,286.0,55.0,276.93,71.0,461.35,34.0,281.63,8.730000000000018,146.0,89.0,0.8762020314930099,277.27,286.0,235,57.0,-16.0,0.24
07:37:43,277.1,61.0,286.0,55.0,276.93,71.0,435.84,25.0,281.55,8.899999999999977,132.0,80.0,0.5343874998465603,277.1,286.0,212,52.0,-23.0,0.25
07:37:44,277.41,69.0,286.0,35.0,276.81,27.0,452.71,14.0,281.7,8.589999999999975,96.0,49.0,0.4576570768514301,277.41,286.0,145,47.0,-67.0,0.32
07:37:45,279.0,65.0,282.18,55.0,277.0,121.0,294.14,43.0,280.59,3.180000000000007,186.0,98.0,0.5332260308651229,279.0,282.18,284,88.0,139.0,0.31
07:37:46,277.1,116.0,283.0,60.0,276.69,32.0,400.42,33.0,280.05,5.899999999999977,148.0,93.0,0.7426169941442666,277.1,283.0,241,55.0,-43.0,0.23
07:37:47,277.0,137.0,284.0,75.0,276.0,15.0,433.03,39.0,280.5,7.0,152.0,114.0,0.7139117592473865,277.0,284.0,266,38.0,25.0,0.14
07:37:48,277.0,26.0,284.0,35.0,276.0,7.0,352.74,23.0,280.5,7.0,33.0,58.0,0.614304484756168,277.0,284.0,91,-25.0,-170.5,-0.27
07:37:49,277.0,16.0,284.0,40.0,276.0,8.0,436.0,40.0,280.5,7.0,24.0,80.0,0.21487205493356945,277.0,284.0,104,-56.0,13.0,-0.54
07:37:50,277.0,16.0,284.0,40.0,276.0,8.0,518.71,34.0,280.5,7.0,24.0,74.0,0.20124611795352373,277.0,284.0,98,-50.0,-6.0,-0.51
07:37:51,277.0,12.0,284.0,30.0,276.0,6.0,477.95,21.0,280.5,7.0,18.0,51.0,0.0,277.0,284.0,69,-33.0,-29.0,-0.48
07:37:52,277.0,20.0,282.68,41.0,276.0,10.0,325.05,41.0,279.84,5.680000000000007,30.0,82.0,0.29516097301530303,277.0,282.68,112,-52.0,43.0,-0.46
07:37:53,275.75,12.0,279.44,18.0,273.95,56.0,281.47,34.0,277.6,3.6899999999999977,68.0,52.0,1.2560732462682676,275.75,279.44,120,16.0,8.0,0.13
07:37:54,273.67,24.0,278.5,12.0,271.2,120.0,280.0,24.0,276.08,4.829999999999984,144.0,36.0,1.977746192005012,273.67,278.5,180,108.0,60.0,0.6
07:37:55,273.55,44.0,278.0,11.0,270.35,112.0,280.0,22.0,275.77,4.449999999999989,156.0,33.0,2.147444993472406,273.55,278.0,189,123.0,9.0,0.65
07:37:56,270.8,44.0,278.0,14.0,266.3,242.0,280.0,28.0,274.4,7.199999999999989,286.0,42.0,2.073745403849974,270.8,278.0,328,244.0,139.0,0.74
07:37:57,277.0,9.0,278.0,9.0,267.0,81.0,280.0,18.0,277.5,1.0,90.0,27.0,1.3289845747745175,277.0,278.0,117,63.0,-170.5,0.54
07:37:58,270.7,10.0,278.0,6.0,265.5,48.0,283.89,18.0,274.35,7.300000000000011,58.0,24.0,1.3105151658748762,270.7,278.0,82,34.0,-35.0,0.41
07:38:02,265.65,101.0,281.0,64.0,264.89,223.0,514.18,68.0,273.33,15.350000000000023,324.0,132.0,2.7139178322093755,265.65,281.0,456,192.0,122.0,0.42
07:38:03,275.97,29.0,281.0,44.0,264.35,121.0,449.09,33.0,278.48,5.029999999999973,150.0,77.0,4.179393496667302,275.97,281.0,227,73.0,-170.5,0.32
07:38:04,278.48,71.0,281.0,56.0,275.0,29.0,380.71,42.0,279.74,2.519999999999982,100.0,98.0,5.330827327909513,278.48,281.0,198,2.0,-29.0,0.01
07:38:05,280.0,77.0,281.0,44.0,277.0,44.0,550.0,45.0,280.5,1.0,121.0,89.0,5.280066287461677,280.0,281.0,210,32.0,12.0,0.15
07:38:06,280.0,55.0,281.0,36.0,277.0,36.0,637.0,45.0,280.5,1.0,91.0,81.0,3.0110795406285633,280.0,281.0,172,10.0,-38.0,0.06
07:38:07,280.0,33.0,281.0,44.0,277.0,44.0,623.42,43.0,280.5,1.0,77.0,87.0,0.8820884309372405,280.0,281.0,164,-10.0,-8.0,-0.06
07:38:08,280.0,33.0,281.0,44.0,277.0,44.0,556.83,47.0,280.5,1.0,77.0,91.0,0.3398823325707537,280.0,281.0,168,-14.0,4.0,-0.08
07:38:09,277.17,41.0,280.08,48.0,273.93,29.0,328.0,36.0,278.63,2.909999999999968,70.0,84.0,0.8362894235810621,277.17,280.08,154,-14.0,-14.0,-0.09
07:38:10,276.0,10.0,285.5,40.0,272.0,80.0,432.86,29.0,280.75,9.5,90.0,69.0,0.8709936853924873,276.0,285.5,159,21.0,5.0,0.13
07:38:11,273.5,16.0,283.0,32.0,271.84,50.0,332.0,24.0,278.25,9.5,66.0,56.0,1.1860143338059626,273.5,283.0,122,10.0,-37.0,0.08
07:38:12,272.0,30.0,280.0,24.0,268.0,6.0,286.0,24.0,276.0,8.0,36.0,48.0,1.9274672500440706,272.0,280.0,84,-12.0,-38.0,-0.14
07:38:13,272.0,32.0,280.0,28.0,263.08,122.0,286.0,28.0,276.0,8.0,154.0,56.0,1.9996574706663357,272.0,280.0,210,98.0,126.0,0.47
07:38:14,275.0,36.0,286.0,56.0,264.66,141.0,313.0,28.0,280.5,11.0,177.0,84.0,2.3143573622049054,275.0,286.0,261,93.0,51.0,0.36
07:38:15,278.0,26.0,311.36,55.0,277.0,39.0,385.98,41.0,294.68,33.360000000000014,65.0,96.0,7.824926836718329,278.0,311.36,161,-31.0,-100.0,-0.19
07:38:16,278.0,20.0,279.75,32.0,277.0,30.0,284.8,40.0,278.88,1.75,50.0,72.0,7.772742115881294,278.0,279.75,122,-22.0,-39.0,-0.18
07:38:17,275.31,13.0,279.95,38.0,272.95,20.0,289.9,40.0,277.63,4.639999999999986,33.0,78.0,7.52988180518095,275.31,279.95,111,-45.0,-11.0,-0.41
07:38:18,274.0,13.0,290.23,52.0,272.0,26.0,304.69,52.0,282.12,16.230000000000018,39.0,104.0,6.873406724470514,274.0,290.23,143,-65.0,32.0,-0.45
07:38:19,267.0,39.0,287.92,52.0,265.0,52.0,292.0,52.0,277.46,20.920000000000016,91.0,104.0,7.247777590406305,267.0,287.92,195,-13.0,52.0,-0.07
07:38:20,267.0,30.0,277.43,28.0,265.0,40.0,283.8,40.0,272.21,10.430000000000007,70.0,68.0,3.575031468391652,267.0,277.43,138,2.0,-57.0,0.01
07:38:25,267.0,16.0,279.0,24.0,265.0,32.0,418.78,36.0,273.0,12.0,48.0,60.0,2.2285937269904803,267.0,279.0,108,-12.0,-12.0,-0.11
07:38:26,271.0,10.0,281.0,16.0,265.29,14.0,529.0,20.0,276.0,10.0,24.0,36.0,3.277595154985278,271.0,281.0,60,-12.0,-48.0,-0.2
07:38:27,277.0,48.0,281.0,48.0,272.33,24.0,506.83,58.0,279.0,4.0,72.0,106.0,3.949002405669729,277.0,281.0,178,-34.0,118.0,-0.19
07:38:28,277.0,52.0,281.0,52.0,275.24,21.0,536.98,63.0,279.0,4.0,73.0,115.0,3.577708763997887,277.0,281.0,188,-42.0,10.0,-0.22
07:38:29,273.18,22.0,311.0,28.0,267.0,16.0,429.8,40.0,292.09,37.81999999999999,38.0,68.0,7.297302241239014,273.18,311.0,106,-30.0,-82.0,-0.28
07:38:44,271.0,8.0,392.73,22.0,256.0,112.0,487.76,29.0,331.86,121.73000000000002,120.0,51.0,30.98011329869513,271.0,392.7300000000001,171,69.0,-69.0,0.4
07:38:46,260.93,54.0,303.76,34.0,259.36,33.0,376.14,43.0,282.35,42.829999999999984,87.0,77.0,29.261661436083745,260.93,303.76,164,10.0,80.0,0.06
07:38:47,279.0,14.0,381.53,59.0,260.09,70.0,503.51,51.0,330.26,102.52999999999997,84.0,110.0,32.840597893461066,279.0,381.53,194,-26.0,30.0,-0.13
07:38:48,276.88,17.0,303.22,36.0,271.43,23.0,439.8,30.0,290.05,26.340000000000032,40.0,66.0,28.464352618670304,276.88,303.22,106,-26.0,-88.0,-0.25
07:38:49,276.0,9.0,300.26,35.0,268.78,9.0,330.5,28.0,288.13,24.25999999999999,18.0,63.0,22.706092354255883,276.0,300.26,81,-45.0,-25.0,-0.56
07:38:50,276.0,10.0,292.33,36.0,275.0,10.0,309.94,36.0,284.17,16.329999999999984,20.0,72.0,19.95167962854254,276.0,292.33,92,-52.0,11.0,-0.57
07:38:51,261.73,11.0,281.43,21.0,260.18,11.0,286.06,32.0,271.58,19.69999999999999,22.0,53.0,22.121149834490936,261.73,281.43,75,-31.0,-17.0,-0.41
07:39:13,276.4,50.0,412.67,51.0,271.5,62.0,533.0,48.0,344.53,136.27000000000004,112.0,99.0,32.87648810320211,276.4,412.67,211,13.0,10.0,0.06
07:39:14,280.0,21.0,417.0,28.0,272.0,42.0,510.52,23.0,348.5,137.0,63.0,51.0,40.56296562136451,280.0,417.0,114,12.0,-97.0,0.11
07:39:15,275.0,32.0,348.44,27.0,271.41,34.0,378.25,24.0,311.72,73.44,66.0,51.0,36.749481356884544,275.0,348.44,117,15.0,3.0,0.13
07:39:16,272.0,40.0,342.0,40.0,270.0,20.0,403.57,21.0,307.0,70.0,60.0,61.0,30.79353373680924,272.0,342.0,121,-1.0,4.0,-0.01
07:39:17,273.5,20.0,324.67,57.0,272.5,40.0,442.97,33.0,299.08,51.170000000000016,60.0,90.0,22.725084818323833,273.5,324.67,150,-30.0,29.0,-0.2
07:39:18,276.62,29.0,319.33,36.0,273.94,18.0,396.11,18.0,297.98,42.70999999999998,47.0,54.0,20.71926350042412,276.62,319.33,101,-7.0,-49.0,-0.07
07:39:19,277.0,102.0,371.74,38.0,276.0,13.0,543.18,34.0,324.37,94.74000000000001,115.0,72.0,10.756133134170684,277.0,371.74,187,43.0,86.0,0.23
07:39:20,277.0,116.0,406.88,32.0,276.0,12.0,446.81,26.0,341.94,129.88,128.0,58.0,18.817544473177374,277.0,406.88,186,70.0,-1.0,0.38
07:39:21,277.0,72.0,327.29,28.0,276.0,12.0,366.0,42.0,302.14,50.29000000000002,84.0,70.0,19.39107320392576,277.0,327.29,154,14.0,-32.0,0.09
07:39:22,277.84,19.0,299.0,55.0,276.73,11.0,348.27,11.0,288.42,21.160000000000025,30.0,66.0,21.75955192553389,277.84,299.0,96,-36.0,-58.0,-0.38
07:39:23,277.75,8.0,297.6,5.0,276.6,5.0,299.0,25.0,287.68,19.850000000000023,13.0,30.0,23.69798725630521,277.75,297.6,43,-17.0,-53.0,-0.4
07:39:24,278.0,22.0,296.18,11.0,276.47,15.0,299.0,55.0,287.09,18.180000000000007,37.0,66.0,23.481479510456715,278.0,296.18,103,-29.0,60.0,-0.28
07:39:25,278.0,22.0,292.68,19.0,276.0,22.0,295.77,31.0,285.34,14.680000000000007,44.0,50.0,6.807207944523903,278.0,292.68,94,-6.0,-9.0,-0.06
07:39:26,278.0,18.0,288.45,29.0,276.0,18.0,290.73,11.0,283.22,10.449999999999989,36.0,40.0,2.0867678356698693,278.0,288.45,76,-4.0,-18.0,-0.05
07:39:27,278.0,11.0,283.33,27.0,276.0,22.0,288.47,19.0,280.67,5.329999999999984,33.0,46.0,2.888918482751803,278.0,283.33,79,-13.0,3.0,-0.16
07:39:28,278.0,29.0,280.0,27.0,276.0,22.0,282.65,17.0,279.0,2.0,51.0,44.0,3.3038053816748265,278.0,280.0,95,7.0,16.0,0.07
07:39:29,278.0,29.0,279.0,45.0,276.0,30.0,280.0,15.0,278.5,1.0,59.0,60.0,2.8950094991177875,278.0,279.0,119,-1.0,24.0,-0.01
07:39:30,273.38,26.0,278.83,18.0,272.57,28.0,419.94,16.0,276.11,5.449999999999989,54.0,34.0,2.643359604741791,273.38,278.83,88,20.0,-31.0,0.23
07:39:31,276.12,17.0,280.0,9.0,273.05,21.0,352.84,31.0,278.06,3.8799999999999955,38.0,40.0,1.6476862565366515,276.12,280.0,78,-2.0,-10.0,-0.03
07:39:32,273.71,42.0,278.92,12.0,272.5,12.0,287.33,36.0,276.32,5.210000000000036,54.0,48.0,1.3076773302229476,273.71,278.92,102,6.0,24.0,0.06
07:39:33,273.5,18.0,283.06,18.0,272.9,31.0,424.75,36.0,278.28,9.560000000000002,49.0,54.0,1.1441066383772487,273.5,283.06,103,-5.0,1.0,-0.05
07:39:34,278.0,11.0,286.0,57.0,273.18,17.0,574.64,55.0,282.0,8.0,28.0,112.0,2.3642081126625625,278.0,286.0,140,-84.0,37.0,-0.6
07:39:35,278.0,18.0,284.61,54.0,274.0,35.0,331.78,54.0,281.31,6.610000000000014,53.0,108.0,2.383921139631171,278.0,284.61,161,-55.0,21.0,-0.34
07:39:36,278.0,9.0,282.44,27.0,274.0,18.0,286.22,27.0,280.22,4.439999999999998,27.0,54.0,2.321956071931751,278.0,282.44,81,-27.0,-80.0,-0.33
07:39:37,278.0,11.0,281.82,33.0,274.0,22.0,286.0,33.0,279.91,3.819999999999993,33.0,66.0,1.426474675548515,278.0,281.82,99,-33.0,18.0,-0.33
07:39:38,278.0,9.0,281.0,27.0,274.0,18.0,285.22,27.0,279.5,3.0,27.0,54.0,1.036083973421743,278.0,281.0,81,-27.0,-18.0,-0.33
07:39:39,275.27,11.0,280.8,30.0,269.06,34.0,283.91,33.0,278.04,5.53000000000003,45.0,63.0,1.1891299340193497,275.27,280.8,108,-18.0,27.0,-0.17
07:39:40,273.0,15.0,279.04,25.0,267.0,60.0,280.12,43.0,276.02,6.0400000000000205,75.0,68.0,1.7338742745597773,273.0,279.04,143,7.0,35.0,0.05
07:39:41,273.0,12.0,276.71,14.0,267.0,48.0,278.23,35.0,274.86,3.7099999999999795,60.0,49.0,2.1864308815920404,273.0,276.71,109,11.0,-34.0,0.1
07:39:42,273.0,9.0,277.0,27.0,267.0,36.0,283.5,26.0,275.0,4.0,45.0,53.0,2.023136179296533,273.0,277.0,98,-8.0,-11.0,-0.08
07:39:43,268.38,26.0,276.9,29.0,241.49,59.0,283.36,33.0,272.64,8.519999999999982,85.0,62.0,1.9611527222471792,268.38,276.9,147,23.0,49.0,0.16
07:39:44,267.0,40.0,281.26,27.0,223.0,28.0,284.41,29.0,274.13,14.259999999999991,68.0,56.0,1.253195914443092,267.0,281.26,124,12.0,-23.0,0.1
07:39:45,274.4,43.0,278.98,66.0,273.72,203.0,280.93,42.0,276.69,4.580000000000041,246.0,108.0,1.4694999149292125,274.4,278.98,354,138.0,169.5,0.39
07:39:46,276.0,16.0,278.0,80.0,274.0,240.0,284.0,87.0,277.0,2.0,256.0,167.0,1.8124762067341156,276.0,278.0,423,89.0,69.0,0.21
07:39:47,276.0,13.0,277.23,65.0,271.46,195.0,284.0,39.0,276.62,1.2300000000000182,208.0,104.0,1.9327260540432352,276.0,277.23,312,104.0,-111.0,0.33
07:39:48,271.0,225.0,276.58,36.0,251.4,160.0,278.5,70.0,273.79,5.579999999999984,385.0,106.0,1.5503967234155456,271.0,276.58,491,279.0,169.5,0.57
07:39:50,271.0,154.0,276.0,33.0,268.0,132.0,280.27,33.0,273.5,5.0,286.0,66.0,1.8057076175220124,271.0,276.0,352,220.0,-170.5,0.62
07:39:54,268.0,81.0,279.75,24.0,264.0,108.0,282.45,33.0,273.88,11.75,189.0,57.0,1.4832329553967332,268.0,279.75,246,132.0,12.0,0.54
07:39:55,268.0,45.0,282.0,15.0,264.0,60.0,283.0,20.0,275.0,14.0,105.0,35.0,1.8369757755548062,268.0,282.0,140,70.0,-106.0,0.5
07:39:56,268.0,63.0,282.0,21.0,264.0,84.0,283.0,28.0,275.0,14.0,147.0,49.0,2.083381866095472,268.0,282.0,196,98.0,56.0,0.5
07:39:57,268.03,111.0,279.95,65.0,264.24,153.0,281.22,87.0,273.99,11.920000000000016,264.0,152.0,1.8272328806082394,268.03,279.95,416,112.0,169.5,0.27
07:39:58,269.92,39.0,279.0,51.0,268.0,117.0,281.0,71.0,274.46,9.079999999999984,156.0,122.0,0.5339288341873082,269.92,279.0,278,34.0,-138.0,0.12
07:39:59,268.35,51.0,279.0,27.0,262.54,123.0,281.0,45.0,273.68,10.649999999999977,174.0,72.0,0.5930261376841407,268.35,279.0,246,102.0,-32.0,0.41
07:40:00,268.0,77.0,278.56,27.0,262.88,86.0,280.45,49.0,273.28,10.560000000000002,163.0,76.0,0.6706116610797984,268.0,278.56,239,87.0,-7.0,0.36
07:40:01,268.29,109.0,277.68,41.0,262.44,174.0,279.63,79.0,272.99,9.389999999999986,283.0,120.0,0.5789214108803703,268.29,277.68,403,163.0,164.0,0.4
07:40:02,269.6,120.0,277.0,45.0,268.0,105.0,278.0,75.0,273.3,7.399999999999977,225.0,120.0,0.5687002725298684,269.6,277.0,345,105.0,-58.0,0.3
07:40:03,270.0,96.0,276.6,35.0,266.83,84.0,277.7,50.0,273.3,6.600000000000023,180.0,85.0,0.2451530133922194,270.0,276.6,265,95.0,-80.0,0.36
07:40:05,270.0,57.0,276.52,75.0,266.0,105.0,278.8,50.0,273.26,6.519999999999982,162.0,125.0,0.6623594190277964,270.0,276.52,287,37.0,-29.0,0.13
07:40:06,270.25,36.0,277.0,61.0,266.0,84.0,279.73,55.0,273.62,6.75,120.0,116.0,0.734520251575807,270.25,277.0,236,4.0,-51.0,0.02
07:40:07,271.0,45.0,277.0,45.0,265.13,105.0,279.0,75.0,274.0,6.0,150.0,120.0,0.8518920119211975,271.0,277.0,270,30.0,34.0,0.11
07:40:08,272.28,54.0,276.38,45.0,263.12,132.0,278.25,72.0,274.33,4.100000000000023,186.0,117.0,0.9977875525257828,272.28,276.38,303,69.0,33.0,0.23
07:40:09,274.12,25.0,276.78,54.0,261.35,178.0,280.75,80.0,275.45,2.659999999999968,203.0,134.0,0.8390887914734035,274.12,276.78,337,69.0,34.0,0.2
07:40:10,273.26,57.0,277.0,23.0,269.38,78.0,279.0,27.0,275.13,3.740000000000009,135.0,50.0,0.7668963423936646,273.26,277.0,185,85.0,-152.0,0.46
07:40:11,273.0,156.0,278.89,35.0,262.0,72.0,281.84,58.0,275.94,5.889999999999986,228.0,93.0,0.7980288215205026,273.0,278.89,321,135.0,136.0,0.42
07:40:12,273.0,82.0,279.0,27.0,262.21,48.0,282.0,45.0,276.0,6.0,130.0,72.0,0.683264224131455,273.0,279.0,202,58.0,-119.0,0.29
07:40:13,273.0,88.0,279.0,33.0,263.0,55.0,282.0,55.0,276.0,6.0,143.0,88.0,0.39525940846286556,273.0,279.0,231,55.0,29.0,0.24
07:40:14,273.41,81.0,278.49,57.0,270.46,118.0,281.48,75.0,275.95,5.079999999999984,199.0,132.0,0.37779624135048073,273.41,278.49,331,67.0,100.0,0.2
07:40:15,274.55,33.0,277.0,44.0,273.0,88.0,281.0,33.0,275.77,2.4499999999999886,121.0,77.0,0.09471008382807022,274.55,277.0,198,44.0,-133.0,0.22
07:40:16,273.21,150.0,278.7,50.0,265.12,141.0,283.78,49.0,275.96,5.490000000000009,291.0,99.0,0.09555103337340283,273.21,278.7,390,192.0,169.5,0.49
07:40:17,277.0,24.0,281.0,36.0,273.0,96.0,282.0,12.0,279.0,4.0,120.0,48.0,1.3802644674045286,277.0,281.0,168,72.0,-170.5,0.43
07:40:18,273.12,99.0,280.75,48.0,264.76,79.0,282.33,21.0,276.94,7.6299999999999955,178.0,69.0,1.352749052847474,273.12,280.75,247,109.0,79.0,0.44
07:40:19,273.0,128.0,278.2,55.0,262.0,80.0,279.18,57.0,275.6,5.199999999999989,208.0,112.0,1.4106310644458537,273.0,278.2,320,96.0,73.0,0.3
07:40:20,273.0,168.0,277.23,69.0,262.83,84.0,281.13,108.0,275.12,4.230000000000018,252.0,177.0,1.5367758457170921,273.0,277.23,429,75.0,109.0,0.17
07:40:21,273.1,80.0,279.22,87.0,269.03,103.0,282.18,77.0,276.16,6.1200000000000045,183.0,164.0,1.5209470733656443,273.1,279.22,347,19.0,-82.0,0.05
07:40:22,273.08,73.0,282.0,70.0,263.06,83.0,287.0,10.0,277.54,8.920000000000016,156.0,80.0,0.9804692753876636,273.08,282.0,236,76.0,-111.0,0.32
07:40:23,279.0,56.0,281.61,61.0,272.45,127.0,282.53,64.0,280.3,2.6100000000000136,183.0,125.0,2.083621846684249,279.0,281.61,308,58.0,72.0,0.19
07:40:24,273.06,94.0,285.93,58.0,264.72,93.0,288.86,37.0,279.5,12.870000000000005,187.0,95.0,2.182356524489218,273.06,285.92999999999995,282,92.0,-26.0,0.33
07:40:25,279.25,24.0,285.75,32.0,273.53,34.0,287.67,36.0,282.5,6.5,58.0,68.0,2.4590241967053057,279.25,285.75,126,-10.0,-156.0,-0.08
07:40:26,279.88,24.0,284.71,62.0,275.15,40.0,286.2,50.0,282.29,4.829999999999984,64.0,112.0,2.060237850342411,279.88,284.71,176,-48.0,50.0,-0.27
07:40:27,278.0,12.0,283.0,36.0,276.0,36.0,284.08,60.0,280.5,5.0,48.0,96.0,1.3136285624118287,278.0,283.0,144,-48.0,-32.0,-0.33
07:40:28,278.0,12.0,283.0,36.0,276.0,36.0,284.0,60.0,280.5,5.0,48.0,96.0,1.289115976157389,278.0,283.0,144,-48.0,0.0,-0.33
07:40:29,277.09,11.0,283.0,33.0,273.93,58.0,284.0,55.0,280.05,5.910000000000025,69.0,88.0,1.1374840658155736,277.09,283.0,157,-19.0,13.0,-0.12
07:40:30,276.0,12.0,282.67,36.0,273.0,96.0,284.0,60.0,279.33,6.670000000000016,108.0,96.0,1.0919844321160086,276.0,282.67,204,12.0,47.0,0.06
07:40:31,273.44,41.0,280.08,39.0,271.19,62.0,284.69,65.0,276.76,6.639999999999986,103.0,104.0,1.5662917991174292,273.44,280.08,207,-1.0,3.0,-0.0
07:40:32,273.0,65.0,277.76,42.0,265.0,26.0,285.54,89.0,275.38,4.759999999999991,91.0,131.0,2.2252707700370578,273.0,277.76,222,-40.0,15.0,-0.18
07:40:35,278.38,39.0,281.87,46.0,268.0,16.0,283.64,28.0,280.13,3.490000000000009,55.0,74.0,2.497172400932459,278.38,281.87,129,-19.0,-3.0,-0.15
07:40:36,279.0,38.0,281.92,52.0,273.0,117.0,283.18,45.0,280.46,2.920000000000016,155.0,97.0,3.1906221963716845,279.0,281.92,252,58.0,123.0,0.23
07:40:37,279.0,22.0,285.55,55.0,276.69,89.0,289.0,11.0,282.27,6.550000000000011,111.0,66.0,3.823248618646373,279.0,285.55,177,45.0,-75.0,0.25
07:40:38,278.43,37.0,287.0,55.0,277.73,88.0,289.0,11.0,282.72,8.569999999999993,125.0,66.0,3.3851336753492673,278.43,287.0,191,59.0,14.0,0.31
07:40:39,278.0,56.0,287.0,40.0,277.0,64.0,289.0,8.0,282.5,9.0,120.0,48.0,1.2219369869128867,278.0,287.0,168,72.0,-23.0,0.43
07:40:40,278.0,68.0,287.0,55.0,277.0,88.0,289.0,11.0,282.5,9.0,156.0,66.0,0.9249864863804074,278.0,287.0,222,90.0,54.0,0.41
07:40:41,278.0,40.0,287.14,57.0,277.0,104.0,290.18,17.0,282.57,9.139999999999986,144.0,74.0,0.16238842319242813,278.0,287.14,218,70.0,-4.0,0.32
07:40:42,278.0,10.0,288.0,15.0,277.0,40.0,289.0,5.0,283.0,10.0,50.0,20.0,0.21123446685407102,278.0,288.0,70,30.0,-148.0,0.43
07:40:43,278.0,12.0,288.0,18.0,277.0,48.0,289.0,6.0,283.0,10.0,60.0,24.0,0.2626404385984801,278.0,288.0,84,36.0,14.0,0.43
07:40:44,277.47,38.0,288.0,39.0,276.9,80.0,289.0,13.0,282.74,10.529999999999973,118.0,52.0,0.23413671217318646,277.47,288.0,170,66.0,86.0,0.39
07:40:45,277.0,47.0,288.0,30.0,276.0,20.0,289.0,10.0,282.5,11.0,67.0,40.0,0.23413671217318646,277.0,288.0,107,27.0,-63.0,0.25
07:40:46,277.0,16.0,288.0,24.0,276.0,16.0,289.0,8.0,282.5,11.0,32.0,32.0,0.2500399967750116,277.0,288.0,64,0.0,-43.0,0.0
07:40:47,277.0,16.0,287.6,20.0,276.0,16.0,288.25,16.0,282.3,10.600000000000023,32.0,36.0,0.2689237809994551,277.0,287.6,68,-4.0,4.0,-0.06
07:40:48,277.0,24.0,286.25,24.0,276.0,24.0,288.25,32.0,281.62,9.25,48.0,56.0,0.4274576002209497,277.0,286.25,104,-8.0,36.0,-0.08
07:40:49,277.0,20.0,285.9,20.0,276.0,20.0,288.0,10.0,281.45,8.899999999999977,40.0,30.0,0.5023743623895306,277.0,285.9,70,10.0,-34.0,0.14
07:40:50,275.96,27.0,284.41,17.0,273.26,68.0,285.55,22.0,280.19,8.450000000000045,95.0,39.0,0.9097087445911715,275.96,284.41,134,56.0,64.0,0.42
07:40:51,279.0,27.0,282.12,16.0,273.0,81.0,283.73,11.0,280.56,3.1200000000000045,108.0,27.0,0.8478973994447105,279.0,282.12,135,81.0,1.0,0.6
07:40:52,275.33,55.0,281.41,34.0,270.96,137.0,282.31,26.0,278.37,6.080000000000041,192.0,60.0,1.3013723525509244,275.33,281.41,252,132.0,117.0,0.52
07:40:53,274.8,15.0,280.52,21.0,273.0,120.0,281.48,23.0,277.66,5.71999999999997,135.0,44.0,1.5778244515733382,274.8,280.52,179,91.0,-73.0,0.51
07:40:54,273.86,28.0,277.45,22.0,272.86,98.0,278.8,15.0,275.66,3.589999999999975,126.0,37.0,1.9929300037836168,273.86,277.45,163,89.0,-16.0,0.55
07:40:56,273.0,20.0,282.0,9.0,266.0,5.0,284.6,15.0,277.5,9.0,25.0,24.0,1.690701038024901,273.0,282.0,49,1.0,-117.0,0.02
07:40:57,275.79,87.0,286.0,45.0,268.15,27.0,287.0,75.0,280.9,10.20999999999998,114.0,120.0,2.503273856368705,275.79,286.0,234,-6.0,169.5,-0.03
07:40:58,278.0,74.0,286.0,27.0,273.0,54.0,287.0,45.0,282.0,8.0,128.0,72.0,3.3233597457964343,278.0,286.0,200,56.0,-34.0,0.28
07:40:59,278.0,36.0,286.0,18.0,273.0,36.0,287.0,30.0,282.0,8.0,72.0,48.0,3.3866650262436386,278.0,286.0,120,24.0,-80.0,0.2
07:41:00,278.0,48.0,286.0,18.0,273.0,36.0,287.0,30.0,282.0,8.0,84.0,48.0,1.9485892332618144,278.0,286.0,132,36.0,12.0,0.27
07:41:01,278.0,54.0,287.14,22.0,273.0,36.0,289.08,25.0,282.57,9.139999999999986,90.0,47.0,0.6080131577401792,278.0,287.14,137,43.0,5.0,0.31
07:41:02,278.92,78.0,291.0,42.0,276.33,108.0,294.0,56.0,284.96,12.079999999999984,186.0,98.0,1.2839704046379616,278.92,291.0,284,88.0,147.0,0.31
07:41:03,281.0,45.0,286.23,31.0,278.0,135.0,290.31,29.0,283.61,5.230000000000018,180.0,60.0,1.2643852261026216,281.0,286.23,240,120.0,-44.0,0.5
07:41:04,281.0,36.0,284.96,46.0,278.0,108.0,286.25,32.0,282.98,3.9599999999999795,144.0,78.0,1.1344734461356136,281.0,284.96,222,66.0,-18.0,0.3
07:41:05,281.0,36.0,283.52,46.0,278.0,108.0,285.11,38.0,282.26,2.519999999999982,144.0,84.0,1.068377274181209,281.0,283.52,228,60.0,6.0,0.26
07:41:06,278.0,90.0,283.0,45.0,277.0,75.0,286.0,45.0,280.5,5.0,165.0,90.0,1.6520048426037839,278.0,283.0,255,75.0,27.0,0.29
07:41:07,277.57,56.0,282.33,24.0,276.08,52.0,284.07,42.0,279.95,4.759999999999991,108.0,66.0,1.5791295070339164,277.57,282.33,174,42.0,-81.0,0.24
07:41:08,277.0,42.0,278.58,19.0,275.25,40.0,280.27,11.0,277.79,1.579999999999984,82.0,30.0,2.0434358321179813,277.0,278.58,112,52.0,-62.0,0.46
07:41:09,277.0,36.0,278.0,45.0,276.0,75.0,286.07,15.0,277.5,1.0,111.0,60.0,1.9807952948203233,277.0,278.0,171,51.0,59.0,0.3
07:41:10,276.3,27.0,279.51,37.0,274.89,27.0,292.25,48.0,277.9,3.2099999999999795,54.0,85.0,1.3880453883001362,276.3,279.51,139,-31.0,-32.0,-0.22
07:41:11,276.0,36.0,291.71,56.0,273.0,36.0,293.0,48.0,283.86,15.70999999999998,72.0,104.0,2.6761072474738565,276.0,291.71,176,-32.0,37.0,-0.18
07:41:12,276.0,18.0,290.33,18.0,273.0,18.0,292.0,36.0,283.17,14.329999999999984,36.0,54.0,3.181309478812598,276.0,290.33,90,-18.0,-86.0,-0.2
07:41:13,276.19,21.0,287.48,21.0,273.27,22.0,288.92,12.0,281.83,11.29000000000002,43.0,33.0,2.971863052023742,276.19,287.48,76,10.0,-14.0,0.13
07:41:14,280.0,16.0,284.81,32.0,276.0,32.0,288.41,34.0,282.41,4.810000000000002,48.0,66.0,2.329040574997587,280.0,284.81,114,-18.0,38.0,-0.16
07:41:15,276.0,7.0,284.0,14.0,273.0,14.0,289.0,23.0,280.0,8.0,21.0,37.0,1.4750355927860124,276.0,284.0,58,-16.0,-56.0,-0.28
07:41:16,276.0,7.0,284.0,14.0,273.0,14.0,289.0,14.0,280.0,8.0,21.0,28.0,1.4339002754671024,276.0,284.0,49,-7.0,-9.0,-0.14
07:41:17,276.0,5.0,284.0,10.0,273.0,10.0,289.0,10.0,280.0,8.0,15.0,20.0,1.1791395167595033,276.0,284.0,35,-5.0,-14.0,-0.14
07:41:18,274.56,25.0,285.42,24.0,270.96,46.0,289.1,31.0,279.99,10.860000000000014,71.0,55.0,1.0789114884842919,274.56,285.42,126,16.0,91.0,0.13
07:41:19,277.89,18.0,288.88,8.0,274.48,21.0,289.97,29.0,283.38,10.990000000000009,39.0,37.0,1.5127061842881393,277.89,288.88,76,2.0,-50.0,0.03
07:41:20,280.0,20.0,288.0,10.0,279.0,20.0,289.88,40.0,284.0,8.0,40.0,50.0,2.0347678000166325,280.0,288.0,90,-10.0,14.0,-0.11
07:41:21,279.77,26.0,287.0,12.0,278.27,41.0,289.21,63.0,283.38,7.230000000000018,67.0,75.0,1.9834565788000815,279.77,287.0,142,-8.0,52.0,-0.06
07:41:22,279.0,42.0,284.69,16.0,274.0,42.0,286.7,44.0,281.84,5.689999999999998,84.0,60.0,1.6227199388636848,279.0,284.69,144,24.0,2.0,0.17
07:41:23,281.0,87.0,282.09,11.0,279.0,33.0,287.08,37.0,281.55,1.089999999999975,120.0,48.0,1.0714942836927053,281.0,282.09,168,72.0,24.0,0.43
07:41:24,281.0,35.0,287.68,38.0,279.0,33.0,289.7,53.0,284.34,6.680000000000007,68.0,91.0,1.263495152339868,281.0,287.68,159,-23.0,-9.0,-0.14
07:41:25,281.0,21.0,288.0,28.0,279.0,21.0,289.14,35.0,284.5,7.0,42.0,63.0,1.3751072685381596,281.0,288.0,105,-21.0,-54.0,-0.2
07:41:26,281.0,30.0,288.0,40.0,279.0,30.0,289.68,41.0,284.5,7.0,60.0,81.0,1.5120449728717598,281.0,288.0,141,-21.0,36.0,-0.15
07:41:27,281.0,30.0,288.0,40.0,279.0,26.0,289.0,30.0,284.5,7.0,56.0,70.0,1.3032344378458502,281.0,288.0,126,-14.0,-15.0,-0.11
07:41:28,281.0,18.0,288.0,24.0,279.0,12.0,289.0,18.0,284.5,7.0,30.0,42.0,0.07155417519682229,281.0,288.0,72,-12.0,-54.0,-0.17
07:41:29,280.64,11.0,288.0,32.0,278.48,29.0,289.0,24.0,284.32,7.360000000000014,40.0,56.0,0.0804984471160187,280.64,288.0,96,-16.0,24.0,-0.17
07:41:30,278.21,42.0,288.0,24.0,276.0,15.0,289.0,18.0,283.11,9.79000000000002,57.0,42.0,0.6065311203785994,278.21,288.0,99,15.0,3.0,0.15
07:41:31,278.0,104.0,287.46,28.0,274.0,24.0,288.43,28.0,282.73,9.45999999999998,128.0,56.0,0.8465045776528567,278.0,287.46,184,72.0,85.0,0.39
07:41:32,278.12,83.0,284.91,33.0,277.13,83.0,289.41,34.0,281.51,6.7900000000000205,166.0,67.0,1.2271633957979924,278.12,284.91,233,99.0,49.0,0.42
07:41:33,280.0,9.0,282.79,28.0,278.0,117.0,285.06,32.0,281.39,2.7900000000000205,126.0,60.0,1.213144673971591,280.0,282.79,186,66.0,-47.0,0.35
07:41:34,280.0,11.0,281.73,33.0,278.0,143.0,283.0,44.0,280.86,1.7300000000000182,154.0,77.0,0.9545679650945195,280.0,281.73,231,77.0,45.0,0.33
07:41:35,278.02,131.0,280.0,40.0,275.21,43.0,281.22,37.0,279.01,1.9800000000000182,174.0,77.0,1.354141794637317,278.02,280.0,251,97.0,20.0,0.39
07:41:36,278.0,92.0,282.24,34.0,274.0,30.0,288.43,47.0,280.12,4.240000000000009,122.0,81.0,1.033910054106663,278.0,282.24,203,41.0,-48.0,0.2
07:41:37,278.01,89.0,289.19,54.0,276.4,35.0,290.1,61.0,283.6,11.180000000000007,124.0,115.0,1.707785115283369,278.01,289.19,239,9.0,36.0,0.04
07:41:38,279.0,9.0,289.0,41.0,278.0,90.0,290.07,43.0,284.0,10.0,99.0,84.0,2.1893195289824927,279.0,289.0,183,15.0,-56.0,0.08
07:41:39,279.0,5.0,289.0,45.0,278.0,50.0,291.0,15.0,284.0,10.0,55.0,60.0,2.3941553834254337,279.0,289.0,115,-5.0,-68.0,-0.04
07:41:40,279.0,14.0,288.63,60.0,278.0,140.0,289.03,61.0,283.82,9.629999999999995,154.0,121.0,1.6784278357994076,279.0,288.63,275,33.0,160.0,0.12
07:41:41,279.0,11.0,285.05,38.0,278.0,110.0,286.94,17.0,282.03,6.050000000000011,121.0,55.0,0.8325863318520549,279.0,285.05,176,66.0,-99.0,0.38
07:41:42,278.03,66.0,282.69,26.0,277.36,56.0,282.73,44.0,280.36,4.660000000000025,122.0,70.0,1.616947741884663,278.03,282.69,192,52.0,16.0,0.27
07:41:43,277.46,52.0,279.19,27.0,275.83,36.0,285.81,118.0,278.32,1.7300000000000182,88.0,145.0,2.403805316572921,277.46,279.19,233,-57.0,41.0,-0.24
07:41:44,277.0,19.0,287.36,94.0,276.0,30.0,288.67,75.0,282.18,10.360000000000014,49.0,169.0,2.0864371545732427,277.0,287.36,218,-120.0,-15.0,-0.55
07:41:45,273.47,15.0,287.36,110.0,271.45,29.0,288.35,115.0,280.42,13.889999999999986,44.0,225.0,1.5660842889138227,273.47,287.36,269,-181.0,51.0,-0.67
07:41:46,270.86,21.0,285.38,80.0,268.83,24.0,287.0,80.0,278.12,14.519999999999982,45.0,160.0,1.6839833728340607,270.86,285.38,205,-115.0,-64.0,-0.56
07:41:47,272.18,173.0,284.0,150.0,271.52,77.0,286.13,78.0,278.09,11.819999999999993,250.0,228.0,1.8225202330786214,272.18,284.0,478,22.0,169.5,0.05
07:41:48,274.15,92.0,284.0,195.0,273.38,130.0,286.0,56.0,279.08,9.850000000000023,222.0,251.0,1.7368995365251199,274.15,284.0,473,-29.0,-5.0,-0.06
07:41:49,280.28,58.0,283.0,155.0,276.18,44.0,284.91,119.0,281.64,2.7200000000000273,102.0,274.0,1.5403246411003775,280.28,283.0,376,-172.0,-97.0,-0.46
07:41:50,280.0,33.0,282.92,98.0,276.29,14.0,285.08,65.0,281.46,2.920000000000016,47.0,163.0,1.755824592600651,280.0,282.92,210,-116.0,-166.0,-0.55
07:41:51,279.71,21.0,281.5,40.0,273.8,40.0,285.85,68.0,280.61,1.7900000000000205,61.0,108.0,1.5437713561217168,279.71,281.5,169,-47.0,-41.0,-0.28
07:41:52,278.0,11.0,281.7,40.0,273.0,176.0,287.45,112.0,279.85,3.6999999999999886,187.0,152.0,1.0803101406458735,278.0,281.7,339,35.0,169.5,0.1
07:41:53,273.76,66.0,279.2,40.0,272.96,211.0,281.0,54.0,276.48,5.439999999999998,277.0,94.0,2.0979680645762118,273.76,279.2,371,183.0,32.0,0.49
07:41:54,274.0,32.0,278.0,64.0,273.0,256.0,279.0,16.0,276.0,4.0,288.0,80.0,2.4821663924846646,274.0,278.0,368,208.0,-3.0,0.57
07:41:55,274.0,28.0,277.03,35.0,273.0,224.0,277.4,35.0,275.51,3.0299999999999727,252.0,70.0,2.3592689545660184,274.0,277.03,322,182.0,-46.0,0.57
07:41:57,273.0,134.0,282.65,52.0,267.0,120.0,284.83,60.0,277.83,9.649999999999977,254.0,112.0,1.4652747182616928,273.0,282.65,366,142.0,-26.0,0.39
07:41:58,274.45,58.0,282.87,46.0,270.95,117.0,285.91,55.0,278.66,8.420000000000016,175.0,101.0,1.92389448774548,274.45,282.87,276,74.0,-90.0,0.27
07:41:59,279.0,26.0,281.23,26.0,273.0,143.0,284.08,63.0,280.12,2.230000000000018,169.0,89.0,2.5200257935145074,279.0,281.23,258,80.0,-18.0,0.31
07:42:00,279.0,22.0,281.0,22.0,273.73,121.0,287.0,79.0,280.0,2.0,143.0,101.0,2.5729224628774787,279.0,281.0,244,42.0,-14.0,0.17
07:42:01,274.0,80.0,281.0,20.0,273.0,110.0,287.0,84.0,277.5,7.0,190.0,104.0,1.2073193446559471,274.0,281.0,294,86.0,50.0,0.29
07:42:02,275.0,48.0,280.0,28.0,273.9,115.0,287.0,148.0,277.5,5.0,163.0,176.0,1.2818268213687773,275.0,280.0,339,-13.0,45.0,-0.04
07:42:03,275.47,30.0,277.33,15.0,267.74,269.0,279.0,30.0,276.4,1.8599999999999568,299.0,45.0,1.6652567369567577,275.47,277.33,344,254.0,5.0,0.74
07:42:04,274.75,24.0,277.0,17.0,266.47,225.0,283.29,56.0,275.88,2.25,249.0,73.0,1.5870349712526313,274.75,277.0,322,176.0,-22.0,0.55
07:42:05,273.0,15.0,277.0,15.0,266.0,213.0,285.0,75.0,275.0,4.0,228.0,90.0,1.0764199923717461,273.0,277.0,318,138.0,-4.0,0.43
07:42:06,273.0,11.0,276.45,11.0,267.48,91.0,284.91,55.0,274.73,3.4499999999999886,102.0,66.0,1.1168348132006247,273.0,276.45,168,36.0,-150.0,0.21
07:42:08,266.0,276.0,281.0,20.0,265.0,12.0,283.96,52.0,273.5,15.0,288.0,72.0,0.9529847847553673,266.0,281.0,360,216.0,38.0,0.6
07:42:09,266.0,391.0,278.24,63.0,265.0,17.0,281.16,97.0,272.12,12.240000000000009,408.0,160.0,1.141481493487424,266.0,278.24,568,248.0,169.5,0.44
07:42:11,267.69,26.0,278.04,56.0,266.0,145.0,279.86,105.0,272.86,10.350000000000023,171.0,161.0,2.811070970283701,267.69,278.04,332,10.0,-44.0,0.03
07:42:12,268.47,30.0,279.0,60.0,266.27,73.0,280.0,108.0,273.73,10.529999999999973,103.0,168.0,2.7955643437366513,268.47,279.0,271,-65.0,-61.0,-0.24
07:42:13,270.0,22.0,279.5,78.0,265.0,99.0,280.47,32.0,274.75,9.5,121.0,110.0,3.0280241082217394,270.0,279.5,231,11.0,-40.0,0.05
07:42:17,265.93,84.0,277.0,40.0,264.76,58.0,281.03,35.0,271.46,11.069999999999993,142.0,75.0,1.833616644768531,265.93,277.0,217,67.0,-170.5,0.31
07:42:18,268.83,116.0,277.0,56.0,267.3,108.0,281.0,84.0,272.91,8.170000000000016,224.0,140.0,1.297717226506513,268.83,277.0,364,84.0,147.0,0.23
07:42:19,271.09,85.0,276.4,40.0,269.29,63.0,279.0,56.0,273.75,5.310000000000002,148.0,96.0,1.5535861739768717,271.09,276.4,244,52.0,-120.0,0.21
07:42:20,272.65,69.0,276.82,65.0,270.8,90.0,279.67,72.0,274.73,4.170000000000016,159.0,137.0,1.9728456604541447,272.65,276.82,296,22.0,52.0,0.07
07:42:21,279.0,68.0,280.72,18.0,274.93,42.0,282.78,63.0,279.86,1.7200000000000273,110.0,81.0,3.205693372731644,279.0,280.72,191,29.0,-105.0,0.15
07:42:22,279.0,29.0,280.55,11.0,276.0,33.0,282.0,44.0,279.77,1.5500000000000114,62.0,55.0,3.3588658800222713,279.0,280.55,117,7.0,-74.0,0.06
07:42:23,276.41,17.0,280.0,11.0,269.6,45.0,282.0,44.0,278.21,3.589999999999975,62.0,55.0,2.8584751179570054,276.41,280.0,117,7.0,0.0,0.06
07:42:24,279.04,121.0,281.94,70.0,269.4,97.0,283.83,93.0,280.49,2.8999999999999773,218.0,163.0,2.326847652937596,279.04,281.94,381,55.0,169.5,0.14
07:42:25,280.0,109.0,282.0,44.0,278.0,60.0,284.0,55.0,281.0,2.0,169.0,99.0,1.052012357333784,280.0,282.0,268,70.0,-113.0,0.26
07:42:26,280.0,49.0,282.0,28.0,278.0,42.0,284.0,35.0,281.0,2.0,91.0,63.0,1.1675744087565965,280.0,282.0,154,28.0,-114.0,0.18
07:42:27,280.0,21.0,282.0,12.0,278.0,18.0,284.0,15.0,281.0,2.0,39.0,27.0,1.2110119735096232,280.0,282.0,66,12.0,-88.0,0.18
07:42:28,280.0,82.0,281.87,31.0,278.0,72.0,289.02,82.0,280.94,1.8700000000000045,154.0,113.0,0.22289010741720894,280.0,281.87,267,41.0,169.5,0.15
07:42:29,280.0,45.0,284.0,81.0,278.0,54.0,495.16,19.0,282.0,4.0,99.0,100.0,0.4546647116116768,280.0,284.0,199,-1.0,-68.0,-0.01
07:42:30,280.0,60.0,284.0,73.0,278.0,72.0,568.82,44.0,282.0,4.0,132.0,117.0,0.5592137337237411,280.0,284.0,249,15.0,50.0,0.06
07:42:31,280.72,88.0,284.0,48.0,279.08,65.0,299.09,43.0,282.36,3.2799999999999727,153.0,91.0,0.6471475874834698,280.72,284.0,244,62.0,-5.0,0.25
07:42:32,281.0,42.0,283.78,27.0,280.0,35.0,284.86,28.0,282.39,2.7799999999999727,77.0,55.0,0.5886594940932204,281.0,283.78,132,22.0,-112.0,0.17
07:42:33,281.0,40.0,284.9,40.0,280.0,50.0,287.7,40.0,282.95,3.8999999999999773,90.0,80.0,0.3892942331793166,281.0,284.9,170,10.0,38.0,0.06
07:42:34,281.0,22.0,284.14,58.0,280.0,55.0,287.18,44.0,282.57,3.1399999999999864,77.0,102.0,0.3458757001971055,281.0,284.14,179,-25.0,9.0,-0.14
07:42:35,280.64,28.0,283.19,43.0,279.58,57.0,284.4,53.0,281.91,2.5500000000000114,85.0,96.0,0.3764040382179902,280.64,283.19,181,-11.0,2.0,-0.06
07:42:36,279.61,41.0,281.39,31.0,277.91,68.0,284.24,34.0,280.5,1.7799999999999727,109.0,65.0,0.9509363806198317,279.61,281.39,174,44.0,-7.0,0.25
07:42:37,278.25,107.0,284.0,52.0,277.29,84.0,397.0,40.0,281.13,5.75,191.0,92.0,1.0081765718295777,278.25,284.0,283,99.0,109.0,0.35
07:42:38,279.0,70.0,286.7,40.0,278.0,80.0,289.0,40.0,282.85,7.699999999999989,150.0,80.0,0.9805712620641336,279.0,286.7,230,70.0,-53.0,0.3
07:42:39,279.0,50.0,287.0,40.0,278.0,80.0,289.0,40.0,283.0,8.0,130.0,80.0,1.0797082939322826,279.0,287.0,210,50.0,-20.0,0.24
07:42:40,279.0,45.0,286.53,30.0,278.0,72.0,288.56,36.0,282.77,7.529999999999973,117.0,66.0,1.1521501638182365,279.0,286.53,183,51.0,-27.0,0.28
07:42:41,279.0,20.0,280.0,6.0,278.0,48.0,287.0,24.0,279.5,1.0,68.0,30.0,1.5173826148951761,279.0,280.0,98,38.0,-85.0,0.39
07:42:42,279.0,24.0,280.0,8.0,278.0,64.0,287.0,32.0,279.5,1.0,88.0,40.0,1.8494945255354645,279.0,280.0,128,48.0,30.0,0.38
07:42:43,279.0,33.0,280.0,11.0,278.0,88.0,287.82,44.0,279.5,1.0,121.0,55.0,1.8558232674435131,279.0,280.0,176,66.0,48.0,0.38
07:42:44,279.0,36.0,280.0,12.0,278.0,96.0,288.0,48.0,279.5,1.0,132.0,60.0,1.4623884572793122,279.0,280.0,192,72.0,16.0,0.38
07:42:45,278.26,57.0,280.0,12.0,277.49,82.0,288.0,88.0,279.13,1.740000000000009,139.0,100.0,0.16546903028295445,278.26,280.0,239,39.0,47.0,0.16
07:42:46,278.0,54.0,279.22,9.0,276.83,29.0,285.57,23.0,278.61,1.2200000000000273,83.0,32.0,0.3909859332284779,278.0,279.22,115,51.0,-124.0,0.44
07:42:47,278.63,38.0,287.19,21.0,277.69,29.0,322.38,24.0,282.91,8.560000000000002,67.0,45.0,1.705329880106321,278.63,287.19,112,22.0,-3.0,0.2
07:42:48,281.0,20.0,285.9,20.0,278.67,45.0,289.3,40.0,283.45,4.899999999999977,65.0,60.0,2.2758295190950646,281.0,285.9,125,5.0,13.0,0.04
07:42:49,280.4,20.0,284.0,16.0,278.67,36.0,285.0,16.0,282.2,3.6000000000000227,56.0,32.0,2.233920320867605,280.4,284.0,88,24.0,-37.0,0.27
07:42:50,280.0,39.0,282.08,26.0,278.13,76.0,283.23,26.0,281.04,2.079999999999984,115.0,52.0,1.9198619742017295,280.0,282.08,167,63.0,79.0,0.38
07:42:51,280.0,29.0,281.38,26.0,279.0,65.0,285.89,36.0,280.69,1.3799999999999955,94.0,62.0,1.1823155247168065,280.0,281.38,156,32.0,-11.0,0.21
07:42:52,280.0,9.0,282.0,18.0,279.0,45.0,289.0,36.0,281.0,2.0,54.0,54.0,1.1462242363454969,280.0,282.0,108,0.0,-48.0,0.0
07:42:53,279.02,51.0,282.0,22.0,278.08,65.0,289.0,44.0,280.51,2.980000000000018,116.0,66.0,0.6593709122982115,279.02,282.0,182,50.0,74.0,0.27
07:42:54,279.0,52.0,281.09,22.0,278.0,66.0,289.0,44.0,280.05,2.089999999999975,118.0,66.0,0.40480859672731356,279.0,281.09,184,52.0,2.0,0.28
07:42:55,278.4,25.0,280.88,16.0,277.91,33.0,289.0,32.0,279.64,2.480000000000018,58.0,48.0,0.5370940327204305,278.4,280.88,106,10.0,-78.0,0.09
07:42:56,278.0,50.0,279.6,20.0,277.0,10.0,289.0,40.0,278.8,1.6000000000000227,60.0,60.0,0.8414570696020649,278.0,279.6,120,0.0,14.0,0.0
07:42:57,278.0,44.0,287.91,44.0,277.0,12.0,298.53,30.0,282.95,9.910000000000025,56.0,74.0,1.5631858494702107,278.0,287.91,130,-18.0,10.0,-0.14
07:42:58,278.0,21.0,290.0,42.0,277.0,7.0,387.5,12.0,284.0,12.0,28.0,54.0,2.2558745532464735,278.0,290.0,82,-26.0,-48.0,-0.32
07:42:59,278.0,18.0,290.0,36.0,277.0,6.0,381.0,12.0,284.0,12.0,24.0,48.0,2.481817882115086,278.0,290.0,72,-24.0,-10.0,-0.33
07:43:00,278.0,34.0,287.44,32.0,277.0,12.0,293.64,45.0,282.72,9.439999999999998,46.0,77.0,2.147132972125197,278.0,287.44,123,-31.0,51.0,-0.25
07:43:01,278.0,14.0,287.62,32.0,277.0,14.0,288.83,48.0,282.81,9.620000000000005,28.0,80.0,0.6478657268203984,278.0,287.62,108,-52.0,-15.0,-0.48
07:43:02,277.87,15.0,286.9,40.0,276.85,13.0,288.86,43.0,282.38,9.029999999999973,28.0,83.0,0.7637538870528469,277.87,286.9,111,-55.0,3.0,-0.5
07:43:03,277.76,29.0,286.0,60.0,276.53,15.0,287.0,45.0,281.88,8.240000000000009,44.0,105.0,0.7842958625337988,277.76,286.0,149,-61.0,38.0,-0.41
07:43:04,278.0,18.0,284.65,34.0,277.0,9.0,285.9,29.0,281.32,6.649999999999977,27.0,63.0,0.6223503836158338,278.0,284.65,90,-36.0,-59.0,-0.4
07:43:05,278.94,96.0,283.0,72.0,277.91,33.0,285.0,54.0,280.97,4.060000000000002,129.0,126.0,0.7510459373341791,278.94,283.0,255,3.0,165.0,0.01
07:43:06,279.0,72.0,282.17,48.0,278.0,24.0,285.0,36.0,280.58,3.170000000000016,96.0,84.0,0.7160865869330449,279.0,282.17,180,12.0,-75.0,0.07
07:43:07,278.88,50.0,280.1,40.0,277.87,23.0,281.27,45.0,279.49,1.2200000000000273,73.0,85.0,0.8970340015765451,278.88,280.1,158,-12.0,-22.0,-0.08
07:43:08,277.6,20.0,279.92,37.0,276.43,14.0,283.83,24.0,278.76,2.319999999999993,34.0,61.0,1.0684708699741985,277.6,279.92,95,-27.0,-63.0,-0.28
07:43:09,275.23,13.0,279.42,31.0,272.08,13.0,282.21,28.0,277.33,4.189999999999998,26.0,59.0,1.4625764937199572,275.23,279.42,85,-33.0,-10.0,-0.39
07:43:10,273.0,8.0,282.0,24.0,267.0,8.0,284.5,16.0,277.5,9.0,16.0,40.0,1.3669198952319785,273.0,282.0,56,-24.0,-29.0,-0.43
07:43:11,273.0,8.0,282.0,24.0,268.67,24.0,285.0,16.0,277.5,9.0,32.0,40.0,0.9590776819319786,273.0,282.0,72,-8.0,16.0,-0.11
07:43:12,274.0,74.0,282.0,39.0,273.0,13.0,285.0,26.0,278.0,8.0,87.0,65.0,0.5832838074038478,274.0,282.0,152,22.0,80.0,0.14
07:43:13,274.17,24.0,282.0,18.0,273.0,6.0,285.0,12.0,278.08,7.829999999999984,30.0,30.0,0.3352909184265412,274.17,282.0,60,0.0,-92.0,0.0
07:43:14,275.21,66.0,282.0,54.0,273.0,18.0,285.0,36.0,278.61,6.7900000000000205,84.0,90.0,0.46348678511876784,275.21,282.0,174,-6.0,114.0,-0.03
07:43:15,277.4,25.0,282.0,48.0,275.81,16.0,285.0,32.0,279.7,4.600000000000023,41.0,80.0,0.837269371218378,277.4,282.0,121,-39.0,-53.0,-0.32
07:43:16,277.7,10.0,282.0,30.0,276.7,10.0,285.0,20.0,279.85,4.300000000000011,20.0,50.0,0.8796988120835475,277.7,282.0,70,-30.0,-51.0,-0.43
07:43:17,278.0,10.0,282.0,30.0,277.0,10.0,285.0,20.0,280.0,4.0,20.0,50.0,0.851980046704079,278.0,282.0,70,-30.0,0.0,-0.43
07:43:18,278.0,15.0,282.0,45.0,277.0,15.0,285.0,30.0,280.0,4.0,30.0,75.0,0.5846965024544991,278.0,282.0,105,-45.0,35.0,-0.43
07:43:19,278.0,12.0,282.0,36.0,277.0,12.0,285.0,24.0,280.0,4.0,24.0,60.0,0.13416407858666363,278.0,282.0,84,-36.0,-21.0,-0.43
07:43:20,278.0,13.0,280.2,40.0,277.0,13.0,282.0,39.0,279.1,2.1999999999999886,26.0,79.0,0.39115214429015366,278.0,280.2,105,-53.0,21.0,-0.5
07:43:21,277.4,10.0,279.7,10.0,276.4,10.0,282.09,22.0,278.55,2.3000000000000114,20.0,32.0,0.6723094525456917,277.4,279.7,52,-12.0,-53.0,-0.23
07:43:22,280.2,20.0,283.55,22.0,276.67,12.0,284.88,34.0,281.87,3.3500000000000227,32.0,56.0,1.2612810947536592,280.2,283.55,88,-24.0,36.0,-0.27
07:43:23,279.64,22.0,284.0,28.0,272.5,16.0,285.0,42.0,281.82,4.360000000000014,38.0,70.0,1.5299248347496155,279.64,284.0,108,-32.0,20.0,-0.3
07:43:24,276.0,9.0,284.11,27.0,273.0,18.0,285.23,31.0,280.06,8.110000000000014,27.0,58.0,1.5275306870841119,276.0,284.11,85,-31.0,-23.0,-0.36
07:43:25,276.0,10.0,283.5,40.0,273.0,20.0,285.0,30.0,279.75,7.5,30.0,70.0,1.4263064186856556,276.0,283.5,100,-40.0,15.0,-0.4
07:43:26,276.0,11.0,282.0,44.0,273.0,22.0,285.43,47.0,279.0,6.0,33.0,91.0,1.2869926184652587,276.0,282.0,124,-58.0,24.0,-0.47
07:43:27,276.0,12.0,280.68,53.0,273.0,24.0,284.28,58.0,278.34,4.680000000000007,36.0,111.0,1.315477099756114,276.0,280.68,147,-75.0,23.0,-0.51
07:43:28,276.0,14.0,279.57,70.0,273.0,28.0,281.0,56.0,277.79,3.569999999999993,42.0,126.0,0.9467153743238963,276.0,279.57,168,-84.0,21.0,-0.5
07:43:29,276.0,15.0,277.93,75.0,273.0,30.0,281.0,125.0,276.97,1.9300000000000068,45.0,200.0,1.0722173287072276,276.0,277.93,245,-155.0,77.0,-0.63
07:43:30,276.91,79.0,279.81,84.0,274.17,23.0,281.42,78.0,278.36,2.8999999999999773,102.0,162.0,0.7595854132219446,276.91,279.81,264,-60.0,19.0,-0.23
07:43:31,277.0,144.0,279.97,70.0,276.0,18.0,283.8,56.0,278.49,2.9700000000000273,162.0,126.0,0.630436356803259,277.0,279.97,288,36.0,24.0,0.12
07:43:32,276.86,63.0,279.48,63.0,274.0,27.0,283.9,73.0,278.17,2.6200000000000045,90.0,136.0,0.611130100698129,276.86,279.48,226,-46.0,-62.0,-0.2
07:43:33,276.0,11.0,279.55,44.0,273.0,22.0,286.0,17.0,277.77,3.5500000000000114,33.0,61.0,0.6125520385888045,276.0,279.55,94,-28.0,-132.0,-0.3
07:43:34,274.92,13.0,278.69,51.0,272.4,25.0,284.88,51.0,276.8,3.769999999999982,38.0,102.0,0.6815203591817505,274.92,278.69,140,-64.0,46.0,-0.46
07:43:35,273.93,84.0,277.52,56.0,272.0,30.0,284.0,36.0,275.72,3.589999999999975,114.0,92.0,1.1291368384646991,273.93,277.52,206,22.0,66.0,0.11
07:43:36,275.0,91.0,276.62,39.0,273.0,26.0,283.38,26.0,275.81,1.6200000000000045,117.0,65.0,1.1123983099487764,275.0,276.62,182,52.0,-24.0,0.29
07:43:37,275.37,90.0,282.07,28.0,272.33,42.0,285.98,49.0,278.72,6.699999999999989,132.0,77.0,1.2883438981798077,275.37,282.07,209,55.0,27.0,0.26
07:43:38,277.0,30.0,282.0,20.0,273.0,40.0,286.75,32.0,279.5,5.0,70.0,52.0,1.7191858538208995,277.0,282.0,122,18.0,-87.0,0.15
07:43:39,280.84,146.0,282.0,24.0,276.16,38.0,286.0,60.0,281.42,1.160000000000025,184.0,84.0,2.4589387954928705,280.84,282.0,268,100.0,146.0,0.37
07:43:40,281.0,126.0,282.0,18.0,277.0,27.0,286.0,45.0,281.5,1.0,153.0,63.0,2.33722057152988,281.0,282.0,216,90.0,-52.0,0.42
07:43:41,281.0,111.0,282.0,26.0,278.85,39.0,286.0,65.0,281.5,1.0,150.0,91.0,1.3239033197272707,281.0,282.0,241,59.0,25.0,0.24
07:43:42,280.54,26.0,285.67,49.0,278.91,33.0,287.29,28.0,283.11,5.1299999999999955,59.0,77.0,1.2800703105637528,280.54,285.67,136,-18.0,-105.0,-0.13
07:43:43,280.18,17.0,285.6,50.0,278.16,19.0,287.57,23.0,282.89,5.420000000000016,36.0,73.0,0.8404344114731567,280.18,285.6,109,-37.0,-27.0,-0.34
07:43:44,281.0,15.0,282.0,75.0,280.0,30.0,286.0,75.0,281.5,1.0,45.0,150.0,0.8252575355537594,281.0,282.0,195,-105.0,86.0,-0.54
07:43:45,280.67,6.0,282.0,25.0,279.78,9.0,286.0,25.0,281.33,1.329999999999984,15.0,50.0,0.8589703137991344,280.67,282.0,65,-35.0,-130.0,-0.54
07:43:46,279.12,17.0,281.49,47.0,277.09,11.0,284.61,49.0,280.3,2.3700000000000045,28.0,96.0,1.1685161530708985,279.12,281.49,124,-68.0,59.0,-0.55
07:43:47,275.0,24.0,278.4,45.0,272.25,24.0,279.4,45.0,276.7,3.3999999999999773,48.0,90.0,2.338339154182842,275.0,278.4,138,-42.0,14.0,-0.3
07:43:48,270.82,45.0,279.04,47.0,264.8,30.0,283.16,62.0,274.93,8.220000000000027,75.0,109.0,2.9669967981075853,270.82,279.04,184,-34.0,46.0,-0.18
07:43:49,263.09,32.0,284.46,37.0,261.0,17.0,285.55,53.0,273.78,21.370000000000005,49.0,90.0,3.2996166443962887,263.09,284.46,139,-41.0,-45.0,-0.29
07:43:50,264.0,9.0,280.9,40.0,263.0,27.0,282.16,32.0,272.45,16.899999999999977,36.0,72.0,3.040504892279053,264.0,280.9,108,-36.0,-31.0,-0.33
07:43:51,264.0,9.0,277.62,40.0,263.0,27.0,279.89,44.0,270.81,13.620000000000005,36.0,84.0,2.2598738902797666,264.0,277.62,120,-48.0,12.0,-0.4
07:43:57,271.6,45.0,276.0,40.0,262.0,40.0,279.0,24.0,273.8,4.399999999999977,85.0,64.0,1.3633671552318116,271.6,276.0,149,21.0,43.0,0.14
07:43:58,258.28,43.0,276.0,11.0,241.93,14.0,279.0,22.0,267.14,17.720000000000027,57.0,33.0,2.7040802502816623,258.28,276.0,90,24.0,-59.0,0.27
07:43:59,261.85,26.0,278.33,18.0,258.96,27.0,280.63,43.0,270.09,16.47999999999996,53.0,61.0,2.8017797914830123,261.85,278.33,114,-8.0,24.0,-0.07
07:44:00,266.91,11.0,279.0,16.0,260.18,22.0,281.0,40.0,272.95,12.089999999999975,33.0,56.0,2.861700543376764,266.91,279.0,89,-23.0,-25.0,-0.26
07:44:01,276.11,18.0,279.0,18.0,260.84,19.0,281.0,57.0,277.56,2.8899999999999864,37.0,75.0,3.9322220181425185,276.11,279.0,112,-38.0,23.0,-0.34
07:44:02,275.35,17.0,279.0,20.0,262.71,21.0,281.0,45.0,277.18,3.6499999999999773,38.0,65.0,4.502080630104974,275.35,279.0,103,-27.0,-9.0,-0.26
07:44:03,273.0,21.0,279.0,14.0,261.9,20.0,281.0,16.0,276.0,6.0,41.0,30.0,3.174859051984897,273.0,279.0,71,11.0,-32.0,0.15
07:44:04,273.0,18.0,279.0,12.0,262.0,18.0,280.5,8.0,276.0,6.0,36.0,20.0,1.8103369851972737,273.0,279.0,56,16.0,-15.0,0.29
07:44:05,276.2,15.0,279.2,15.0,267.23,13.0,280.5,12.0,277.7,3.0,28.0,27.0,0.8326583933254408,276.2,279.2,55,1.0,-1.0,0.02
07:44:06,277.0,12.0,280.0,6.0,273.0,6.0,281.0,12.0,278.5,3.0,18.0,18.0,1.0889811752164256,277.0,280.0,36,0.0,-19.0,0.0
07:44:07,277.0,12.0,280.0,6.0,273.0,6.0,281.0,12.0,278.5,3.0,18.0,18.0,1.2660963628319795,277.0,280.0,36,0.0,0.0,0.0
07:44:08,277.0,28.0,278.86,14.0,273.0,14.0,280.44,18.0,277.93,1.8600000000000136,42.0,32.0,1.0270735124504367,277.0,278.86,74,10.0,38.0,0.14
