Time,Bid1_Price,Bid1_Volume,Ask1_Price,Ask1_Volume,Bid2_Price,Bid2_Volume,Ask2_Price,Ask2_Volume,Mid-Price,Bid_Ask_Spread,Market_Depth_Bid,Market_Depth_Ask,Historical_Volatility,Weighted_Avg_Bid_Price,Weighted_Avg_Ask_Price,Total_volume,Cumulative_Volume_Difference,Total_Volume_Change_Corrected,Order_imbalance
07:30:03,291.0,7.0,350.0,3.0,121.0,1.0,743.0,4.0,320.5,59.0,8.0,7.0,,291.0,350.0,15,1.0,-35.0,0.07
07:30:04,291.0,42.0,350.0,18.0,116.0,6.0,683.33,30.0,320.5,59.0,48.0,48.0,211.76542158718925,291.0,350.0,96,0.0,81.0,0.0
07:30:05,295.34,85.0,350.0,21.0,289.11,71.0,387.0,35.0,322.67,54.660000000000025,156.0,56.0,107.59943982196191,295.34,350.0,212,100.0,116.0,0.47
07:30:06,320.59,44.0,348.61,23.0,302.19,32.0,349.79,19.0,334.6,28.02000000000004,76.0,42.0,86.40492723218972,320.59,348.61,118,34.0,-94.0,0.29
07:30:07,321.0,120.0,343.59,37.0,320.0,10.0,345.39,33.0,332.3,22.589999999999975,130.0,70.0,6.803931216583406,321.0,343.59,200,60.0,82.0,0.3
07:30:08,321.87,46.0,338.41,27.0,320.95,63.0,341.07,29.0,330.14,16.54000000000002,109.0,56.0,6.14979024032513,321.87,338.4100000000001,165,53.0,-35.0,0.32
07:30:09,325.0,14.0,336.29,28.0,321.0,84.0,339.0,21.0,330.64,11.29000000000002,98.0,49.0,4.488418429691954,325.0,336.29,147,49.0,-18.0,0.33
07:30:10,325.0,16.0,335.75,32.0,321.0,96.0,339.0,24.0,330.38,10.75,112.0,56.0,1.8728908136884863,325.0,335.75,168,56.0,21.0,0.33
07:30:11,321.43,37.0,334.8,20.0,320.53,45.0,339.0,15.0,328.12,13.370000000000005,82.0,35.0,1.4915361209164195,321.43,334.8,117,47.0,-51.0,0.4
07:30:12,322.0,8.0,333.35,20.0,321.0,88.0,335.57,28.0,327.68,11.350000000000023,96.0,48.0,1.382215612702358,322.0,333.35,144,48.0,27.0,0.33
07:30:13,322.0,12.0,329.36,39.0,321.0,132.0,332.14,21.0,325.68,7.360000000000014,144.0,60.0,2.0544585661428916,322.0,329.36,204,84.0,60.0,0.41
07:30:14,321.08,49.0,326.76,21.0,320.56,79.0,327.56,18.0,323.92,5.680000000000007,128.0,39.0,2.4621291598934287,321.08,326.76,167,89.0,-37.0,0.53
07:30:15,321.0,71.0,322.71,24.0,320.0,56.0,323.67,12.0,321.85,1.7099999999999795,127.0,36.0,2.6199045784144475,321.0,322.71,163,91.0,-4.0,0.56
07:30:16,321.0,66.0,322.0,36.0,320.0,63.0,323.09,23.0,321.5,1.0,129.0,59.0,2.6059700688988294,321.0,322.0,188,70.0,25.0,0.37
07:30:17,320.22,45.0,332.12,24.0,318.24,102.0,342.34,32.0,326.17,11.899999999999977,147.0,56.0,2.136312243094733,320.22,332.12,203,91.0,15.0,0.45
07:30:18,320.0,63.0,337.0,27.0,317.0,108.0,340.56,27.0,328.5,17.0,171.0,54.0,2.961632995493625,320.0,337.0,225,117.0,22.0,0.52
07:30:19,320.0,84.0,337.0,36.0,317.0,144.0,339.0,36.0,328.5,17.0,228.0,72.0,3.4488882266604044,320.0,337.0,300,156.0,75.0,0.52
07:30:20,320.1,84.0,337.0,42.0,317.13,163.0,339.0,42.0,328.55,16.899999999999977,247.0,84.0,3.049906555945125,320.1,337.0,331,163.0,31.0,0.49
07:30:21,320.0,48.0,331.64,28.0,317.0,96.0,338.5,24.0,325.82,11.639999999999986,144.0,52.0,1.3868561569237003,320.0,331.64,196,92.0,-135.0,0.47
07:30:22,320.78,64.0,327.6,75.0,317.33,135.0,337.0,45.0,324.19,6.82000000000005,199.0,120.0,2.0080014940226407,320.78,327.6,319,79.0,123.0,0.25
07:30:23,321.58,19.0,337.0,36.0,317.23,117.0,339.0,36.0,329.29,15.420000000000016,136.0,72.0,2.169135772605574,321.58,337.0,208,64.0,-111.0,0.31
07:30:24,320.95,65.0,337.0,39.0,317.65,46.0,339.0,39.0,328.98,16.05000000000001,111.0,78.0,2.24642605041813,320.95,337.0,189,33.0,-19.0,0.17
07:30:25,321.2,100.0,335.3,60.0,320.56,36.0,337.2,60.0,328.25,14.100000000000023,136.0,120.0,2.210617560772824,321.2,335.3,256,16.0,67.0,0.06
07:30:26,321.57,105.0,334.52,63.0,320.0,21.0,337.0,63.0,328.05,12.949999999999989,126.0,126.0,2.0553637147709867,321.57,334.52,252,0.0,-4.0,0.0
07:30:27,322.0,65.0,333.0,39.0,320.0,13.0,338.11,54.0,327.5,11.0,78.0,93.0,0.7215469492674469,322.0,333.0,171,-15.0,-81.0,-0.09
07:30:28,322.0,59.0,332.92,39.0,320.0,112.0,339.0,78.0,327.46,10.920000000000016,171.0,117.0,0.6235944194724624,322.0,332.92,288,54.0,117.0,0.19
07:30:29,322.0,52.0,331.38,39.0,320.0,130.0,337.0,39.0,326.69,9.379999999999995,182.0,78.0,0.6087281823583003,322.0,331.38,260,104.0,-28.0,0.4
07:30:30,322.0,40.0,331.0,30.0,320.0,100.0,335.8,30.0,326.5,9.0,140.0,60.0,0.636828077268336,322.0,331.0,200,80.0,-60.0,0.4
07:30:31,323.33,54.0,330.0,45.0,320.42,114.0,335.0,45.0,326.67,6.670000000000016,168.0,90.0,0.4770010482140701,323.33,330.0,258,78.0,58.0,0.3
07:30:32,326.0,42.0,328.69,26.0,322.0,56.0,331.57,42.0,327.35,2.6899999999999977,98.0,68.0,0.4379840179702155,326.0,328.69,166,30.0,-92.0,0.18
07:30:33,326.0,33.0,328.1,20.0,322.0,56.0,330.93,42.0,327.05,2.1000000000000227,89.0,62.0,0.34295772333823366,326.0,328.1,151,27.0,-15.0,0.18
07:30:34,322.39,31.0,327.02,46.0,320.29,82.0,328.92,26.0,324.7,4.6299999999999955,113.0,72.0,1.0348091611487473,322.39,327.02,185,41.0,34.0,0.22
07:30:35,322.0,44.0,326.0,45.0,320.0,110.0,327.21,43.0,324.0,4.0,154.0,88.0,1.504436771684798,322.0,326.0,242,66.0,57.0,0.27
07:30:36,320.24,102.0,322.5,36.0,318.34,174.0,333.0,42.0,321.37,2.259999999999991,276.0,78.0,2.446207268404978,320.24,322.5,354,198.0,112.0,0.56
07:30:37,320.0,65.0,321.0,13.0,318.0,112.0,337.0,35.0,320.5,1.0,177.0,48.0,2.6375424167200197,320.0,321.0,225,129.0,-129.0,0.57
07:30:38,320.0,80.0,337.0,50.0,318.0,160.0,340.0,10.0,328.5,17.0,240.0,60.0,3.15174237525806,320.0,337.0,300,180.0,75.0,0.6
07:30:39,320.0,88.0,332.39,41.0,318.0,176.0,337.4,15.0,326.2,12.389999999999986,264.0,56.0,3.323850177128524,320.0,332.39,320,208.0,20.0,0.65
07:30:40,320.0,64.0,331.58,24.0,318.0,128.0,336.62,16.0,325.79,11.579999999999984,192.0,40.0,3.4039344882058686,320.0,331.58,232,152.0,-88.0,0.66
07:30:41,320.0,120.0,335.0,103.0,318.0,240.0,336.0,15.0,327.5,15.0,360.0,118.0,3.0975022195306745,320.0,335.0,478,242.0,185.5,0.51
07:30:42,320.0,72.0,335.0,63.0,318.3,46.0,336.0,9.0,327.5,15.0,118.0,72.0,1.0961386773568256,320.0,335.0,190,46.0,-186.5,0.24
07:30:43,320.27,55.0,334.85,66.0,318.67,120.0,335.36,22.0,327.56,14.580000000000041,175.0,88.0,0.8481155581626532,320.27,334.85,263,87.0,73.0,0.33
07:30:44,321.0,27.0,333.86,145.0,320.0,168.0,334.82,92.0,327.43,12.860000000000014,195.0,237.0,0.7650032679652795,321.0,333.86,432,-42.0,169.0,-0.1
07:30:45,321.0,16.0,331.06,62.0,320.0,128.0,332.61,71.0,326.03,10.060000000000002,144.0,133.0,0.6578981684102725,321.0,331.06,277,11.0,-155.0,0.04
07:30:46,321.0,18.0,327.72,90.0,320.0,144.0,328.57,63.0,324.36,6.720000000000027,162.0,153.0,1.3928495970482913,321.0,327.72,315,9.0,38.0,0.03
07:30:47,321.0,12.0,325.0,60.0,320.0,96.0,328.0,60.0,323.0,4.0,108.0,120.0,1.9776324228727784,321.0,325.0,228,-12.0,-87.0,-0.05
07:30:48,320.13,45.0,323.27,75.0,319.64,75.0,325.8,75.0,321.7,3.1399999999999864,120.0,150.0,2.2932139019284183,320.13,323.27,270,-30.0,42.0,-0.11
07:30:49,319.94,52.0,321.28,71.0,318.8,56.0,323.96,68.0,320.61,1.339999999999975,108.0,139.0,2.140946052565975,319.94,321.28,247,-31.0,-23.0,-0.13
07:30:50,319.93,80.0,328.55,44.0,318.69,70.0,332.5,60.0,324.24,8.620000000000005,150.0,104.0,1.6241674790482452,319.93,328.55,254,46.0,7.0,0.18
07:30:51,321.0,46.0,330.0,26.0,319.0,39.0,332.0,52.0,325.5,9.0,85.0,78.0,1.9486662105137174,321.0,330.0,163,7.0,-91.0,0.04
07:30:52,322.67,9.0,330.0,19.0,319.0,27.0,332.0,36.0,326.33,7.329999999999984,36.0,55.0,2.449169246907571,322.67,330.0,91,-19.0,-72.0,-0.21
07:30:53,323.0,23.0,329.13,45.0,319.0,33.0,330.5,32.0,326.07,6.1299999999999955,56.0,77.0,2.345261179484634,323.0,329.13,133,-21.0,42.0,-0.16
07:30:54,320.23,26.0,328.8,51.0,316.58,38.0,329.64,25.0,324.52,8.569999999999993,64.0,76.0,0.9247540213470609,320.22999999999996,328.8,140,-12.0,7.0,-0.09
07:30:55,319.75,32.0,327.0,52.0,318.65,34.0,328.95,38.0,323.38,7.25,66.0,90.0,1.2135279147994955,319.75,327.0,156,-24.0,16.0,-0.15
07:30:56,321.93,28.0,326.5,56.0,320.0,42.0,329.0,40.0,324.21,4.569999999999993,70.0,96.0,1.2594324118418092,321.93,326.5,166,-26.0,10.0,-0.16
07:30:57,320.94,34.0,323.5,56.0,319.67,36.0,332.11,18.0,322.22,2.5600000000000023,70.0,74.0,1.4247982313288674,320.94,323.5,144,-4.0,-22.0,-0.03
07:30:58,320.0,33.0,321.36,44.0,319.0,22.0,330.82,11.0,320.68,1.3600000000000136,55.0,55.0,1.5739822108264372,320.0,321.36,110,0.0,-34.0,0.0
07:30:59,320.4,15.0,332.33,9.0,318.25,24.0,334.83,23.0,326.37,11.930000000000007,39.0,32.0,2.1368364467122993,320.4,332.33,71,7.0,-39.0,0.1
07:31:00,326.0,14.0,327.9,20.0,322.45,58.0,330.26,23.0,326.95,1.8999999999999773,72.0,43.0,2.670080523129945,326.0,327.9,115,29.0,44.0,0.25
07:31:01,323.35,34.0,327.75,16.0,321.5,32.0,331.46,26.0,325.55,4.399999999999977,66.0,42.0,2.7516413283707344,323.35,327.75,108,24.0,-7.0,0.22
07:31:02,323.0,70.0,326.64,50.0,319.0,28.0,329.45,31.0,324.82,3.6399999999999864,98.0,81.0,2.479784264809712,323.0,326.64,179,17.0,71.0,0.09
07:31:03,323.0,60.0,324.5,32.0,319.0,24.0,325.8,40.0,323.75,1.5,84.0,72.0,1.2635347244922948,323.0,324.5,156,12.0,-23.0,0.08
07:31:04,320.24,29.0,331.0,42.0,318.12,48.0,335.53,51.0,325.62,10.759999999999991,77.0,93.0,1.1739974446300208,320.24,331.0,170,-16.0,14.0,-0.09
07:31:05,319.0,20.0,331.47,19.0,318.0,39.0,332.46,39.0,325.24,12.470000000000027,59.0,58.0,0.7647417864859979,319.0,331.47,117,1.0,-53.0,0.01
07:31:06,319.0,15.0,331.0,15.0,318.0,45.0,332.53,45.0,325.0,12.0,60.0,60.0,0.7021253449333569,319.0,331.0,120,0.0,3.0,0.0
07:31:07,319.0,9.0,331.0,9.0,318.0,27.0,333.0,47.0,325.0,12.0,36.0,56.0,0.7025097864071271,319.0,331.0,92,-20.0,-28.0,-0.22
07:31:08,320.33,18.0,330.67,12.0,318.06,32.0,333.0,96.0,325.5,10.340000000000032,50.0,108.0,0.28376046235832125,320.33,330.67,158,-58.0,66.0,-0.37
07:31:09,319.4,20.0,322.8,20.0,318.18,44.0,331.61,67.0,321.1,3.400000000000034,64.0,87.0,1.8385102664923472,319.4,322.8,151,-23.0,-7.0,-0.15
07:31:10,322.02,50.0,329.51,39.0,321.9,194.0,331.34,85.0,325.77,7.490000000000009,244.0,124.0,1.9150404695456826,322.02,329.51,368,120.0,185.5,0.33
07:31:11,322.04,166.0,328.75,16.0,321.73,112.0,332.0,136.0,325.39,6.7099999999999795,278.0,152.0,1.9494537696487577,322.04,328.75,430,126.0,62.0,0.29
07:31:12,322.0,146.0,327.0,11.0,319.0,11.0,331.0,33.0,324.5,5.0,157.0,44.0,1.933486488185977,322.0,327.0,201,113.0,-186.5,0.56
07:31:13,322.0,143.0,326.0,13.0,319.0,13.0,331.0,39.0,324.0,4.0,156.0,52.0,1.8445514359859152,322.0,326.0,208,104.0,7.0,0.5
07:31:14,322.0,132.0,324.67,12.0,319.0,12.0,331.0,36.0,323.33,2.670000000000016,144.0,48.0,0.9969804411310288,322.0,324.67,192,96.0,-16.0,0.5
07:31:15,322.0,154.0,323.64,14.0,319.25,16.0,331.62,48.0,322.82,1.6399999999999864,170.0,62.0,1.0028808503494866,322.0,323.64,232,108.0,40.0,0.47
07:31:16,322.0,113.0,326.5,24.0,320.0,32.0,330.75,48.0,324.25,4.5,145.0,72.0,0.6913392799470308,322.0,326.5,217,73.0,-15.0,0.34
07:31:17,322.0,132.0,329.36,33.0,320.0,22.0,331.0,33.0,325.68,7.360000000000014,154.0,66.0,1.0868440550500964,322.0,329.36,220,88.0,3.0,0.4
07:31:18,322.0,120.0,329.0,30.0,320.54,13.0,330.0,30.0,325.5,7.0,133.0,60.0,1.2724896856154895,322.0,329.0,193,73.0,-27.0,0.38
07:31:19,322.0,144.0,328.2,45.0,321.0,12.0,330.67,36.0,325.1,6.199999999999989,156.0,81.0,1.1718361660223169,322.0,328.2,237,75.0,44.0,0.32
07:31:20,322.0,144.0,326.85,60.0,321.0,12.0,329.75,36.0,324.43,4.850000000000023,156.0,96.0,0.6343264143940031,322.0,326.85,252,60.0,15.0,0.24
07:31:21,322.0,168.0,330.18,66.0,320.44,25.0,334.14,70.0,326.09,8.180000000000007,193.0,136.0,0.6299603162089066,322.0,330.18,329,57.0,77.0,0.17
07:31:22,322.0,124.0,328.53,34.0,320.82,67.0,331.0,55.0,325.26,6.529999999999973,191.0,89.0,0.6040943634880249,322.0,328.53,280,102.0,-49.0,0.36
07:31:23,322.0,65.0,328.0,22.0,321.0,55.0,331.0,29.0,325.0,6.0,120.0,51.0,0.5991076697873042,322.0,328.0,171,69.0,-109.0,0.4
07:31:24,322.0,84.0,326.44,32.0,321.0,80.0,332.74,23.0,324.22,4.439999999999998,164.0,55.0,0.7397634757122756,322.0,326.44,219,109.0,48.0,0.5
07:31:25,322.0,14.0,325.0,28.0,321.0,70.0,336.0,112.0,323.5,3.0,84.0,140.0,0.9926127140017234,322.0,325.0,224,-56.0,5.0,-0.25
07:31:26,322.0,10.0,325.0,20.0,321.0,50.0,336.0,30.0,323.5,3.0,60.0,50.0,0.8212673133625711,322.0,325.0,110,10.0,-114.0,0.09
07:31:27,322.0,13.0,324.23,26.0,321.0,65.0,336.0,39.0,323.12,2.230000000000018,78.0,65.0,0.7476095237473391,322.0,324.22999999999996,143,13.0,33.0,0.09
07:31:28,322.0,8.0,324.0,16.0,321.0,40.0,334.0,24.0,323.0,2.0,48.0,40.0,0.47636120748615196,322.0,324.0,88,8.0,-55.0,0.09
07:31:29,321.08,53.0,322.96,54.0,319.7,54.0,330.09,43.0,322.02,1.8799999999999955,107.0,97.0,0.6063992084408015,321.08,322.96,204,10.0,116.0,0.05
07:31:30,321.0,48.0,323.0,48.0,318.35,17.0,333.2,30.0,322.0,2.0,65.0,78.0,0.6809698965428683,321.0,323.0,143,-13.0,-61.0,-0.09
07:31:31,320.96,50.0,322.92,52.0,318.92,26.0,332.6,30.0,321.94,1.9600000000000364,76.0,82.0,0.5901525226562905,320.96,322.92,158,-6.0,15.0,-0.04
07:31:32,318.19,54.0,332.0,24.0,317.14,49.0,334.75,40.0,325.09,13.810000000000002,103.0,64.0,1.3482952198971647,318.19,332.0,167,39.0,9.0,0.23
07:31:33,318.5,64.0,329.78,36.0,317.33,72.0,335.35,54.0,324.14,11.279999999999973,136.0,90.0,1.4785533470245618,318.5,329.78,226,46.0,59.0,0.2
07:31:34,322.0,9.0,333.78,18.0,318.0,63.0,337.0,27.0,327.89,11.779999999999973,72.0,45.0,2.467725673570197,322.0,333.78,117,27.0,-109.0,0.23
07:31:35,322.0,14.0,331.71,42.0,318.0,98.0,333.86,28.0,326.86,9.70999999999998,112.0,70.0,2.332044167677262,322.0,331.71,182,42.0,65.0,0.23
07:31:36,322.0,10.0,330.66,29.0,318.0,70.0,331.86,21.0,326.33,8.660000000000025,80.0,50.0,1.47386227307629,322.0,330.66,130,30.0,-52.0,0.23
07:31:37,318.25,32.0,329.6,30.0,316.33,24.0,330.8,30.0,323.93,11.350000000000023,56.0,60.0,1.733536847026212,318.25,329.6,116,-4.0,-14.0,-0.03
07:31:38,318.0,33.0,328.0,51.0,314.0,11.0,333.69,64.0,323.0,10.0,44.0,115.0,2.0563000753775103,318.0,328.0,159,-71.0,43.0,-0.45
07:31:39,318.96,160.0,326.56,50.0,317.82,44.0,328.52,80.0,322.76,7.600000000000023,204.0,130.0,1.9034258588128712,318.96,326.56,334,74.0,175.0,0.22
07:31:40,319.71,231.0,325.71,45.0,318.0,98.0,328.0,63.0,322.71,6.0,329.0,108.0,1.5258538593185818,319.71,325.71,437,221.0,103.0,0.51
07:31:41,320.4,180.0,323.06,18.0,318.0,54.0,327.75,48.0,321.73,2.660000000000025,234.0,66.0,0.7855125715080857,320.4,323.06,300,168.0,-137.0,0.56
07:31:42,319.73,78.0,322.39,18.0,315.88,26.0,327.8,35.0,321.06,2.659999999999968,104.0,53.0,0.8247241963208733,319.73,322.39,157,51.0,-143.0,0.32
07:31:43,319.45,22.0,328.51,35.0,317.8,50.0,331.32,62.0,323.98,9.060000000000002,72.0,97.0,1.1130004492349326,319.45,328.51,169,-25.0,12.0,-0.15
07:31:44,320.97,58.0,328.98,66.0,319.33,18.0,332.47,30.0,324.98,8.009999999999991,76.0,96.0,1.60336209260331,320.97,328.98,172,-20.0,3.0,-0.12
07:31:45,324.87,75.0,328.0,19.0,321.36,33.0,329.84,76.0,326.43,3.1299999999999955,108.0,95.0,2.23605232496857,324.87,328.0,203,13.0,31.0,0.06
07:31:46,326.0,41.0,330.11,9.0,323.0,6.0,333.14,28.0,328.06,4.110000000000014,47.0,37.0,2.642199841041071,326.0,330.11,84,10.0,-119.0,0.12
07:31:47,326.0,14.0,334.0,36.0,323.0,9.0,335.0,69.0,330.0,8.0,23.0,105.0,2.406698984085385,326.0,334.0,128,-82.0,44.0,-0.64
07:31:48,323.68,19.0,334.0,56.0,321.94,17.0,335.0,70.0,328.84,10.319999999999993,36.0,126.0,1.9826295670139047,323.68,334.0,162,-90.0,34.0,-0.56
07:31:49,322.0,18.0,334.0,36.0,321.0,18.0,335.0,36.0,328.0,12.0,36.0,72.0,1.305787118943129,322.0,334.0,108,-36.0,-54.0,-0.33
07:31:50,322.0,20.0,334.0,40.0,321.0,20.0,335.0,40.0,328.0,12.0,40.0,80.0,0.8699425268360165,322.0,334.0,120,-40.0,12.0,-0.33
07:31:51,322.18,11.0,334.0,28.0,320.22,18.0,335.0,28.0,328.09,11.819999999999993,29.0,56.0,0.8655518470882242,322.18,334.0,85,-27.0,-35.0,-0.32
07:31:52,320.93,15.0,334.0,36.0,318.5,24.0,335.0,36.0,327.47,13.069999999999993,39.0,72.0,0.49056090345418274,320.93,334.0,111,-33.0,26.0,-0.3
07:31:53,322.0,16.0,334.0,32.0,320.0,8.0,335.0,32.0,328.0,12.0,24.0,64.0,0.2501399608175176,322.0,334.0,88,-40.0,-23.0,-0.45
07:31:54,322.0,10.0,334.0,20.0,320.0,5.0,335.0,20.0,328.0,12.0,15.0,40.0,0.2501399608175176,322.0,334.0,55,-25.0,-33.0,-0.45
07:31:55,322.0,20.0,334.0,40.0,320.0,10.0,335.0,40.0,328.0,12.0,30.0,80.0,0.2501399608175176,322.0,334.0,110,-50.0,55.0,-0.45
07:31:56,322.0,20.0,333.57,28.0,320.0,10.0,334.6,40.0,327.79,11.569999999999993,30.0,68.0,0.23209911675356784,322.0,333.57,98,-38.0,-12.0,-0.39
07:31:57,322.0,20.0,332.0,16.0,320.0,10.0,333.7,40.0,327.0,10.0,30.0,56.0,0.4333820485412263,322.0,332.0,86,-26.0,-12.0,-0.3
07:31:58,322.0,16.0,332.33,24.0,320.0,8.0,333.5,32.0,327.17,10.329999999999984,24.0,56.0,0.47452081092169296,322.0,332.33,80,-32.0,-6.0,-0.4
07:31:59,322.0,7.0,331.0,8.0,320.0,4.0,333.0,16.0,326.5,9.0,11.0,24.0,0.6075936141845052,322.0,331.0,35,-13.0,-45.0,-0.37
07:32:00,322.0,10.0,332.51,35.0,320.0,10.0,334.67,30.0,327.26,10.509999999999991,20.0,65.0,0.46554269406553517,322.0,332.51,85,-45.0,50.0,-0.53
07:32:01,322.0,60.0,330.8,81.0,320.0,18.0,331.89,81.0,326.4,8.800000000000011,78.0,162.0,0.39265761166415514,322.0,330.8,240,-84.0,155.0,-0.35
07:32:02,321.91,44.0,325.99,73.0,319.08,26.0,326.96,72.0,323.95,4.079999999999984,70.0,145.0,1.345485042651081,321.91,325.99,215,-75.0,-25.0,-0.35
07:32:03,318.22,74.0,322.29,63.0,317.37,129.0,323.58,95.0,320.25,4.069999999999993,203.0,158.0,2.8679557179283064,318.22,322.29,361,45.0,146.0,0.12
07:32:04,318.0,66.0,320.91,55.0,317.0,121.0,322.0,55.0,319.45,2.910000000000025,187.0,110.0,3.5251907749790607,318.0,320.91,297,77.0,-64.0,0.26
07:32:05,318.0,60.0,320.14,57.0,317.0,132.0,327.04,84.0,319.07,2.1399999999999864,192.0,141.0,3.2077063456615336,318.0,320.14,333,51.0,36.0,0.15
07:32:06,317.11,56.0,322.65,63.0,316.18,91.0,334.34,133.0,319.88,5.539999999999964,147.0,196.0,1.968171740473173,317.11,322.65,343,-49.0,10.0,-0.14
07:32:07,325.39,99.0,331.64,95.0,319.09,86.0,334.99,92.0,328.52,6.25,185.0,187.0,3.986004264924616,325.39,331.64,372,-2.0,29.0,-0.01
07:32:08,326.0,76.0,330.0,48.0,322.0,36.0,331.0,48.0,328.0,4.0,112.0,96.0,4.828325796795131,326.0,330.0,208,16.0,-164.0,0.08
07:32:09,326.0,78.0,330.0,52.0,322.0,39.0,331.0,52.0,328.0,4.0,117.0,104.0,4.777591443394616,326.0,330.0,221,13.0,13.0,0.06
07:32:10,326.0,54.0,330.46,35.0,322.0,27.0,332.0,40.0,328.23,4.4599999999999795,81.0,75.0,3.7213680280237815,326.0,330.46,156,6.0,-65.0,0.04
07:32:11,326.0,49.0,330.0,27.0,322.0,27.0,331.0,36.0,328.0,4.0,76.0,63.0,0.2295648056601424,326.0,330.0,139,13.0,-17.0,0.09
07:32:12,326.0,50.0,330.0,30.0,322.0,30.0,331.33,30.0,328.0,4.0,80.0,60.0,0.10285912695420112,326.0,330.0,140,20.0,1.0,0.14
07:32:13,326.0,38.0,330.0,30.0,322.0,30.0,332.0,20.0,328.0,4.0,68.0,50.0,0.10285912695420112,326.0,330.0,118,18.0,-22.0,0.15
07:32:14,326.0,9.0,330.0,27.0,322.0,27.0,332.0,18.0,328.0,4.0,36.0,45.0,0.10285912695420112,326.0,330.0,81,-9.0,-37.0,-0.11
07:32:15,326.0,8.0,329.38,24.0,322.0,24.0,330.71,21.0,327.69,3.3799999999999955,32.0,45.0,0.1386362145969715,326.0,329.38,77,-13.0,-4.0,-0.17
07:32:16,326.0,13.0,329.0,39.0,322.0,39.0,331.0,39.0,327.5,3.0,52.0,78.0,0.23177575368830328,326.0,329.0,130,-26.0,53.0,-0.2
07:32:17,326.0,9.0,329.0,27.0,322.0,27.0,331.0,27.0,327.5,3.0,36.0,54.0,0.2514358765128467,326.0,329.0,90,-18.0,-40.0,-0.2
07:32:18,323.52,29.0,327.83,54.0,320.63,105.0,330.88,51.0,325.68,4.310000000000002,134.0,105.0,0.9142100415100373,323.52,327.83,239,29.0,149.0,0.12
07:32:19,322.0,51.0,325.71,59.0,320.0,204.0,328.66,61.0,323.86,3.7099999999999795,255.0,120.0,1.6615896003519393,322.0,325.71,375,135.0,136.0,0.36
07:32:20,322.0,45.0,324.6,53.0,320.0,180.0,325.46,52.0,323.3,2.6000000000000227,225.0,105.0,1.970969304681753,322.0,324.6000000000001,330,120.0,-45.0,0.36
07:32:21,320.13,182.0,322.18,51.0,318.57,168.0,327.57,65.0,321.15,2.0500000000000114,350.0,116.0,2.411455991719044,320.13,322.18,466,234.0,136.0,0.5
07:32:22,320.43,42.0,331.08,36.0,319.45,87.0,333.93,80.0,325.76,10.649999999999977,129.0,116.0,1.906541371173906,320.43,331.08,245,13.0,-186.5,0.05
07:32:23,321.0,24.0,330.17,12.0,318.92,89.0,332.0,36.0,325.58,9.170000000000016,113.0,48.0,1.884250514129596,321.0,330.17,161,65.0,-84.0,0.4
07:32:24,321.0,22.0,330.0,11.0,320.0,66.0,333.61,61.0,325.5,9.0,88.0,72.0,2.007715119233219,321.0,330.0,160,16.0,-1.0,0.1
07:32:25,323.0,17.0,330.0,15.0,320.07,80.0,334.0,105.0,326.5,7.0,97.0,120.0,2.132163220768457,323.0,330.0,217,-23.0,57.0,-0.11
07:32:26,326.0,24.0,329.33,12.0,323.0,12.0,333.5,48.0,327.67,3.329999999999984,36.0,60.0,0.910889674986906,326.0,329.33,96,-24.0,-121.0,-0.25
07:32:27,321.36,44.0,327.15,13.0,318.36,69.0,328.31,13.0,324.26,5.789999999999964,113.0,26.0,1.2693384103531065,321.36,327.15,139,87.0,43.0,0.63
07:32:28,320.0,20.0,325.9,10.0,318.0,80.0,327.1,10.0,322.95,5.899999999999977,100.0,20.0,1.848791497167197,320.0,325.9,120,80.0,-19.0,0.67
07:32:29,320.0,30.0,324.8,15.0,318.0,120.0,326.6,15.0,322.4,4.800000000000011,150.0,30.0,2.268882985082685,320.0,324.8,180,120.0,60.0,0.67
07:32:30,320.0,30.0,322.33,15.0,318.0,120.0,323.67,15.0,321.17,2.329999999999984,150.0,30.0,2.4863326406572317,320.0,322.33,180,120.0,0.0,0.67
07:32:31,318.0,48.0,320.5,6.0,310.0,18.0,322.0,6.0,319.25,2.5,66.0,12.0,1.898770654923159,318.0,320.5,78,54.0,-102.0,0.69
07:32:32,317.06,51.0,327.95,19.0,309.16,57.0,330.74,27.0,322.5,10.889999999999986,108.0,46.0,1.4971072105889123,317.06,327.95,154,62.0,76.0,0.4
07:32:33,314.72,89.0,321.36,39.0,313.07,174.0,326.57,56.0,318.04,6.639999999999986,263.0,95.0,1.9700939063905683,314.72,321.36,358,168.0,185.5,0.47
07:32:34,317.19,32.0,324.42,24.0,309.75,48.0,325.67,72.0,320.8,7.230000000000018,80.0,96.0,1.7351858690057516,317.19,324.42,176,-16.0,-182.0,-0.09
07:32:35,318.22,36.0,324.0,18.0,312.25,170.0,326.0,90.0,321.11,5.779999999999973,206.0,108.0,1.7283084215490137,318.22,324.0,314,98.0,138.0,0.31
07:32:36,319.54,26.0,324.0,13.0,313.71,85.0,326.0,65.0,321.77,4.4599999999999795,111.0,78.0,1.6981548810392069,319.54,324.0,189,33.0,-125.0,0.17
07:32:37,320.08,26.0,324.0,13.0,310.06,31.0,326.0,65.0,322.04,3.920000000000016,57.0,78.0,1.5953588937907608,320.08,324.0,135,-21.0,-54.0,-0.16
07:32:38,321.0,32.0,323.8,20.0,318.0,16.0,326.19,78.0,322.4,2.8000000000000114,48.0,98.0,0.6594922289135731,321.0,323.8,146,-50.0,11.0,-0.34
07:32:39,321.0,20.0,326.0,50.0,318.0,10.0,331.0,18.0,323.5,5.0,30.0,68.0,0.8834760890921014,321.0,326.0,98,-38.0,-48.0,-0.39
07:32:40,321.0,22.0,326.0,55.0,318.0,11.0,331.0,11.0,323.5,5.0,33.0,66.0,0.8145059852435537,321.0,326.0,99,-33.0,1.0,-0.33
07:32:41,321.0,22.0,326.0,55.0,318.0,28.0,331.0,11.0,323.5,5.0,50.0,66.0,0.7125447354360451,321.0,326.0,116,-16.0,17.0,-0.14
07:32:42,321.0,14.0,326.28,54.0,318.0,252.0,332.8,20.0,323.64,5.279999999999973,266.0,74.0,0.5111946791562727,321.0,326.28,340,192.0,185.5,0.56
07:32:43,321.0,11.0,326.0,11.0,318.0,198.0,331.0,11.0,323.5,5.0,209.0,22.0,0.06260990335170527,321.0,326.0,231,187.0,-109.0,0.81
07:32:44,321.0,9.0,326.0,9.0,318.0,162.0,332.0,18.0,323.5,5.0,171.0,27.0,0.06260990335170527,321.0,326.0,198,144.0,-33.0,0.73
07:32:45,318.85,78.0,325.67,6.0,317.35,74.0,330.8,10.0,322.26,6.819999999999993,152.0,16.0,0.5734108474711958,318.85,325.67,168,136.0,-30.0,0.81
07:32:46,320.36,440.0,324.86,22.0,310.0,66.0,326.77,22.0,322.61,4.5,506.0,44.0,0.6239551265896961,320.36,324.86,550,462.0,185.5,0.84
07:32:47,320.64,227.0,323.0,39.0,312.9,82.0,325.42,19.0,321.82,2.3600000000000136,309.0,58.0,0.7498133100962293,320.64,323.0,367,251.0,-183.0,0.68
07:32:48,319.52,157.0,324.0,11.0,313.2,15.0,327.0,11.0,321.76,4.480000000000018,172.0,22.0,0.7104927867314069,319.52,324.0,194,150.0,-173.0,0.77
07:32:49,321.83,204.0,324.0,12.0,318.0,12.0,327.0,12.0,322.92,2.170000000000016,216.0,24.0,0.5001799676089862,321.83,324.0,240,192.0,46.0,0.8
07:32:50,322.0,197.0,326.75,12.0,318.0,12.0,329.58,12.0,324.38,4.75,209.0,24.0,1.0649976525783764,322.0,326.75,233,185.0,-7.0,0.79
07:32:51,322.0,80.0,330.0,5.0,318.0,5.0,332.0,5.0,326.0,8.0,85.0,10.0,1.8120375272045843,322.0,330.0,95,75.0,-138.0,0.79
07:32:52,322.0,144.0,330.0,9.0,318.0,9.0,332.0,9.0,326.0,8.0,153.0,18.0,1.877743326442139,322.0,330.0,171,135.0,76.0,0.79
07:32:53,322.1,230.0,330.0,15.0,320.13,30.0,332.0,15.0,326.05,7.899999999999977,260.0,30.0,1.3954210834003733,322.1,330.0,290,230.0,119.0,0.79
07:32:54,326.0,78.0,328.3,37.0,322.0,208.0,330.77,13.0,327.15,2.3000000000000114,286.0,50.0,0.98920675290787,326.0,328.3,336,236.0,46.0,0.7
07:32:55,322.69,174.0,326.93,42.0,321.27,126.0,331.0,14.0,324.81,4.240000000000009,300.0,56.0,0.8278103647566617,322.69,326.93,356,244.0,20.0,0.69
07:32:56,322.88,75.0,327.4,25.0,322.06,105.0,333.15,13.0,325.14,4.519999999999982,180.0,38.0,0.9132633793153687,322.88,327.4,218,142.0,-138.0,0.65
07:32:57,326.0,48.0,334.78,37.0,323.0,48.0,336.07,28.0,330.39,8.779999999999973,96.0,65.0,2.2498044359451943,326.0,334.78,161,31.0,-57.0,0.19
07:32:58,326.0,39.0,334.0,39.0,323.0,39.0,336.85,13.0,330.0,8.0,78.0,52.0,2.6234652656360513,326.0,334.0,130,26.0,-31.0,0.2
07:32:59,326.0,27.0,334.0,27.0,323.0,27.0,335.0,9.0,330.0,8.0,54.0,36.0,2.8304010316559256,326.0,334.0,90,18.0,-40.0,0.2
07:33:00,326.0,24.0,334.0,24.0,323.0,24.0,335.0,8.0,330.0,8.0,48.0,32.0,2.22348375303241,326.0,334.0,80,16.0,-10.0,0.2
07:33:01,326.0,45.0,333.6,45.0,323.0,45.0,334.33,27.0,329.8,7.600000000000023,90.0,72.0,0.21498837177674543,326.0,333.6,162,18.0,82.0,0.11
07:33:02,326.0,39.0,332.31,39.0,323.0,39.0,334.0,45.0,329.15,6.310000000000002,78.0,84.0,0.3681032463850295,326.0,332.31,162,-6.0,0.0,-0.04
07:33:03,326.0,39.0,330.62,39.0,323.0,39.0,334.27,44.0,328.31,4.6200000000000045,78.0,83.0,0.7275094501098646,326.0,330.62,161,-5.0,-1.0,-0.03
07:33:04,326.0,39.0,328.92,39.0,323.0,39.0,336.09,33.0,327.46,2.920000000000016,78.0,72.0,1.0600141508485235,326.0,328.92,150,6.0,-11.0,0.04
07:33:05,325.0,27.0,328.43,21.0,322.22,81.0,337.33,9.0,326.71,3.430000000000007,108.0,30.0,1.245523986119521,325.0,328.43,138,78.0,-12.0,0.57
07:33:06,323.0,30.0,337.0,10.0,322.0,210.0,338.67,18.0,330.0,14.0,240.0,28.0,1.3079487757550279,323.0,337.0,268,212.0,130.0,0.79
07:33:07,323.83,36.0,337.0,7.0,322.26,57.0,339.0,21.0,330.42,13.170000000000016,93.0,28.0,1.5989215115192956,323.83,337.0,121,65.0,-147.0,0.54
07:33:08,322.66,76.0,329.96,25.0,321.98,252.0,338.97,30.0,326.31,7.2999999999999545,328.0,55.0,1.904350282904669,322.66,329.96,383,273.0,185.5,0.71
07:33:09,323.5,80.0,335.05,55.0,321.94,192.0,336.56,16.0,329.28,11.550000000000011,272.0,71.0,1.9062607376744412,323.5,335.05,343,201.0,-40.0,0.59
07:33:10,322.0,154.0,335.0,44.0,321.0,33.0,336.0,11.0,328.5,13.0,187.0,55.0,1.6227199388677926,322.0,335.0,242,132.0,-101.0,0.55
07:33:11,321.16,58.0,334.53,60.0,320.01,83.0,336.0,15.0,327.84,13.369999999999948,141.0,75.0,1.54288690447456,321.16,334.53,216,66.0,-26.0,0.31
07:33:12,320.0,75.0,331.6,60.0,319.0,30.0,334.67,27.0,325.8,11.600000000000023,105.0,87.0,1.4645408836898344,320.0,331.6,192,18.0,-24.0,0.09
07:33:13,320.0,55.0,331.0,44.0,319.0,22.0,334.0,33.0,325.5,11.0,77.0,77.0,1.6663373007884739,320.0,331.0,154,0.0,-38.0,0.0
07:33:14,322.72,128.0,331.0,40.0,321.57,51.0,334.0,30.0,326.86,8.279999999999973,179.0,70.0,1.2860015552086501,322.72,331.0,249,109.0,95.0,0.44
07:33:15,323.0,176.0,331.0,44.0,322.0,66.0,334.0,33.0,327.0,8.0,242.0,77.0,0.9506839643115362,323.0,331.0,319,165.0,70.0,0.52
07:33:16,323.0,202.0,328.93,60.0,322.0,90.0,334.55,33.0,325.97,5.930000000000007,292.0,93.0,0.6661681469412419,323.0,328.93,385,199.0,66.0,0.52
07:33:17,323.0,90.0,326.55,29.0,322.0,54.0,328.6,30.0,324.78,3.5500000000000114,144.0,59.0,0.9322660564448021,323.0,326.55,203,85.0,-182.0,0.42
07:33:18,323.0,111.0,327.52,58.0,322.0,90.0,332.29,21.0,325.26,4.519999999999982,201.0,79.0,0.9712260293047879,323.0,327.52,280,122.0,77.0,0.44
07:33:19,323.0,131.0,326.93,56.0,322.0,84.0,335.2,50.0,324.96,3.930000000000007,215.0,106.0,0.9075130853046364,323.0,326.93,321,109.0,41.0,0.34
07:33:20,323.0,140.0,325.18,44.0,322.0,84.0,326.93,56.0,324.09,2.180000000000007,224.0,100.0,0.6866367307384267,323.0,325.18,324,124.0,3.0,0.38
07:33:21,323.0,76.0,324.43,49.0,322.0,84.0,328.95,39.0,323.71,1.4300000000000068,160.0,88.0,0.6406637183414877,323.0,324.43,248,72.0,-76.0,0.29
07:33:22,323.0,28.0,324.86,42.0,322.0,84.0,335.0,42.0,323.93,1.8600000000000136,112.0,84.0,0.6793011114367031,323.0,324.86,196,28.0,-52.0,0.14
07:33:23,322.0,108.0,334.85,46.0,321.0,90.0,336.62,26.0,328.42,12.850000000000023,198.0,72.0,1.9578483087305747,322.0,334.85,270,126.0,74.0,0.47
07:33:24,325.18,88.0,332.0,10.0,321.75,61.0,336.09,33.0,328.59,6.819999999999993,149.0,43.0,2.5211148327672666,325.18,332.0,192,106.0,-78.0,0.55
07:33:25,326.0,112.0,331.0,16.0,322.0,128.0,337.38,64.0,328.5,5.0,240.0,80.0,2.5670508370499965,326.0,331.0,320,160.0,128.0,0.5
07:33:26,326.0,60.0,329.0,22.0,322.0,80.0,335.14,28.0,327.5,3.0,140.0,50.0,1.9822134092975576,326.0,329.0,190,90.0,-130.0,0.47
07:33:27,326.0,42.0,328.0,28.0,322.0,56.0,330.0,7.0,327.0,2.0,98.0,35.0,0.7114211129837312,326.0,328.0,133,63.0,-57.0,0.47
07:33:28,325.91,65.0,327.56,41.0,322.43,46.0,338.82,34.0,326.73,1.6499999999999773,111.0,75.0,0.8509582833482892,325.91,327.56,186,36.0,53.0,0.19
07:33:29,323.9,40.0,328.75,16.0,322.27,44.0,334.75,24.0,326.32,4.850000000000023,84.0,40.0,0.8388682852505466,323.9,328.75,124,44.0,-62.0,0.35
07:33:30,322.1,40.0,327.1,10.0,321.52,62.0,328.1,10.0,324.6,5.0,102.0,20.0,1.1091438139390775,322.1,327.1,122,82.0,-2.0,0.67
07:33:31,322.0,24.0,327.0,12.0,321.0,60.0,328.0,12.0,324.5,5.0,84.0,24.0,1.1938174064736236,322.0,327.0,108,60.0,-14.0,0.56
07:33:32,322.0,22.0,325.55,11.0,321.0,55.0,326.91,11.0,323.77,3.5500000000000114,77.0,22.0,1.2736679316051984,322.0,325.55,99,55.0,-9.0,0.56
07:33:33,322.0,24.0,324.08,12.0,321.0,60.0,325.08,12.0,323.04,2.079999999999984,84.0,24.0,1.2219165274270851,322.0,324.08,108,60.0,9.0,0.56
07:33:34,321.21,38.0,323.08,12.0,320.43,42.0,336.83,12.0,322.15,1.8700000000000045,80.0,24.0,1.0312953020350357,321.21,323.08,104,56.0,-4.0,0.54
07:33:35,319.94,34.0,322.41,17.0,318.94,33.0,339.59,41.0,321.18,2.4700000000000273,67.0,58.0,1.308957600535452,319.94,322.41,125,9.0,21.0,0.07
07:33:36,320.0,108.0,322.0,12.0,319.0,45.0,339.39,33.0,321.0,2.0,153.0,45.0,1.188431739730762,320.0,322.0,198,108.0,73.0,0.55
07:33:37,320.0,90.0,322.0,10.0,319.0,20.0,336.0,10.0,321.0,2.0,110.0,20.0,0.9007108303997785,320.0,322.0,130,90.0,-68.0,0.69
07:33:38,320.0,108.0,321.5,12.0,319.0,24.0,336.0,12.0,320.75,1.5,132.0,24.0,0.5440863901986764,320.0,321.5,156,108.0,26.0,0.69
07:33:39,320.0,27.0,321.0,3.0,319.0,6.0,336.0,3.0,320.5,1.0,33.0,6.0,0.26453733195798446,320.0,321.0,39,27.0,-117.0,0.69
07:33:40,320.39,155.0,333.35,31.0,318.9,31.0,337.25,32.0,326.87,12.960000000000036,186.0,63.0,2.716915530523439,320.39,333.35,249,123.0,185.5,0.49
07:33:41,323.68,44.0,334.64,22.0,319.91,47.0,335.91,11.0,329.16,10.95999999999998,91.0,33.0,4.064582389372808,323.68,334.64,124,58.0,-125.0,0.47
07:33:42,323.0,18.0,334.0,18.0,320.05,41.0,335.0,9.0,328.5,11.0,59.0,27.0,4.2202879048708954,323.0,334.0,86,32.0,-38.0,0.37
07:33:43,323.0,18.0,333.33,18.0,322.0,9.0,335.0,9.0,328.17,10.329999999999984,27.0,27.0,3.5321169289817673,323.0,333.33,54,0.0,-32.0,0.0
07:33:44,323.0,16.0,333.0,16.0,322.0,8.0,335.0,8.0,328.0,10.0,24.0,24.0,0.8371678445805747,323.0,333.0,48,0.0,-6.0,0.0
07:33:45,323.0,18.0,332.0,18.0,322.0,9.0,335.0,9.0,327.5,9.0,27.0,27.0,0.616587382290367,323.0,332.0,54,0.0,6.0,0.0
07:33:46,323.0,22.0,330.36,55.0,322.0,11.0,332.0,22.0,326.68,7.360000000000014,33.0,77.0,0.7083078426783334,323.0,330.36,110,-44.0,56.0,-0.4
07:33:47,322.5,12.0,328.78,45.0,320.18,33.0,332.0,18.0,325.64,6.279999999999973,45.0,63.0,1.0458106903257487,322.5,328.78,108,-18.0,-2.0,-0.17
07:33:48,320.05,77.0,327.08,79.0,319.25,40.0,329.85,40.0,323.56,7.029999999999973,117.0,119.0,1.761726425980945,320.05,327.08,236,-2.0,128.0,-0.01
07:33:49,320.0,90.0,323.97,63.0,319.0,36.0,324.57,63.0,321.98,3.9700000000000273,126.0,126.0,2.2721179546844845,320.0,323.97,252,0.0,16.0,0.0
07:33:50,319.79,38.0,323.55,53.0,312.18,122.0,327.1,29.0,321.67,3.759999999999991,160.0,82.0,2.2096787096769583,319.79,323.55,242,78.0,-10.0,0.32
07:33:51,320.75,65.0,324.0,63.0,319.47,30.0,334.0,15.0,322.38,3.25,95.0,78.0,1.6175846191156746,320.75,324.0,173,17.0,-69.0,0.1
07:33:52,322.75,48.0,324.0,13.0,321.0,91.0,334.0,13.0,323.38,1.25,139.0,26.0,0.8407615595396869,322.75,324.0,165,113.0,-8.0,0.68
07:33:53,323.0,12.0,324.0,10.0,321.0,70.0,334.0,10.0,323.5,1.0,82.0,20.0,0.823783952259089,323.0,324.0,102,62.0,-63.0,0.61
07:33:54,322.05,66.0,331.5,12.0,321.08,39.0,336.57,21.0,326.77,9.449999999999989,105.0,33.0,1.9559268902491358,322.05,331.5,138,72.0,36.0,0.52
07:33:55,322.0,49.0,334.0,7.0,320.0,14.0,337.0,14.0,328.0,12.0,63.0,21.0,2.433285844285428,322.0,334.0,84,42.0,-54.0,0.5
07:33:56,322.0,63.0,334.0,9.0,320.0,18.0,337.0,18.0,328.0,12.0,81.0,27.0,2.3282396783836563,322.0,334.0,108,54.0,24.0,0.5
07:33:57,322.0,56.0,333.43,14.0,320.0,16.0,336.57,14.0,327.71,11.430000000000007,72.0,28.0,1.9104266539179477,322.0,333.43,100,44.0,-8.0,0.44
07:33:58,322.0,56.0,333.0,32.0,320.0,16.0,335.75,8.0,327.5,11.0,72.0,40.0,0.5076711534057033,322.0,333.0,112,32.0,12.0,0.29
07:33:59,322.0,105.0,332.07,60.0,320.0,30.0,336.97,37.0,327.03,10.069999999999993,135.0,97.0,0.4048085967470242,322.0,332.07,232,38.0,120.0,0.16
07:34:00,320.42,43.0,329.89,74.0,319.11,38.0,335.85,53.0,325.16,9.46999999999997,81.0,127.0,1.1301106140551689,320.42,329.89,208,-46.0,-24.0,-0.22
07:34:01,320.67,36.0,327.06,68.0,314.0,80.0,328.2,40.0,323.86,6.389999999999986,116.0,108.0,1.6735202418853503,320.67,327.06,224,8.0,16.0,0.04
07:34:02,319.0,32.0,327.0,64.0,310.0,240.0,328.0,32.0,323.0,8.0,272.0,96.0,1.9503589413233384,319.0,327.0,368,176.0,144.0,0.48
07:34:03,321.66,71.0,324.81,84.0,314.07,83.0,327.14,70.0,323.24,3.1499999999999773,154.0,154.0,1.6639471145441431,321.66,324.81,308,0.0,-60.0,0.0
07:34:04,321.45,22.0,323.0,40.0,318.43,28.0,324.0,40.0,322.23,1.5500000000000114,50.0,80.0,1.0972328832110798,321.45,323.0,130,-30.0,-178.0,-0.23
07:34:05,320.92,119.0,322.6,60.0,319.57,28.0,325.42,57.0,321.76,1.6800000000000068,147.0,117.0,0.8309753305601625,320.92,322.6,264,30.0,134.0,0.11
07:34:06,320.59,39.0,324.02,49.0,319.56,18.0,334.43,42.0,322.31,3.430000000000007,57.0,91.0,0.6028847319343065,320.59,324.02,148,-34.0,-116.0,-0.23
07:34:07,322.9,30.0,331.6,30.0,320.0,20.0,336.43,21.0,327.25,8.700000000000045,50.0,51.0,2.24086367278327,322.9,331.6,101,-1.0,-47.0,-0.01
07:34:08,323.0,27.0,329.18,22.0,320.0,18.0,333.71,17.0,326.09,6.180000000000007,45.0,39.0,2.5451561838126655,323.0,329.18,84,6.0,-17.0,0.07
07:34:09,323.0,30.0,333.0,20.0,320.0,20.0,334.47,34.0,328.0,10.0,50.0,54.0,2.870134143206587,323.0,333.0,104,-4.0,20.0,-0.04
07:34:10,325.42,78.0,333.0,28.0,322.46,37.0,336.29,34.0,329.21,7.579999999999984,115.0,62.0,2.6388861286536405,325.42,333.0,177,53.0,73.0,0.3
07:34:11,326.0,89.0,332.77,26.0,323.0,39.0,336.08,26.0,329.38,6.769999999999982,128.0,52.0,1.3764192675202491,326.0,332.77000000000004,180,76.0,3.0,0.42
07:34:12,326.0,60.0,331.1,20.0,323.0,30.0,334.0,20.0,328.55,5.100000000000023,90.0,40.0,1.3244357289053563,326.0,331.1,130,50.0,-50.0,0.38
07:34:13,326.0,66.0,330.82,22.0,323.0,33.0,333.73,22.0,328.41,4.819999999999993,99.0,44.0,0.574151547939368,326.0,330.82,143,55.0,13.0,0.38
07:34:14,326.0,40.0,328.8,30.0,323.0,45.0,331.53,30.0,327.4,2.8000000000000114,85.0,60.0,0.783996173460779,326.0,328.8,145,25.0,2.0,0.17
07:34:15,323.84,25.0,327.46,26.0,322.27,33.0,330.77,26.0,325.65,3.6200000000000045,58.0,52.0,1.430304163456481,323.84,327.46,110,6.0,-35.0,0.05
07:34:16,322.07,45.0,324.5,30.0,319.55,66.0,327.24,29.0,323.28,2.430000000000007,111.0,59.0,2.215100449189735,322.07,324.5,170,52.0,60.0,0.31
07:34:17,319.2,40.0,322.09,23.0,317.5,128.0,325.58,19.0,320.64,2.8899999999999864,168.0,42.0,3.1523689504878742,319.2,322.09,210,126.0,40.0,0.6
07:34:18,318.05,91.0,329.6,20.0,316.38,110.0,336.0,22.0,323.83,11.550000000000011,201.0,42.0,2.5490880722328244,318.05,329.6,243,159.0,33.0,0.65
07:34:19,318.0,64.0,335.0,16.0,315.0,8.0,338.0,8.0,326.5,17.0,72.0,24.0,2.280756453460043,318.0,335.0,96,48.0,-147.0,0.5
07:34:20,318.0,64.0,335.2,15.0,313.12,8.0,338.89,9.0,326.6,17.19999999999999,72.0,24.0,2.4850754515707885,318.0,335.2,96,48.0,0.0,0.5
07:34:21,318.0,32.0,335.23,13.0,312.0,7.0,339.0,8.0,326.62,17.230000000000018,39.0,21.0,2.630669116403657,318.0,335.22999999999996,60,18.0,-36.0,0.3
07:34:22,318.0,10.0,335.0,10.0,312.0,5.0,338.0,5.0,326.5,17.0,15.0,15.0,1.2199180300333268,318.0,335.0,30,0.0,-30.0,0.0
07:34:23,318.0,26.0,332.37,43.0,312.0,13.0,335.0,19.0,325.19,14.370000000000005,39.0,62.0,0.6129600313237868,318.0,332.37,101,-23.0,71.0,-0.23
07:34:24,318.0,32.0,329.52,62.0,312.0,16.0,331.33,49.0,323.76,11.519999999999982,48.0,111.0,1.2564155363574165,318.0,329.52,159,-63.0,58.0,-0.4
07:34:25,313.12,159.0,326.38,42.0,311.29,14.0,328.0,50.0,319.75,13.259999999999991,173.0,92.0,2.8279020492230265,313.12,326.38,265,81.0,106.0,0.31
07:34:26,314.5,246.0,322.84,44.0,312.94,141.0,324.83,46.0,318.67,8.339999999999975,387.0,90.0,3.4161279250050423,314.5,322.84,477,297.0,185.5,0.62
07:34:27,317.0,332.0,319.32,47.0,312.0,12.0,321.71,35.0,318.16,2.319999999999993,344.0,82.0,3.1691686607056333,317.0,319.32,426,262.0,-51.0,0.62
07:34:28,317.0,297.0,320.4,50.0,312.0,11.0,322.65,37.0,318.7,3.3999999999999773,308.0,87.0,2.2836527757078966,317.0,320.4,395,221.0,-31.0,0.56
07:34:29,317.47,106.0,322.0,40.0,316.89,138.0,324.0,16.0,319.74,4.529999999999973,244.0,56.0,0.7096689368981477,317.46999999999997,322.0,300,188.0,-95.0,0.63
07:34:30,319.92,61.0,321.73,75.0,318.44,97.0,324.13,30.0,320.83,1.8100000000000023,158.0,105.0,1.0675907455566516,319.92,321.73,263,53.0,-37.0,0.2
07:34:31,320.0,56.0,321.0,70.0,319.0,70.0,325.0,28.0,320.5,1.0,126.0,98.0,1.1429260693493357,320.0,321.0,224,28.0,-39.0,0.12
07:34:32,319.07,59.0,323.78,32.0,317.03,302.0,328.33,24.0,321.42,4.7099999999999795,361.0,56.0,1.052340249158283,319.07,323.78,417,305.0,185.5,0.73
07:34:33,319.0,60.0,323.9,30.0,317.0,324.0,326.25,24.0,321.45,4.899999999999977,384.0,54.0,0.7107531216946456,319.0,323.9,438,330.0,21.0,0.75
07:34:34,319.0,49.0,322.2,10.0,317.0,270.0,325.2,20.0,320.6,3.1999999999999886,319.0,30.0,0.4499444410132792,319.0,322.2,349,289.0,-89.0,0.83
07:34:35,319.0,36.0,321.44,9.0,317.0,243.0,327.89,18.0,320.22,2.4399999999999977,279.0,27.0,0.5626011020240663,319.0,321.44,306,252.0,-43.0,0.82
07:34:36,319.0,28.0,321.0,8.0,317.0,216.0,327.0,16.0,320.0,2.0,244.0,24.0,0.6715802260330844,319.0,321.0,268,220.0,-38.0,0.82
07:34:37,319.0,27.0,321.0,9.0,317.0,243.0,326.56,18.0,320.0,2.0,270.0,27.0,0.6083420090693369,319.0,321.0,297,243.0,29.0,0.82
07:34:38,319.49,35.0,323.62,13.0,317.22,152.0,328.3,20.0,321.55,4.1299999999999955,187.0,33.0,0.649522901827584,319.49,323.62,220,154.0,-77.0,0.7
07:34:39,317.11,168.0,326.0,22.0,317.25,24.0,330.71,42.0,321.55,8.889999999999986,192.0,64.0,0.8137751532202201,317.11,326.0,256,128.0,36.0,0.5
07:34:40,317.0,270.0,324.3,10.0,305.24,58.0,326.65,23.0,320.65,7.300000000000011,328.0,33.0,0.7770135133951188,317.0,324.3,361,295.0,105.0,0.82
07:34:41,317.0,247.0,324.0,11.0,305.0,77.0,330.03,31.0,320.5,7.0,324.0,42.0,0.682825014186398,317.0,324.0,366,282.0,5.0,0.77
07:34:42,319.48,58.0,323.86,7.0,316.4,139.0,331.0,14.0,321.67,4.3799999999999955,197.0,21.0,0.5606068140851789,319.48,323.86,218,176.0,-148.0,0.81
07:34:43,321.0,60.0,322.9,10.0,318.1,49.0,331.0,38.0,321.95,1.8999999999999773,109.0,48.0,0.6476727568755313,321.0,322.9,157,61.0,-61.0,0.39
07:34:44,321.0,62.0,325.11,18.0,319.0,36.0,330.35,57.0,323.06,4.110000000000014,98.0,75.0,1.0447152722147868,321.0,325.11,173,23.0,16.0,0.13
07:34:45,323.5,32.0,330.0,49.0,320.28,25.0,331.0,7.0,326.75,6.5,57.0,56.0,2.395752491389504,323.5,330.0,113,1.0,-60.0,0.01
07:34:46,325.0,70.0,329.82,82.0,321.0,56.0,330.43,23.0,327.41,4.819999999999993,126.0,105.0,2.7186614353389444,325.0,329.82,231,21.0,118.0,0.09
07:34:47,325.0,26.0,327.25,24.0,321.0,32.0,330.0,16.0,326.12,2.25,58.0,40.0,2.406983589474465,325.0,327.25,98,18.0,-133.0,0.18
07:34:48,322.94,62.0,326.17,54.0,320.83,48.0,328.23,40.0,324.55,3.230000000000018,110.0,94.0,1.7621492558802816,322.94,326.17,204,16.0,106.0,0.08
07:34:49,320.82,39.0,324.76,33.0,319.28,29.0,325.33,27.0,322.79,3.9399999999999977,68.0,60.0,1.8600215052518516,320.82,324.76,128,8.0,-76.0,0.06
07:34:50,319.36,28.0,323.68,28.0,317.37,162.0,327.25,48.0,321.52,4.319999999999993,190.0,76.0,2.392544670429187,319.36,323.68,266,114.0,138.0,0.43
07:34:51,319.0,18.0,324.0,18.0,317.0,132.0,329.0,18.0,321.5,5.0,150.0,36.0,2.0114248680969427,319.0,324.0,186,114.0,-80.0,0.61
07:34:52,317.37,81.0,324.0,30.0,316.55,80.0,329.0,30.0,320.69,6.6299999999999955,161.0,60.0,1.508525770412496,317.37,324.0,221,101.0,35.0,0.46
07:34:53,319.1,30.0,324.0,30.0,317.0,40.0,329.0,30.0,321.55,4.899999999999977,70.0,60.0,0.7520970682022852,319.1,324.0,130,10.0,-91.0,0.08
07:34:54,320.82,50.0,324.0,30.0,318.92,38.0,329.0,30.0,322.41,3.180000000000007,88.0,60.0,0.6085474509012783,320.82,324.0,148,28.0,18.0,0.19
07:34:55,321.71,42.0,324.0,36.0,320.59,78.0,328.17,36.0,322.86,2.2900000000000205,120.0,72.0,0.8485693843160422,321.71,324.0,192,48.0,44.0,0.25
07:34:56,321.0,35.0,327.0,21.0,317.0,28.0,329.62,13.0,324.0,6.0,63.0,34.0,1.2619706811168883,321.0,327.0,97,29.0,-95.0,0.3
07:34:57,321.0,45.0,328.0,9.0,317.0,36.0,331.0,27.0,324.5,7.0,81.0,36.0,1.1937043184971763,321.0,328.0,117,45.0,20.0,0.38
07:34:58,321.0,34.0,328.0,10.0,317.0,37.0,331.0,30.0,324.5,7.0,71.0,40.0,0.9655464773893393,321.0,328.0,111,31.0,-6.0,0.28
07:34:59,321.0,42.0,326.9,29.0,317.0,66.0,330.53,32.0,323.95,5.899999999999977,108.0,61.0,0.6698656581726424,321.0,326.9,169,47.0,58.0,0.28
07:35:00,319.4,30.0,326.0,36.0,313.75,48.0,328.0,9.0,322.7,6.600000000000023,78.0,45.0,0.7362064927716139,319.4,326.0,123,33.0,-46.0,0.27
07:35:01,317.0,44.0,323.42,24.0,307.0,154.0,325.07,41.0,320.21,6.420000000000016,198.0,65.0,1.8116760196014259,317.0,323.42,263,133.0,140.0,0.51
07:35:02,317.7,93.0,320.44,50.0,310.19,144.0,323.35,34.0,319.07,2.740000000000009,237.0,84.0,2.3608536591662044,317.7,320.44,321,153.0,58.0,0.48
07:35:03,318.0,60.0,326.21,38.0,317.0,72.0,332.89,27.0,322.11,8.20999999999998,132.0,65.0,1.9573757942710608,318.0,326.21,197,67.0,-124.0,0.34
07:35:04,318.0,21.0,332.0,49.0,317.0,28.0,335.23,13.0,325.0,14.0,49.0,62.0,2.298123147265683,318.0,332.0,111,-13.0,-86.0,-0.12
07:35:05,318.43,42.0,331.07,56.0,317.0,56.0,332.01,80.0,324.75,12.639999999999986,98.0,136.0,2.650645204473515,318.43,331.07,234,-38.0,123.0,-0.16
07:35:06,320.42,38.0,330.0,54.0,318.24,95.0,331.0,90.0,325.21,9.579999999999984,133.0,144.0,2.64214306955522,320.42,330.0,277,-11.0,43.0,-0.04
07:35:07,325.0,13.0,330.0,94.0,319.48,75.0,332.38,32.0,327.5,5.0,88.0,126.0,1.9151840642609583,325.0,330.0,214,-38.0,-63.0,-0.18
07:35:08,325.0,11.0,329.19,48.0,322.68,41.0,330.39,46.0,327.09,4.189999999999998,52.0,94.0,1.2829848011568386,325.0,329.19,146,-42.0,-68.0,-0.29
07:35:09,322.83,29.0,326.39,41.0,321.63,38.0,329.28,64.0,324.61,3.5600000000000023,67.0,105.0,1.361587308988823,322.83,326.39,172,-38.0,26.0,-0.22
07:35:10,321.63,38.0,323.27,44.0,319.73,44.0,324.24,42.0,322.45,1.6399999999999864,82.0,86.0,2.038680946101995,321.63,323.27,168,-4.0,-4.0,-0.02
07:35:11,316.21,58.0,320.54,37.0,311.79,61.0,331.22,58.0,318.37,4.330000000000041,119.0,95.0,3.750650610227381,316.21,320.54,214,24.0,46.0,0.11
07:35:12,310.0,108.0,318.18,44.0,309.0,18.0,330.34,73.0,314.09,8.180000000000007,126.0,117.0,5.1567741854766584,310.0,318.18,243,9.0,29.0,0.04
07:35:13,310.84,70.0,324.56,52.0,309.53,45.0,322.86,35.0,317.7,13.720000000000027,115.0,87.0,4.140770459708926,310.84,324.56,202,28.0,-41.0,0.14
07:35:14,308.09,46.0,328.94,31.0,307.28,87.0,331.76,50.0,318.51,20.850000000000023,133.0,81.0,2.9718142606828097,308.09,328.94,214,52.0,12.0,0.24
07:35:15,308.67,42.0,327.89,45.0,307.6,90.0,332.93,58.0,318.28,19.21999999999997,132.0,103.0,1.8703609277349311,308.67,327.89,235,29.0,21.0,0.12
07:35:16,311.0,26.0,317.0,13.0,309.69,78.0,328.75,57.0,314.0,6.0,104.0,70.0,2.275154939778221,311.0,317.0,174,34.0,-61.0,0.2
07:35:17,311.15,33.0,317.0,14.0,308.72,94.0,327.0,56.0,314.08,5.850000000000023,127.0,70.0,2.277823522575272,311.15,317.0,197,57.0,23.0,0.29
07:35:18,305.95,84.0,317.0,9.0,303.0,41.0,327.0,36.0,311.48,11.050000000000011,125.0,45.0,3.039358484943298,305.95,317.0,170,80.0,-27.0,0.47
07:35:19,305.0,55.0,317.0,5.0,302.0,60.0,327.0,20.0,311.0,12.0,115.0,25.0,2.8898996522364397,305.0,317.0,140,90.0,-30.0,0.64
07:35:20,305.0,132.0,316.14,21.0,302.0,144.0,322.71,21.0,310.57,11.139999999999986,276.0,42.0,1.687181080973764,305.0,316.14,318,234.0,178.0,0.74
07:35:21,306.12,98.0,319.66,44.0,304.57,251.0,323.12,34.0,312.89,13.54000000000002,349.0,78.0,1.4520433877800258,306.12,319.66,427,271.0,109.0,0.63
07:35:22,307.0,55.0,322.0,44.0,305.0,247.0,323.18,55.0,314.5,15.0,302.0,99.0,1.6061351126215204,307.0,322.0,401,203.0,-26.0,0.51
07:35:23,308.06,85.0,313.0,51.0,305.52,184.0,322.0,68.0,310.53,4.939999999999998,269.0,119.0,1.7461300066133882,308.06,313.0,388,150.0,-13.0,0.39
07:35:24,310.0,65.0,313.0,33.0,306.0,104.0,322.0,52.0,311.5,3.0,169.0,85.0,1.6954262001030065,310.0,313.0,254,84.0,-134.0,0.33
07:35:25,307.54,52.0,313.0,8.0,305.67,48.0,323.15,47.0,310.27,5.4599999999999795,100.0,55.0,1.7625748211056724,307.54,313.0,155,45.0,-99.0,0.29
07:35:26,307.04,54.0,324.0,99.0,306.07,54.0,332.0,33.0,315.52,16.95999999999998,108.0,132.0,2.39623245950721,307.04,324.0,240,-24.0,85.0,-0.1
07:35:27,309.76,50.0,323.15,82.0,308.43,28.0,330.87,69.0,316.45,13.389999999999986,78.0,151.0,2.9133365751310287,309.76,323.15,229,-73.0,-11.0,-0.32
07:35:28,315.26,19.0,320.53,45.0,311.4,43.0,324.07,85.0,317.9,5.269999999999982,62.0,130.0,3.2843522953539845,315.26,320.53,192,-68.0,-37.0,-0.35
07:35:29,317.5,52.0,320.69,58.0,316.87,55.0,322.84,86.0,319.09,3.1899999999999977,107.0,144.0,3.402400623089222,317.5,320.69,251,-37.0,59.0,-0.15
07:35:30,318.06,34.0,320.94,34.0,311.0,72.0,323.43,56.0,319.5,2.8799999999999955,106.0,90.0,1.6975482320096615,318.06,320.94,196,16.0,-55.0,0.08
07:35:31,319.67,30.0,322.0,40.0,306.55,62.0,326.0,50.0,320.83,2.329999999999984,92.0,90.0,1.6595872980954616,319.67,322.0,182,2.0,-14.0,0.01
07:35:32,320.74,31.0,322.0,40.0,316.47,19.0,326.0,50.0,321.37,1.259999999999991,50.0,90.0,1.3884055603462506,320.74,322.0,140,-40.0,-42.0,-0.29
07:35:33,317.0,20.0,322.0,40.0,307.0,10.0,326.0,50.0,319.5,5.0,30.0,90.0,0.984515109076822,317.0,322.0,120,-60.0,-20.0,-0.5
07:35:34,317.0,16.0,322.0,32.0,307.0,8.0,326.0,40.0,319.5,5.0,24.0,72.0,0.896911366858832,317.0,322.0,96,-48.0,-24.0,-0.5
07:35:35,317.0,14.0,322.0,28.0,307.0,7.0,326.94,34.0,319.5,5.0,21.0,62.0,0.896911366858832,317.0,322.0,83,-41.0,-13.0,-0.49
07:35:36,317.13,15.0,328.55,44.0,311.23,13.0,419.3,37.0,322.84,11.420000000000016,28.0,81.0,1.5185256007064247,317.13,328.55,109,-53.0,26.0,-0.49
07:35:37,317.0,8.0,331.6,20.0,305.2,50.0,388.2,20.0,324.3,14.600000000000023,58.0,40.0,2.2882132767732073,317.0,331.6,98,18.0,-11.0,0.18
07:35:38,317.0,13.0,320.94,31.0,310.5,192.0,328.38,24.0,318.97,3.9399999999999977,205.0,55.0,2.3923879284098315,317.0,320.94,260,150.0,162.0,0.58
07:35:39,317.0,9.0,320.0,27.0,311.0,144.0,322.0,9.0,318.5,3.0,153.0,36.0,2.5854438690485955,317.0,320.0,189,117.0,-71.0,0.62
07:35:40,311.88,75.0,318.9,30.0,310.16,200.0,320.29,21.0,315.39,7.019999999999982,275.0,51.0,3.5748636337629045,311.88,318.9,326,224.0,137.0,0.69
07:35:41,311.0,208.0,317.04,24.0,303.85,52.0,319.0,26.0,314.02,6.0400000000000205,260.0,50.0,3.976648086014102,311.0,317.04,310,210.0,-16.0,0.68
07:35:42,312.64,205.0,316.8,20.0,310.84,148.0,318.6,20.0,314.72,4.160000000000025,353.0,40.0,2.2632830136768995,312.64,316.8,393,313.0,83.0,0.8
07:35:43,313.21,399.0,315.16,38.0,311.0,304.0,317.0,38.0,314.18,1.9500000000000455,703.0,76.0,1.8342627946937573,313.21,315.16,779,627.0,185.5,0.8
07:35:44,311.74,255.0,316.6,30.0,308.21,96.0,325.23,40.0,314.17,4.860000000000014,351.0,70.0,0.5661536893787378,311.74,316.6,421,281.0,-186.5,0.67
07:35:45,311.81,165.0,317.0,18.0,310.6,120.0,325.0,18.0,314.4,5.189999999999998,285.0,36.0,0.27206616841682923,311.81,317.0,321,249.0,-100.0,0.78
07:35:46,312.2,190.0,317.0,20.0,309.8,100.0,326.85,27.0,314.6,4.800000000000011,290.0,47.0,0.2463331077973306,312.2,317.0,337,243.0,16.0,0.72
07:35:47,313.16,170.0,317.0,34.0,311.74,203.0,325.68,47.0,315.08,3.839999999999975,373.0,81.0,0.3764040382316913,313.16,317.0,454,292.0,117.0,0.64
07:35:48,316.0,26.0,319.48,29.0,313.0,247.0,325.33,36.0,317.74,3.480000000000018,273.0,65.0,1.460041095311211,316.0,319.48,338,208.0,-116.0,0.62
07:35:49,316.99,173.0,325.0,30.0,314.46,37.0,327.0,20.0,320.99,8.009999999999991,210.0,50.0,2.81579828822989,316.99,325.0,260,160.0,-78.0,0.62
07:35:50,317.02,199.0,325.0,33.0,316.71,62.0,327.0,22.0,321.01,7.980000000000018,261.0,55.0,3.0857300594833372,317.02,325.0,316,206.0,56.0,0.65
07:35:51,318.62,26.0,325.0,39.0,317.0,286.0,327.0,26.0,321.81,6.3799999999999955,312.0,65.0,2.842486587479339,318.62,325.0,377,247.0,61.0,0.66
07:35:52,319.0,32.0,325.0,48.0,317.0,352.0,327.0,32.0,322.0,6.0,384.0,80.0,1.7221643359449639,319.0,325.0,464,304.0,87.0,0.66
07:35:53,320.29,28.0,324.89,44.0,317.13,188.0,326.79,29.0,322.59,4.599999999999966,216.0,73.0,0.6841783393248737,320.29,324.89,289,143.0,-175.0,0.49
07:35:54,319.86,22.0,322.35,85.0,317.36,134.0,325.38,47.0,321.11,2.490000000000009,156.0,132.0,0.6554235271954724,319.86,322.35,288,24.0,-1.0,0.08
07:35:55,320.57,23.0,322.43,79.0,317.57,136.0,326.74,38.0,321.5,1.8600000000000136,159.0,117.0,0.5545899386045575,320.57,322.43,276,42.0,-12.0,0.15
07:35:56,317.24,178.0,323.0,60.0,316.05,200.0,328.0,68.0,320.12,5.759999999999991,378.0,128.0,0.9338254654919272,317.24,323.0,506,250.0,185.5,0.49
07:35:57,317.0,247.0,321.62,52.0,315.0,65.0,328.0,26.0,319.31,4.6200000000000045,312.0,78.0,1.2642507662647042,317.0,321.62,390,234.0,-116.0,0.6
07:35:58,317.0,228.0,319.85,47.0,307.67,108.0,324.43,28.0,318.43,2.8500000000000227,336.0,75.0,1.264250766264517,317.0,319.85,411,261.0,21.0,0.64
07:35:59,317.0,264.0,318.71,55.0,306.0,187.0,324.74,38.0,317.85,1.7099999999999795,451.0,93.0,1.4379742695889954,317.0,318.71,544,358.0,133.0,0.66
07:36:00,317.0,126.0,319.0,27.0,306.0,99.0,332.0,18.0,318.0,2.0,225.0,45.0,0.9572199329305793,317.0,319.0,270,180.0,-186.5,0.67
07:36:01,317.0,123.0,321.0,52.0,306.0,132.0,326.6,30.0,319.0,4.0,255.0,82.0,0.628864055261154,317.0,321.0,337,173.0,67.0,0.51
07:36:02,317.64,110.0,329.32,38.0,312.52,135.0,331.2,41.0,323.48,11.680000000000007,245.0,79.0,2.350440384268434,317.64,329.32,324,166.0,-13.0,0.51
07:36:03,317.89,76.0,328.95,42.0,315.78,99.0,331.31,26.0,323.42,11.060000000000002,175.0,68.0,2.864297470585147,317.89,328.95,243,107.0,-81.0,0.44
07:36:04,318.0,94.0,325.82,11.0,317.0,88.0,329.0,33.0,321.91,7.819999999999993,182.0,44.0,2.534939841495441,318.0,325.82,226,138.0,-17.0,0.61
07:36:05,318.0,176.0,319.44,54.0,315.95,115.0,327.18,22.0,318.72,1.4399999999999977,291.0,76.0,2.321913004399813,318.0,319.44,367,215.0,141.0,0.59
07:36:06,318.0,139.0,319.0,42.0,306.0,99.0,328.57,14.0,318.5,1.0,238.0,56.0,2.4531163853353757,318.0,319.0,294,182.0,-73.0,0.62
07:36:07,318.21,116.0,327.8,20.0,309.2,120.0,332.25,32.0,323.0,9.590000000000032,236.0,52.0,2.349063643241882,318.21,327.8,288,184.0,-6.0,0.64
07:36:08,320.64,84.0,330.0,28.0,318.0,112.0,333.0,42.0,325.32,9.360000000000014,196.0,70.0,2.904238282235291,320.64,330.0,266,126.0,-22.0,0.47
07:36:09,321.83,36.0,330.0,12.0,318.0,48.0,333.0,18.0,325.92,8.170000000000016,84.0,30.0,3.5345042085137646,321.83,330.0,114,54.0,-152.0,0.47
07:36:10,327.0,70.0,330.0,28.0,322.0,84.0,333.0,42.0,328.5,3.0,154.0,70.0,3.762355645071702,327.0,330.0,224,84.0,110.0,0.38
07:36:11,327.0,40.0,329.55,11.0,322.0,48.0,331.42,19.0,328.27,2.5500000000000114,88.0,30.0,2.2730860080525783,327.0,329.55,118,58.0,-106.0,0.49
07:36:12,327.0,44.0,329.0,10.0,323.53,49.0,330.47,19.0,328.0,2.0,93.0,29.0,1.470346897845959,327.0,329.0,122,64.0,4.0,0.52
07:36:13,325.8,50.0,330.0,22.0,323.23,61.0,332.0,33.0,327.9,4.199999999999989,111.0,55.0,1.0321918426366663,325.8,330.0,166,56.0,44.0,0.34
07:36:14,322.28,53.0,331.5,24.0,318.34,70.0,334.29,24.0,326.89,9.220000000000027,123.0,48.0,0.6177135258401549,322.28000000000003,331.5,171,75.0,5.0,0.44
07:36:15,322.0,54.0,331.22,27.0,318.0,72.0,334.0,35.0,326.61,9.220000000000027,126.0,62.0,0.7350714251047143,322.0,331.22,188,64.0,17.0,0.34
07:36:16,322.02,55.0,331.0,30.0,318.31,78.0,332.0,30.0,326.51,8.980000000000018,133.0,60.0,0.7156605340558755,322.02,331.0,193,73.0,5.0,0.38
07:36:17,323.0,9.0,331.0,27.0,322.0,54.0,332.0,27.0,327.0,8.0,63.0,54.0,0.5506087540213533,323.0,331.0,117,9.0,-76.0,0.08
07:36:18,323.93,15.0,330.0,75.0,322.0,90.0,331.0,45.0,326.97,6.069999999999993,105.0,120.0,0.22199099081897308,323.93,330.0,225,-15.0,108.0,-0.07
07:36:19,324.0,15.0,328.33,75.0,322.0,90.0,331.0,45.0,326.17,4.329999999999984,105.0,120.0,0.34513765370452115,324.0,328.33,225,-15.0,0.0,-0.07
07:36:20,322.77,31.0,325.85,47.0,321.86,84.0,327.99,67.0,324.31,3.080000000000041,115.0,114.0,1.1069869014601164,322.77,325.85,229,1.0,4.0,0.0
07:36:21,322.0,70.0,325.0,30.0,321.0,40.0,333.0,30.0,323.5,3.0,110.0,60.0,1.599640584632624,322.0,325.0,170,50.0,-59.0,0.29
07:36:22,322.0,82.0,324.14,35.0,321.0,60.0,326.31,52.0,323.07,2.1399999999999864,142.0,87.0,1.6962252208958577,322.0,324.14,229,55.0,59.0,0.24
07:36:23,322.93,181.0,324.0,68.0,321.64,44.0,325.0,51.0,323.47,1.0699999999999932,225.0,119.0,1.2396289767517548,322.93,324.0,344,106.0,115.0,0.31
07:36:24,323.0,104.0,324.27,44.0,322.0,24.0,327.0,36.0,323.64,1.2699999999999818,128.0,80.0,0.45096563062190204,323.0,324.27,208,48.0,-136.0,0.23
07:36:25,323.0,42.0,324.86,21.0,322.0,14.0,331.0,21.0,323.93,1.8600000000000136,56.0,42.0,0.3114000642295302,323.0,324.86,98,14.0,-110.0,0.14
07:36:26,323.0,48.0,324.0,36.0,322.0,24.0,332.5,36.0,323.5,1.0,72.0,72.0,0.3114000642295302,323.0,324.0,144,0.0,46.0,0.0
07:36:27,323.0,17.0,324.0,12.0,322.0,8.0,333.0,12.0,323.5,1.0,25.0,24.0,0.19175505209043336,323.0,324.0,49,1.0,-95.0,0.02
07:36:28,323.14,22.0,330.0,18.0,322.17,12.0,335.86,14.0,326.57,6.860000000000014,34.0,32.0,1.3209352747211174,323.14,330.0,66,2.0,17.0,0.03
07:36:29,324.0,21.0,333.0,21.0,323.0,14.0,338.0,14.0,328.5,9.0,35.0,35.0,2.2449832961523595,324.0,333.0,70,0.0,4.0,0.0
07:36:30,324.0,12.0,333.0,12.0,323.0,8.0,338.0,8.0,328.5,9.0,20.0,20.0,2.512962395262546,324.0,333.0,40,0.0,-30.0,0.0
07:36:31,323.81,26.0,333.0,36.0,322.58,24.0,338.92,24.0,328.4,9.189999999999998,50.0,60.0,2.170870793023908,323.81,333.0,110,-10.0,70.0,-0.09
07:36:32,325.37,19.0,332.77,39.0,322.13,23.0,336.59,29.0,329.07,7.399999999999977,42.0,68.0,0.953084466353782,325.37,332.77,110,-26.0,0.0,-0.24
07:36:33,323.0,11.0,331.18,33.0,322.0,22.0,332.18,33.0,327.09,8.180000000000007,33.0,66.0,0.732509385608767,323.0,331.18,99,-33.0,-11.0,-0.33
07:36:34,323.0,12.0,329.55,47.0,322.0,24.0,332.26,34.0,326.28,6.550000000000011,36.0,81.0,1.1461108148886612,323.0,329.55,117,-45.0,18.0,-0.38
07:36:35,323.0,15.0,325.56,59.0,322.0,30.0,330.78,59.0,324.28,2.5600000000000023,45.0,118.0,1.881948458381486,323.0,325.56,163,-73.0,46.0,-0.45
07:36:36,322.05,19.0,329.5,26.0,321.05,38.0,335.24,34.0,325.78,7.449999999999989,57.0,60.0,1.7641003372836404,322.05,329.5,117,-3.0,-46.0,-0.03
07:36:37,319.23,47.0,332.35,40.0,318.23,53.0,334.62,32.0,325.79,13.120000000000005,100.0,72.0,1.0241728369782046,319.23,332.35,172,28.0,55.0,0.16
07:36:38,321.0,45.0,329.59,51.0,318.0,45.0,330.22,54.0,325.29,8.589999999999975,90.0,105.0,0.7586369355652612,321.0,329.59,195,-15.0,23.0,-0.08
07:36:39,321.0,45.0,326.61,36.0,318.0,45.0,328.68,63.0,323.81,5.610000000000014,90.0,99.0,0.9014710200576153,321.0,326.61,189,-9.0,-6.0,-0.05
07:36:40,320.83,54.0,324.17,78.0,317.98,52.0,325.24,42.0,322.5,3.340000000000032,106.0,120.0,1.4416067424938153,320.83,324.17,226,-14.0,37.0,-0.06
07:36:41,318.21,33.0,322.89,36.0,313.93,68.0,325.95,44.0,320.55,4.680000000000007,101.0,80.0,2.133546343533075,318.21,322.89,181,21.0,-45.0,0.12
07:36:42,311.14,147.0,328.33,48.0,308.98,81.0,330.0,12.0,319.74,17.189999999999998,228.0,60.0,2.282864428739272,311.14,328.33,288,168.0,107.0,0.58
07:36:43,313.21,177.0,325.83,41.0,310.78,144.0,327.88,41.0,319.52,12.620000000000005,321.0,82.0,1.8625063758287845,313.21,325.83,403,239.0,115.0,0.59
07:36:44,319.0,103.0,324.07,74.0,311.24,210.0,325.74,19.0,321.53,5.069999999999993,313.0,93.0,1.249227761460172,319.0,324.07,406,220.0,3.0,0.54
07:36:45,319.0,36.0,324.0,30.0,312.0,60.0,326.0,6.0,321.5,5.0,96.0,36.0,0.9458171070575707,319.0,324.0,132,60.0,-186.5,0.45
07:36:46,319.0,66.0,323.08,88.0,312.0,200.0,324.22,32.0,321.04,4.079999999999984,266.0,120.0,0.9685969233911403,319.0,323.08,386,146.0,185.5,0.38
07:36:47,319.74,57.0,323.29,42.0,313.62,65.0,327.33,27.0,321.51,3.5500000000000114,122.0,69.0,0.863278634047482,319.74,323.29,191,53.0,-186.5,0.28
07:36:48,321.34,53.0,327.0,56.0,315.67,63.0,329.0,42.0,324.17,5.660000000000025,116.0,98.0,1.257875192538259,321.34000000000003,327.0,214,18.0,23.0,0.08
07:36:49,323.11,18.0,326.83,29.0,320.39,23.0,328.64,22.0,324.97,3.7199999999999704,41.0,51.0,1.79626557056673,323.11,326.83,92,-10.0,-122.0,-0.11
07:36:50,323.0,30.0,325.0,50.0,319.0,30.0,327.0,40.0,324.0,2.0,60.0,90.0,1.7475897687968949,323.0,325.0,150,-30.0,58.0,-0.2
07:36:51,323.0,24.0,324.0,40.0,319.0,24.0,327.0,32.0,323.5,1.0,48.0,72.0,1.29763245952149,323.0,324.0,120,-24.0,-30.0,-0.2
07:36:52,321.18,33.0,325.02,53.0,314.59,68.0,327.91,43.0,323.1,3.839999999999975,101.0,96.0,0.70997887292786,321.18,325.02,197,5.0,77.0,0.03
07:36:53,319.55,20.0,325.94,64.0,316.14,63.0,326.83,58.0,322.74,6.389999999999986,83.0,122.0,0.8685159756756383,319.55,325.94,205,-39.0,8.0,-0.19
07:36:54,320.0,12.0,322.26,39.0,319.0,36.0,324.29,49.0,321.13,2.259999999999991,48.0,88.0,1.0918241616686715,320.0,322.26,136,-40.0,-69.0,-0.29
07:36:55,320.0,20.0,324.24,34.0,317.3,46.0,333.26,54.0,322.12,4.240000000000009,66.0,88.0,0.9269951456201545,320.0,324.24,154,-22.0,18.0,-0.14
07:36:56,319.0,51.0,328.83,36.0,315.0,170.0,333.8,71.0,323.92,9.829999999999984,221.0,107.0,1.0491996950072868,319.0,328.83,328,114.0,174.0,0.35
07:36:57,319.0,30.0,322.0,20.0,315.0,100.0,332.0,10.0,320.5,3.0,130.0,30.0,1.3436591829787397,319.0,322.0,160,100.0,-168.0,0.62
07:36:58,319.29,34.0,321.13,15.0,313.17,72.0,332.27,44.0,320.21,1.839999999999975,106.0,59.0,1.5010762805409934,319.29,321.13,165,47.0,5.0,0.28
07:36:59,319.0,29.0,330.68,73.0,315.0,42.0,334.09,97.0,324.84,11.680000000000007,71.0,170.0,2.0441917718265263,319.0,330.68,241,-99.0,76.0,-0.41
07:37:00,319.0,14.0,330.0,52.0,315.0,39.0,331.08,52.0,324.5,11.0,53.0,104.0,2.252993564128322,319.0,330.0,157,-51.0,-84.0,-0.32
07:37:01,317.55,11.0,326.67,18.0,309.47,47.0,329.89,36.0,322.11,9.120000000000005,58.0,54.0,2.1707533254617712,317.55,326.67,112,4.0,-45.0,0.04
07:37:02,315.0,20.0,320.0,10.0,305.0,109.0,330.19,43.0,317.5,5.0,129.0,53.0,3.067600039119004,315.0,320.0,182,76.0,70.0,0.42
07:37:03,315.0,20.0,319.27,22.0,305.0,100.0,328.95,38.0,317.14,4.269999999999982,120.0,60.0,3.712804869637297,315.0,319.27,180,60.0,-2.0,0.33
07:37:04,315.0,24.0,318.0,48.0,307.08,60.0,320.0,12.0,316.5,3.0,84.0,60.0,3.548563089477364,315.0,318.0,144,24.0,-36.0,0.17
07:37:05,313.29,28.0,318.0,40.0,310.56,18.0,320.0,10.0,315.64,4.7099999999999795,46.0,50.0,2.5226414727423556,313.29,318.0,96,-4.0,-48.0,-0.04
07:37:06,306.0,4.0,318.0,16.0,305.0,20.0,320.0,4.0,312.0,12.0,24.0,20.0,2.2153735576642752,306.0,318.0,44,4.0,-52.0,0.09
07:37:07,306.94,32.0,318.0,28.0,305.33,15.0,320.0,7.0,312.47,11.060000000000002,47.0,35.0,2.3626044950429628,306.94,318.0,82,12.0,38.0,0.15
07:37:08,307.5,12.0,318.0,28.0,306.97,37.0,320.0,7.0,312.75,10.5,49.0,35.0,2.04701489979836,307.5,318.0,84,14.0,2.0,0.17
07:37:09,311.63,65.0,318.0,60.0,310.35,79.0,320.0,15.0,314.82,6.3700000000000045,144.0,75.0,1.5960043859576987,311.63,318.0,219,69.0,135.0,0.32
07:37:10,314.28,36.0,318.0,52.0,313.56,64.0,320.0,13.0,316.14,3.7200000000000273,100.0,65.0,1.7672662504547165,314.28,318.0,165,35.0,-54.0,0.21
07:37:11,316.77,62.0,318.25,32.0,313.0,66.0,319.64,14.0,317.51,1.4800000000000182,128.0,46.0,2.1651951413203125,316.77,318.25,174,82.0,9.0,0.47
07:37:12,318.06,51.0,322.14,14.0,309.43,14.0,325.28,50.0,320.1,4.079999999999984,65.0,64.0,2.7711062772832022,318.06,322.14,129,1.0,-45.0,0.01
07:37:13,323.53,158.0,325.0,66.0,320.74,54.0,332.0,22.0,324.27,1.4700000000000273,212.0,88.0,3.739046669941452,323.53,325.0,300,124.0,171.0,0.41
07:37:14,324.0,189.0,325.0,54.0,322.03,66.0,332.0,18.0,324.5,1.0,255.0,72.0,3.8184591133076218,324.0,325.0,327,183.0,27.0,0.56
07:37:15,324.0,84.0,325.0,24.0,323.0,8.0,332.0,8.0,324.5,1.0,92.0,32.0,3.2120133872702987,324.0,325.0,124,60.0,-186.5,0.48
07:37:16,324.0,184.0,325.0,54.0,323.0,18.0,332.0,18.0,324.5,1.0,202.0,72.0,1.9445770748430053,324.0,325.0,274,130.0,150.0,0.47
07:37:17,324.0,60.0,325.0,24.0,323.0,8.0,332.0,8.0,324.5,1.0,68.0,32.0,0.10285912699343579,324.0,325.0,100,36.0,-174.0,0.36
07:37:18,324.0,88.0,325.0,42.0,323.0,14.0,332.0,14.0,324.5,1.0,102.0,56.0,0.0,324.0,325.0,158,46.0,58.0,0.29
07:37:19,324.0,84.0,325.0,42.0,323.0,14.0,332.0,14.0,324.5,1.0,98.0,56.0,0.0,324.0,325.0,154,42.0,-4.0,0.27
07:37:20,324.0,145.0,325.0,90.0,323.0,30.0,332.0,30.0,324.5,1.0,175.0,120.0,0.0,324.0,325.0,295,55.0,141.0,0.19
07:37:21,324.0,48.0,325.0,23.0,323.0,16.0,332.0,16.0,324.5,1.0,64.0,39.0,0.0,324.0,325.0,103,25.0,-186.5,0.24
07:37:22,324.0,42.0,326.17,12.0,323.0,14.0,333.25,16.0,325.08,2.170000000000016,56.0,28.0,0.25938388540152874,324.0,326.17,84,28.0,-19.0,0.33
07:37:23,324.0,60.0,331.36,28.0,323.0,28.0,334.63,38.0,327.68,7.360000000000014,88.0,66.0,1.3803332930878003,324.0,331.36,154,22.0,70.0,0.14
07:37:24,323.4,15.0,331.0,22.0,322.05,76.0,332.55,22.0,327.2,7.600000000000023,91.0,44.0,1.5323576606024971,323.4,331.0,135,47.0,-19.0,0.35
07:37:25,323.0,7.0,330.23,26.0,322.0,56.0,331.86,14.0,326.62,7.230000000000018,63.0,40.0,1.3702116624841667,323.0,330.22999999999996,103,23.0,-32.0,0.22
07:37:26,323.0,10.0,329.22,23.0,322.0,80.0,330.04,47.0,326.11,6.220000000000027,90.0,70.0,1.007233835813705,323.0,329.22,160,20.0,57.0,0.12
07:37:27,322.7,56.0,325.74,43.0,318.25,76.0,329.59,34.0,324.22,3.0400000000000205,132.0,77.0,1.337677091082813,322.7,325.74,209,55.0,49.0,0.26
07:37:28,324.0,33.0,325.0,55.0,322.0,275.0,334.73,30.0,324.5,1.0,308.0,85.0,1.3124785712563416,324.0,325.0,393,223.0,184.0,0.57
07:37:29,324.0,27.0,325.0,17.0,322.0,225.0,338.0,36.0,324.5,1.0,252.0,53.0,1.0936635680164613,324.0,325.0,305,199.0,-88.0,0.65
07:37:30,324.0,21.0,325.0,7.0,322.0,175.0,338.0,28.0,324.5,1.0,196.0,35.0,0.7610387637998471,324.0,325.0,231,161.0,-74.0,0.7
07:37:31,324.0,12.0,325.0,8.0,322.0,200.0,337.22,23.0,324.5,1.0,212.0,31.0,0.12521980676231703,324.0,325.0,243,181.0,12.0,0.74
07:37:32,324.0,5.0,325.0,5.0,322.0,125.0,332.0,5.0,324.5,1.0,130.0,10.0,0.0,324.0,325.0,140,120.0,-103.0,0.86
07:37:33,324.0,7.0,325.0,7.0,322.0,175.0,332.0,7.0,324.5,1.0,182.0,14.0,0.0,324.0,325.0,196,168.0,56.0,0.86
07:37:34,324.0,7.0,325.0,7.0,322.0,175.0,332.0,7.0,324.5,1.0,182.0,14.0,0.0,324.0,325.0,196,168.0,0.0,0.86
07:37:35,322.0,299.0,324.33,21.0,320.0,78.0,328.47,15.0,323.17,2.329999999999984,377.0,36.0,0.5947940820194259,322.0,324.33,413,341.0,185.5,0.83
07:37:36,322.0,120.0,323.6,20.0,320.0,30.0,328.6,5.0,322.8,1.6000000000000227,150.0,25.0,0.8400476177008692,322.0,323.6,175,125.0,-186.5,0.71
07:37:37,322.0,192.0,324.76,17.0,320.0,48.0,330.88,8.0,323.38,2.759999999999991,240.0,25.0,0.7856207736590392,322.0,324.76,265,215.0,90.0,0.81
07:37:38,322.29,136.0,329.0,12.0,321.78,216.0,332.0,12.0,325.65,6.7099999999999795,352.0,24.0,1.1657401082595011,322.29,329.0,376,328.0,111.0,0.87
07:37:39,323.63,81.0,328.62,21.0,322.12,192.0,331.6,15.0,326.12,4.990000000000009,273.0,36.0,1.539425217412411,323.63,328.62,309,237.0,-67.0,0.77
07:37:40,325.0,9.0,328.0,36.0,323.14,21.0,329.22,9.0,326.5,3.0,30.0,45.0,1.6830626845147674,325.0,328.0,75,-15.0,-186.5,-0.2
07:37:41,325.0,10.0,326.7,40.0,324.0,10.0,331.8,20.0,325.85,1.6999999999999886,20.0,60.0,1.2271715446533122,325.0,326.7,80,-40.0,5.0,-0.5
07:37:42,324.73,11.0,328.52,50.0,323.47,17.0,333.06,51.0,326.62,3.7899999999999636,28.0,101.0,0.41360609280757876,324.73,328.52,129,-73.0,49.0,-0.57
07:37:43,324.0,7.0,331.62,24.0,323.0,21.0,333.03,37.0,327.81,7.6200000000000045,28.0,61.0,0.7525622897860733,324.0,331.62,89,-33.0,-40.0,-0.37
07:37:44,324.0,11.0,331.0,33.0,323.0,33.0,333.0,28.0,327.5,7.0,44.0,61.0,0.7936182961653405,324.0,331.0,105,-17.0,16.0,-0.16
07:37:45,324.0,14.0,331.0,21.0,323.0,21.0,333.0,14.0,327.5,7.0,35.0,35.0,0.8073598949716351,324.0,331.0,70,0.0,-35.0,0.0
07:37:46,324.0,22.0,330.55,33.0,323.0,33.0,333.0,22.0,327.27,6.550000000000011,55.0,55.0,0.44592600284011935,324.0,330.55,110,0.0,40.0,0.0
07:37:47,324.0,30.0,328.07,45.0,323.0,45.0,331.29,35.0,326.03,4.069999999999993,75.0,80.0,0.6934479072063368,324.0,328.07,155,-5.0,45.0,-0.03
07:37:48,322.26,144.0,325.82,51.0,321.77,171.0,329.0,51.0,324.04,3.5600000000000023,315.0,102.0,1.488311123390524,322.26,325.82,417,213.0,185.5,0.51
07:37:49,322.0,192.0,325.0,24.0,320.0,48.0,329.5,20.0,323.5,3.0,240.0,44.0,1.8305928001625849,322.0,325.0,284,196.0,-133.0,0.69
07:37:50,322.13,220.0,325.0,36.0,321.43,134.0,334.0,12.0,323.56,2.8700000000000045,354.0,48.0,1.68723146011632,322.13000000000005,325.0,402,306.0,118.0,0.76
07:37:51,323.0,112.0,325.0,48.0,321.75,111.0,331.84,25.0,324.0,2.0,223.0,73.0,1.0381136739324979,323.0,325.0,296,150.0,-106.0,0.51
07:37:52,323.0,51.0,327.72,43.0,322.0,91.0,334.08,48.0,325.36,4.720000000000027,142.0,91.0,0.7504132195034401,323.0,327.72,233,51.0,-63.0,0.22
07:37:53,323.71,70.0,332.0,12.0,322.17,59.0,333.0,60.0,327.86,8.29000000000002,129.0,72.0,1.8390976048068266,323.71,332.0,201,57.0,-32.0,0.28
07:37:54,324.06,96.0,331.03,31.0,323.53,38.0,332.44,18.0,327.55,6.96999999999997,134.0,49.0,1.9791109114971035,324.06,331.03,183,85.0,-18.0,0.46
07:37:55,325.0,44.0,330.97,87.0,324.0,150.0,331.36,33.0,327.98,5.970000000000027,194.0,120.0,1.7804212984593615,325.0,330.97,314,74.0,131.0,0.24
07:37:56,324.32,87.0,327.22,49.0,323.91,157.0,330.33,63.0,325.77,2.900000000000034,244.0,112.0,1.240858573733557,324.32,327.22,356,132.0,42.0,0.37
07:37:57,324.0,88.0,326.64,33.0,323.0,22.0,328.0,11.0,325.32,2.6399999999999864,110.0,44.0,1.2533674640775134,324.0,326.64,154,66.0,-186.5,0.43
07:37:58,324.0,67.0,325.22,27.0,323.0,18.0,332.67,24.0,324.61,1.2200000000000273,85.0,51.0,1.4549673535882235,324.0,325.22,136,34.0,-18.0,0.25
07:37:59,324.0,67.0,325.9,40.0,323.0,26.0,334.08,52.0,324.95,1.8999999999999773,93.0,92.0,1.331814551657646,324.0,325.9,185,1.0,49.0,0.01
07:38:00,325.2,10.0,334.0,44.0,323.18,17.0,335.8,40.0,329.6,8.800000000000011,27.0,84.0,2.030849575918252,325.2,334.0,111,-57.0,-74.0,-0.51
07:38:01,328.0,12.0,333.29,28.0,324.0,12.0,334.33,48.0,330.64,5.2900000000000205,24.0,76.0,2.86110642933955,328.0,333.29,100,-52.0,-11.0,-0.52
07:38:02,328.0,9.0,333.0,18.0,324.8,30.0,334.29,28.0,330.5,5.0,39.0,46.0,3.0230861714494623,328.0,333.0,85,-7.0,-15.0,-0.08
07:38:03,328.0,9.0,333.0,18.0,325.0,72.0,335.0,36.0,330.5,5.0,81.0,54.0,2.432533658556447,328.0,333.0,135,27.0,50.0,0.2
07:38:04,328.0,15.0,332.67,30.0,325.0,124.0,335.0,68.0,330.33,4.670000000000016,139.0,98.0,0.41398067589064014,328.0,332.67,237,41.0,102.0,0.17
07:38:05,326.11,19.0,330.38,26.0,324.44,32.0,334.32,62.0,328.24,4.269999999999982,51.0,88.0,1.0133212718633025,326.11,330.38,139,-37.0,-98.0,-0.27
07:38:06,325.0,30.0,327.67,60.0,324.0,45.0,330.4,30.0,326.33,2.670000000000016,75.0,90.0,1.8583191329828088,325.0,327.67,165,-15.0,26.0,-0.09
07:38:07,324.22,36.0,326.48,58.0,322.8,82.0,328.64,50.0,325.35,2.259999999999991,118.0,108.0,2.314919005064549,324.22,326.48,226,10.0,61.0,0.04
07:38:08,322.02,97.0,329.43,42.0,320.09,157.0,335.18,57.0,325.72,7.410000000000025,254.0,99.0,2.0765427999461368,322.02,329.43,353,155.0,127.0,0.44
07:38:09,320.66,74.0,331.32,31.0,319.29,140.0,333.63,19.0,325.99,10.659999999999968,214.0,50.0,1.1287293741226605,320.66,331.32,264,164.0,-89.0,0.62
07:38:10,327.1,52.0,330.94,32.0,320.33,79.0,333.0,16.0,329.02,3.839999999999975,131.0,48.0,1.4636153866393458,327.1,330.94,179,83.0,-85.0,0.46
07:38:11,328.0,57.0,329.58,24.0,324.0,12.0,337.92,52.0,328.79,1.579999999999984,69.0,76.0,1.7791936375807753,328.0,329.58,145,-7.0,-34.0,-0.05
07:38:12,324.73,11.0,337.67,36.0,320.04,91.0,340.15,40.0,331.2,12.939999999999998,102.0,76.0,2.293431926177231,324.73,337.67,178,26.0,33.0,0.15
07:38:13,324.0,5.0,341.0,10.0,320.0,50.0,342.0,25.0,332.5,17.0,55.0,35.0,2.4972284637194098,324.0,341.0,90,20.0,-88.0,0.22
07:38:14,326.0,54.0,341.0,26.0,320.4,43.0,342.0,65.0,333.5,15.0,97.0,91.0,2.082335227577907,326.0,341.0,188,6.0,98.0,0.03
07:38:15,323.0,4.0,341.0,8.0,320.0,24.0,342.0,20.0,332.0,18.0,28.0,28.0,1.7773632155562649,323.0,341.0,56,0.0,-132.0,0.0
07:38:16,320.43,14.0,339.0,8.0,319.0,18.0,340.75,16.0,329.71,18.569999999999993,32.0,24.0,1.4271019585203863,320.43,339.0,56,8.0,0.0,0.14
07:38:17,320.0,24.0,338.29,31.0,317.0,12.0,339.69,26.0,329.15,18.29000000000002,36.0,57.0,1.8637784203097616,320.0,338.29,93,-21.0,37.0,-0.23
07:38:18,320.0,24.0,337.84,64.0,317.0,12.0,338.22,64.0,328.92,17.839999999999975,36.0,128.0,2.004452543716524,320.0,337.84,164,-92.0,71.0,-0.56
07:38:19,320.0,16.0,335.73,30.0,317.0,15.0,337.23,70.0,327.87,15.730000000000018,31.0,100.0,1.5334112299088218,320.0,335.7300000000001,131,-69.0,-33.0,-0.53
07:38:20,320.0,11.0,334.45,22.0,317.0,11.0,335.81,54.0,327.23,14.449999999999989,22.0,76.0,1.0054750121258316,320.0,334.45,98,-54.0,-33.0,-0.55
07:38:21,320.96,175.0,330.0,28.0,318.5,14.0,332.0,28.0,325.48,9.04000000000002,189.0,56.0,1.480253356695571,320.96,330.0,245,133.0,147.0,0.54
07:38:22,321.0,264.0,328.73,22.0,320.0,11.0,331.36,22.0,324.86,7.730000000000018,275.0,44.0,1.6810919070674122,321.0,328.73,319,231.0,74.0,0.72
07:38:23,321.0,312.0,324.69,26.0,320.0,13.0,326.08,26.0,322.85,3.6899999999999977,325.0,52.0,1.9948358328459397,321.0,324.69,377,273.0,58.0,0.72
07:38:24,321.0,188.0,323.0,16.0,320.0,8.0,326.0,16.0,322.0,2.0,196.0,32.0,2.0924937275903304,321.0,323.0,228,164.0,-149.0,0.72
07:38:25,321.0,286.0,323.92,26.0,320.0,13.0,332.0,26.0,322.46,2.920000000000016,299.0,52.0,1.5426924515287643,321.0,323.92,351,247.0,123.0,0.7
07:38:26,321.0,154.0,323.0,10.0,320.0,7.0,332.0,14.0,322.0,2.0,161.0,24.0,1.1870046335221482,321.0,323.0,185,137.0,-166.0,0.74
07:38:27,321.0,226.0,324.43,14.0,320.0,13.0,333.0,27.0,322.71,3.430000000000007,239.0,41.0,0.39437291996603663,321.0,324.43,280,198.0,95.0,0.71
07:38:29,322.11,97.0,333.0,18.0,320.93,73.0,335.0,36.0,327.56,10.889999999999986,170.0,54.0,4.159228293807114,322.11,333.0,224,116.0,-100.0,0.52
07:38:30,321.0,153.0,332.36,28.0,320.0,9.0,334.88,34.0,326.68,11.360000000000014,162.0,62.0,3.8707105290897807,321.0,332.36,224,100.0,0.0,0.45
07:38:31,321.0,114.0,331.22,23.0,320.0,7.0,333.62,16.0,326.11,10.220000000000027,121.0,39.0,3.155292379480439,321.0,331.22,160,82.0,-64.0,0.51
07:38:32,323.15,68.0,329.89,54.0,322.48,88.0,333.0,64.0,326.52,6.740000000000009,156.0,118.0,2.203243064214228,323.15,329.88999999999993,274,38.0,114.0,0.14
07:38:33,325.48,23.0,327.62,39.0,324.82,34.0,333.0,26.0,326.55,2.1399999999999864,57.0,65.0,0.5342564927139836,325.48,327.62,122,-8.0,-152.0,-0.07
07:38:34,325.0,36.0,326.78,27.0,324.0,9.0,333.0,18.0,325.89,1.7799999999999727,45.0,45.0,0.33429029301894264,325.0,326.78,90,0.0,-32.0,0.0
07:38:35,325.0,75.0,331.64,33.0,324.0,12.0,337.23,26.0,328.32,6.639999999999986,87.0,59.0,0.9593070415706418,325.0,331.64,146,28.0,56.0,0.19
07:38:36,325.0,35.0,337.38,13.0,324.0,7.0,338.6,20.0,331.19,12.379999999999995,42.0,33.0,2.1537943263013983,325.0,337.38,75,9.0,-71.0,0.12
07:38:37,328.27,33.0,336.0,9.0,324.91,33.0,338.0,18.0,332.14,7.730000000000018,66.0,27.0,2.76708691587549,328.27,336.0,93,39.0,18.0,0.42
07:38:38,328.86,28.0,336.0,8.0,324.94,32.0,339.2,25.0,332.43,7.139999999999986,60.0,33.0,2.811357323431288,328.86,336.0,93,27.0,0.0,0.29
07:38:39,325.0,65.0,333.0,31.0,324.0,13.0,335.0,34.0,329.0,8.0,78.0,65.0,1.8591476541715164,325.0,333.0,143,13.0,50.0,0.09
07:38:40,325.0,40.0,331.52,29.0,324.0,8.0,335.35,31.0,328.26,6.519999999999982,48.0,60.0,1.8777726166954936,325.0,331.52,108,-12.0,-35.0,-0.11
07:38:41,325.0,104.0,329.62,16.0,321.14,191.0,330.87,46.0,327.31,4.6200000000000045,295.0,62.0,2.323805069279805,325.0,329.62,357,233.0,185.5,0.65
07:38:42,325.0,48.0,329.07,15.0,321.73,82.0,330.82,33.0,327.03,4.069999999999993,130.0,48.0,2.1714810613978135,325.0,329.07,178,82.0,-179.0,0.46
07:38:43,323.0,36.0,326.24,54.0,321.0,468.0,327.0,36.0,324.62,3.240000000000009,504.0,90.0,1.6621762842753771,323.0,326.24,594,414.0,185.5,0.7
07:38:44,324.68,28.0,326.0,40.0,322.26,47.0,334.29,59.0,325.34,1.3199999999999932,75.0,99.0,1.4928060825192973,324.68,326.0,174,-24.0,-186.5,-0.14
07:38:45,323.89,9.0,326.0,18.0,321.09,134.0,335.0,36.0,324.94,2.1100000000000136,143.0,54.0,1.2374449482727616,323.89,326.0,197,89.0,23.0,0.45
07:38:46,323.0,14.0,325.5,28.0,321.0,364.0,335.0,56.0,324.25,2.5,378.0,84.0,1.0803379101026824,323.0,325.5,462,294.0,185.5,0.64
07:38:47,323.0,11.0,324.82,22.0,321.0,286.0,335.0,44.0,323.91,1.8199999999999932,297.0,66.0,0.5615781334813115,323.0,324.82,363,231.0,-99.0,0.64
07:38:48,321.02,328.0,325.77,26.0,317.36,143.0,332.57,37.0,323.39,4.75,471.0,63.0,0.7829623234895026,321.02,325.77000000000004,534,408.0,171.0,0.76
07:38:49,321.0,216.0,333.0,9.0,313.0,45.0,334.89,36.0,327.0,12.0,261.0,45.0,1.4044821109592251,321.0,333.0,306,216.0,-186.5,0.71
07:38:50,321.0,264.0,333.0,12.0,313.0,60.0,334.0,48.0,327.0,12.0,324.0,60.0,1.7522984905560313,321.0,333.0,384,264.0,78.0,0.69
07:38:51,321.0,242.0,329.5,22.0,313.0,55.0,331.58,19.0,325.25,8.5,297.0,41.0,1.6853931292150093,321.0,329.5,338,256.0,-46.0,0.76
07:38:52,321.0,286.0,327.47,34.0,314.66,29.0,328.18,44.0,324.24,6.470000000000027,315.0,78.0,1.6221374787622813,321.0,327.47,393,237.0,55.0,0.6
07:38:53,321.0,183.0,326.89,18.0,315.0,18.0,328.78,36.0,323.94,5.889999999999986,201.0,54.0,1.4648139813660108,321.0,326.89,255,147.0,-138.0,0.58
07:38:54,321.08,166.0,324.7,20.0,319.22,54.0,329.0,40.0,322.89,3.6200000000000045,220.0,60.0,1.5533286838285818,321.08,324.7,280,160.0,25.0,0.57
07:38:55,322.46,65.0,328.75,48.0,321.04,138.0,331.11,35.0,325.61,6.2900000000000205,203.0,83.0,1.0843108410434674,322.46,328.75,286,120.0,6.0,0.42
07:38:56,323.6,60.0,333.0,40.0,322.0,10.0,336.0,40.0,328.3,9.399999999999977,70.0,80.0,2.0865833316704303,323.6,333.0,150,-10.0,-136.0,-0.07
07:38:57,324.8,60.0,333.0,40.0,321.01,172.0,336.0,40.0,328.9,8.199999999999989,232.0,80.0,2.6335280518736837,324.8,333.0,312,152.0,162.0,0.49
07:38:58,326.0,72.0,333.0,48.0,321.0,228.0,336.83,23.0,329.5,7.0,300.0,71.0,2.7552767556103315,326.0,333.0,371,229.0,59.0,0.62
07:38:59,326.5,12.0,333.0,48.0,321.16,185.0,337.0,36.0,329.75,6.5,197.0,84.0,1.6640222354307186,326.5,333.0,281,113.0,-90.0,0.4
07:39:00,327.0,8.0,333.0,32.0,322.0,84.0,337.0,24.0,330.0,6.0,92.0,56.0,0.6877499545682706,327.0,333.0,148,36.0,-133.0,0.24
07:39:01,327.0,7.0,333.0,28.0,322.0,84.0,337.0,21.0,330.0,6.0,91.0,49.0,0.4577116996636574,327.0,333.0,140,42.0,-8.0,0.3
07:39:02,327.0,14.0,332.0,40.0,322.0,96.0,336.7,53.0,329.5,5.0,110.0,93.0,0.25000000001821376,327.0,332.0,203,17.0,63.0,0.08
07:39:03,327.0,10.0,332.0,40.0,322.0,96.0,337.0,56.0,329.5,5.0,106.0,96.0,0.25000000001821376,327.0,332.0,202,10.0,-1.0,0.05
07:39:04,327.0,11.0,331.18,49.0,322.0,132.0,334.17,53.0,329.09,4.180000000000007,143.0,102.0,0.3868074456483229,327.0,331.18,245,41.0,43.0,0.17
07:39:05,324.6,25.0,329.33,57.0,321.97,157.0,332.35,69.0,326.97,4.729999999999961,182.0,126.0,1.1861998145372998,324.6,329.33,308,56.0,63.0,0.18
07:39:06,323.3,20.0,330.73,94.0,322.0,240.0,334.18,84.0,327.02,7.430000000000007,260.0,178.0,1.308063454121306,323.3,330.73,438,82.0,130.0,0.19
07:39:07,325.0,19.0,329.49,71.0,322.0,228.0,330.26,81.0,327.25,4.490000000000009,247.0,152.0,1.2263890084338354,325.0,329.49,399,95.0,-39.0,0.24
07:39:08,325.0,16.0,328.81,52.0,322.0,192.0,329.92,76.0,326.9,3.8100000000000023,208.0,128.0,0.9283479951003486,325.0,328.81,336,80.0,-63.0,0.24
07:39:09,325.0,20.0,327.58,78.0,322.0,240.0,328.33,82.0,326.29,2.579999999999984,260.0,160.0,0.3580921669156144,325.0,327.58,420,100.0,84.0,0.24
07:39:10,323.44,27.0,326.44,68.0,320.51,141.0,328.21,85.0,324.94,3.0,168.0,153.0,0.9312088917133188,323.44,326.44,321,15.0,-99.0,0.05
07:39:11,321.22,36.0,324.97,67.0,316.39,76.0,325.88,34.0,323.1,3.75,112.0,101.0,1.6976542639787333,321.22,324.97,213,11.0,-108.0,0.05
07:39:12,321.0,28.0,323.92,26.0,316.0,70.0,324.92,52.0,322.46,2.920000000000016,98.0,78.0,1.9362386216591037,321.0,323.92,176,20.0,-37.0,0.11
07:39:13,321.0,41.0,322.93,30.0,315.82,87.0,324.11,36.0,321.97,1.9300000000000068,128.0,66.0,1.8112619909895777,321.0,322.93,194,62.0,18.0,0.32
07:39:14,321.0,38.0,322.87,46.0,316.0,52.0,326.62,32.0,321.93,1.8700000000000045,90.0,78.0,1.2448895533350766,321.0,322.87,168,12.0,-26.0,0.07
07:39:15,321.0,18.0,322.44,36.0,317.5,40.0,332.0,18.0,321.72,1.4399999999999977,58.0,54.0,0.5539223772356227,321.0,322.44,112,4.0,-56.0,0.04
07:39:16,321.0,12.0,322.0,24.0,319.0,30.0,332.0,12.0,321.5,1.0,42.0,36.0,0.35725341146329387,321.0,322.0,78,6.0,-34.0,0.08
07:39:17,321.0,18.0,322.0,32.0,316.41,37.0,332.0,18.0,321.5,1.0,55.0,50.0,0.2254550953118316,321.0,322.0,105,5.0,27.0,0.05
07:39:18,317.11,94.0,323.72,58.0,314.91,44.0,332.67,42.0,320.42,6.610000000000014,138.0,100.0,0.5836779934192483,317.11,323.72,238,38.0,133.0,0.16
07:39:19,317.86,98.0,321.0,38.0,315.29,14.0,332.0,56.0,319.43,3.1399999999999864,112.0,94.0,0.9724607961258224,317.86,321.0,206,18.0,-32.0,0.09
07:39:20,318.0,70.0,321.0,10.0,315.0,10.0,331.89,38.0,319.5,3.0,80.0,48.0,1.018184659087652,318.0,321.0,128,32.0,-78.0,0.25
07:39:21,320.22,109.0,330.38,61.0,320.51,47.0,332.88,48.0,325.3,10.159999999999968,156.0,109.0,2.4252216393562582,320.22,330.38,265,47.0,137.0,0.18
07:39:22,326.0,75.0,331.93,30.0,324.0,105.0,335.23,39.0,328.97,5.930000000000007,180.0,69.0,4.248567994042543,326.0,331.93,249,111.0,-16.0,0.45
07:39:23,326.0,40.0,335.0,16.0,324.0,56.0,339.0,16.0,330.5,9.0,96.0,32.0,5.172953701706942,326.0,335.0,128,64.0,-121.0,0.5
07:39:24,326.74,43.0,336.45,22.0,324.58,69.0,340.09,22.0,331.6,9.70999999999998,112.0,44.0,4.906106399172844,326.74,336.45,156,68.0,28.0,0.44
07:39:27,326.0,14.0,336.0,42.0,324.0,77.0,342.53,17.0,331.0,10.0,91.0,59.0,1.6338604591602135,326.0,336.0,150,32.0,-56.0,0.21
07:39:28,326.0,20.0,336.0,60.0,324.0,110.0,344.0,20.0,331.0,10.0,130.0,80.0,1.520526224702249,326.0,336.0,210,50.0,60.0,0.24
07:39:29,324.39,62.0,335.08,39.0,323.74,76.0,336.57,40.0,329.73,10.689999999999998,138.0,79.0,1.8974799076688913,324.39,335.08,217,59.0,7.0,0.27
07:39:30,324.0,120.0,334.0,36.0,322.0,24.0,335.0,36.0,329.0,10.0,144.0,72.0,1.542540112932812,324.0,334.0,216,72.0,-1.0,0.33
07:39:31,324.0,120.0,333.33,36.0,322.0,24.0,335.0,36.0,328.67,9.329999999999984,144.0,72.0,1.0919935897277306,324.0,333.33,216,72.0,0.0,0.33
07:39:32,324.25,48.0,329.88,48.0,322.67,36.0,335.0,48.0,327.06,5.6299999999999955,84.0,96.0,1.4459495150267911,324.25,329.88,180,-12.0,-36.0,-0.07
07:39:33,324.86,42.0,327.43,42.0,323.8,40.0,332.0,36.0,326.14,2.569999999999993,82.0,78.0,1.4758895622660682,324.86,327.43,160,4.0,-20.0,0.03
07:39:34,324.0,27.0,325.89,27.0,322.0,18.0,326.89,27.0,324.94,1.8899999999999864,45.0,54.0,1.7062004571578417,324.0,325.88999999999993,99,-9.0,-61.0,-0.09
07:39:35,322.0,26.0,323.54,39.0,318.0,13.0,326.0,39.0,322.77,1.5400000000000205,39.0,78.0,2.2244842098799404,322.0,323.54,117,-39.0,18.0,-0.33
07:39:43,320.42,120.0,338.0,74.0,319.77,48.0,341.0,14.0,329.21,17.579999999999984,168.0,88.0,2.1880767811044506,320.42,338.0,256,80.0,105.0,0.31
07:39:44,323.29,63.0,337.63,73.0,322.34,141.0,338.24,33.0,330.46,14.339999999999975,204.0,106.0,2.195750441195085,323.29,337.63,310,98.0,54.0,0.32
07:39:45,325.85,39.0,334.94,33.0,324.0,117.0,335.58,19.0,330.39,9.089999999999975,156.0,52.0,2.2357929242235426,325.85,334.94,208,104.0,-102.0,0.5
07:39:46,326.0,34.0,333.42,12.0,324.0,108.0,334.77,30.0,329.71,7.420000000000016,142.0,42.0,1.8860885451132683,326.0,333.42,184,100.0,-24.0,0.54
07:39:47,326.0,66.0,332.0,19.0,324.0,188.0,333.0,19.0,329.0,6.0,254.0,38.0,0.6650789426878649,326.0,332.0,292,216.0,108.0,0.74
07:39:48,326.0,117.0,331.23,13.0,324.0,130.0,332.23,13.0,328.62,5.230000000000018,247.0,26.0,0.820018292482991,326.0,331.22999999999996,273,221.0,-19.0,0.81
07:39:49,326.0,126.0,330.57,14.0,324.0,140.0,331.71,14.0,328.29,4.569999999999993,266.0,28.0,0.8486283049759922,326.0,330.57,294,238.0,21.0,0.81
07:39:50,326.0,108.0,328.92,12.0,324.0,120.0,329.92,12.0,327.46,2.920000000000016,228.0,24.0,0.8347035401901791,326.0,328.92,252,204.0,-42.0,0.81
07:39:51,326.0,117.0,333.27,22.0,324.0,130.0,332.0,13.0,329.64,7.269999999999982,247.0,35.0,0.8120467966847819,326.0,333.27,282,212.0,30.0,0.75
07:39:52,326.0,112.0,338.0,59.0,324.0,130.0,344.0,16.0,332.0,12.0,242.0,75.0,1.7482619940977144,326.0,338.0,317,167.0,35.0,0.53
07:39:53,326.0,42.0,338.0,30.0,324.0,60.0,344.0,12.0,332.0,12.0,102.0,42.0,2.0875152694069348,326.0,338.0,144,60.0,-173.0,0.42
07:39:54,326.0,49.0,338.0,35.0,324.0,70.0,346.0,7.0,332.0,12.0,119.0,42.0,2.0407841630137726,326.0,338.0,161,77.0,17.0,0.48
07:39:55,326.0,52.0,338.0,40.0,324.0,80.0,346.0,8.0,332.0,12.0,132.0,48.0,1.0554240853840104,326.0,338.0,180,84.0,19.0,0.47
07:39:56,324.94,102.0,338.0,60.0,323.31,87.0,346.0,12.0,331.47,13.060000000000002,189.0,72.0,0.2370232056339613,324.94,338.0,261,117.0,81.0,0.45
07:39:57,325.45,99.0,338.0,60.0,323.69,96.0,346.0,12.0,331.73,12.550000000000011,195.0,72.0,0.23759208742917998,325.45,338.0,267,123.0,6.0,0.46
07:39:58,324.0,90.0,337.22,46.0,322.0,56.0,339.14,14.0,330.61,13.220000000000027,146.0,60.0,0.5759079787680728,324.0,337.22,206,86.0,-61.0,0.42
07:39:59,324.0,117.0,335.23,43.0,322.0,65.0,337.02,41.0,329.62,11.230000000000018,182.0,84.0,0.9712517696294467,324.0,335.23,266,98.0,60.0,0.37
07:40:00,324.0,88.0,334.89,36.0,322.0,60.0,335.67,24.0,329.44,10.889999999999986,148.0,60.0,1.041215635691247,324.0,334.89,208,88.0,-58.0,0.42
07:40:01,324.0,50.0,333.5,10.0,322.0,50.0,336.8,41.0,328.75,9.5,100.0,51.0,1.1598491281228949,324.0,333.5,151,49.0,-57.0,0.32
07:40:02,324.37,43.0,332.0,15.0,323.07,75.0,335.67,27.0,328.19,7.6299999999999955,118.0,42.0,0.917916118175729,324.37,332.0,160,76.0,9.0,0.47
07:40:03,326.0,18.0,328.78,18.0,322.92,86.0,330.83,18.0,327.39,2.7799999999999727,104.0,36.0,0.91791611817542,326.0,328.78,140,68.0,-20.0,0.49
07:40:04,325.89,9.0,327.56,9.0,323.71,14.0,332.0,12.0,326.72,1.670000000000016,23.0,21.0,1.0764153473477025,325.89,327.56,44,2.0,-96.0,0.05
07:40:05,325.0,10.0,328.0,10.0,322.0,60.0,338.24,37.0,326.5,3.0,70.0,47.0,0.9563733580590431,325.0,328.0,117,23.0,73.0,0.2
07:40:06,325.0,11.0,327.0,11.0,322.0,66.0,340.03,31.0,326.0,2.0,77.0,42.0,0.8497940927099215,325.0,327.0,119,35.0,2.0,0.29
07:40:07,323.26,124.0,340.57,53.0,321.63,95.0,343.12,48.0,331.91,17.310000000000002,219.0,101.0,2.4036701104779867,323.26,340.57,320,118.0,185.5,0.37
07:40:08,325.75,108.0,339.92,48.0,322.0,74.0,340.92,48.0,332.83,14.170000000000016,182.0,96.0,3.292760240285634,325.75,339.92,278,86.0,-42.0,0.31
07:40:09,326.1,60.0,339.0,48.0,324.25,96.0,340.0,48.0,332.55,12.899999999999977,156.0,96.0,3.405902229954161,326.1,339.0,252,60.0,-26.0,0.24
07:40:10,327.12,49.0,338.38,64.0,325.6,105.0,340.85,52.0,332.75,11.259999999999991,154.0,116.0,2.933670056432312,327.12,338.38,270,38.0,18.0,0.14
07:40:11,327.22,54.0,338.0,43.0,323.11,54.0,345.0,35.0,332.61,10.779999999999973,108.0,78.0,0.36386810798482094,327.22,338.0,186,30.0,-84.0,0.16
07:40:12,328.0,51.0,338.0,45.0,327.0,54.0,345.0,27.0,333.0,10.0,105.0,72.0,0.17922053456177492,328.0,338.0,177,33.0,-9.0,0.19
07:40:13,328.0,35.0,338.0,35.0,327.0,42.0,342.14,21.0,333.0,10.0,77.0,56.0,0.21182539981936765,328.0,338.0,133,21.0,-44.0,0.16
07:40:14,327.0,60.0,337.1,50.0,322.0,240.0,338.19,48.0,332.05,10.100000000000023,300.0,98.0,0.39098593326175407,327.0,337.1,398,202.0,185.5,0.51
07:40:15,327.0,78.0,336.81,62.0,322.0,296.0,337.73,56.0,331.9,9.810000000000002,374.0,118.0,0.5181409074841111,327.0,336.81,492,256.0,94.0,0.52
07:40:16,327.0,84.0,336.0,56.0,322.02,245.0,337.0,70.0,331.5,9.0,329.0,126.0,0.6786015030990454,327.0,336.0,455,203.0,-37.0,0.45
07:40:17,327.0,72.0,334.75,48.0,324.0,12.0,336.0,48.0,330.88,7.75,84.0,96.0,0.7789608462611964,327.0,334.75,180,-12.0,-186.5,-0.07
07:40:18,327.0,66.0,331.87,46.0,324.0,11.0,333.38,52.0,329.43,4.8700000000000045,77.0,98.0,1.063752790834144,327.0,331.87,175,-21.0,-5.0,-0.12
07:40:20,327.0,120.0,329.6,80.0,324.0,20.0,331.0,80.0,328.3,2.6000000000000227,140.0,160.0,1.2515909875061637,327.0,329.6,300,-20.0,-15.0,-0.07
07:40:21,326.29,42.0,332.53,45.0,322.07,172.0,335.19,53.0,329.41,6.239999999999952,214.0,98.0,0.9703452993684215,326.29,332.53,312,116.0,12.0,0.37
07:40:22,322.04,92.0,335.04,23.0,320.42,38.0,336.21,29.0,328.54,13.0,130.0,52.0,0.7715244649433345,322.04,335.04,182,78.0,-130.0,0.43
07:40:23,322.09,94.0,334.1,40.0,321.03,62.0,335.08,26.0,328.09,12.010000000000048,156.0,66.0,0.8870569316599434,322.09,334.1,222,90.0,40.0,0.41
07:40:24,322.0,135.0,331.81,21.0,319.0,30.0,333.56,45.0,326.9,9.810000000000002,165.0,66.0,0.9055771640260958,322.0,331.81,231,99.0,9.0,0.43
07:40:25,324.48,190.0,327.94,36.0,321.51,97.0,332.4,57.0,326.21,3.4599999999999795,287.0,93.0,1.280371039974468,324.48,327.94,380,194.0,149.0,0.51
07:40:26,326.02,116.0,334.04,50.0,322.13,223.0,336.0,30.0,330.03,8.020000000000039,339.0,80.0,1.4852710190417453,326.02,334.04,419,259.0,39.0,0.62
07:40:27,327.8,30.0,331.82,22.0,326.17,93.0,333.0,70.0,329.81,4.019999999999982,123.0,92.0,1.7031500227535539,327.8,331.82,215,31.0,-186.5,0.14
07:40:28,327.0,18.0,331.05,20.0,326.0,98.0,335.42,19.0,329.02,4.050000000000011,116.0,39.0,1.7374780574169921,327.0,331.05,155,77.0,-60.0,0.5
07:40:29,327.0,12.0,329.81,26.0,326.0,84.0,332.67,27.0,328.4,2.8100000000000023,96.0,53.0,1.5324261809319488,327.0,329.81,149,43.0,-6.0,0.29
07:40:30,326.55,11.0,329.44,27.0,324.95,57.0,333.29,17.0,327.99,2.8899999999999864,68.0,44.0,0.8782084035158644,326.55,329.44,112,24.0,-37.0,0.21
07:40:31,326.0,40.0,328.62,40.0,322.0,120.0,330.0,24.0,327.31,2.6200000000000045,160.0,64.0,0.958191003926428,326.0,328.62,224,96.0,112.0,0.43
07:40:32,323.3,111.0,327.39,51.0,321.85,130.0,330.12,48.0,325.34,4.089999999999975,241.0,99.0,1.414167599687172,323.3,327.39,340,142.0,116.0,0.42
07:40:33,322.09,82.0,325.91,57.0,321.1,151.0,330.63,27.0,324.0,3.82000000000005,233.0,84.0,1.8723968596438891,322.09,325.91,317,149.0,-23.0,0.47
07:40:34,322.0,105.0,325.0,35.0,319.0,77.0,326.0,14.0,323.5,3.0,182.0,49.0,1.9792599627142462,322.0,325.0,231,133.0,-86.0,0.58
07:40:35,322.0,139.0,329.31,52.0,319.0,66.0,333.7,37.0,325.65,7.310000000000002,205.0,89.0,1.4996832999014273,322.0,329.31,294,116.0,63.0,0.39
07:40:36,322.86,42.0,336.96,47.0,321.4,30.0,337.53,19.0,329.91,14.099999999999966,72.0,66.0,2.5290413203432887,322.86,336.96,138,6.0,-156.0,0.04
07:40:37,324.0,48.0,336.0,16.0,322.0,64.0,337.0,32.0,330.0,12.0,112.0,48.0,3.1538817352596586,324.0,336.0,160,64.0,22.0,0.4
07:40:38,322.22,54.0,336.0,14.0,319.9,20.0,338.0,35.0,329.11,13.779999999999973,74.0,49.0,2.9147435564737627,322.22,336.0,123,25.0,-37.0,0.2
07:40:39,322.62,64.0,336.0,16.0,319.66,61.0,338.0,40.0,329.31,13.379999999999995,125.0,56.0,1.799355440152474,322.62,336.0,181,69.0,58.0,0.38
07:40:40,325.0,64.0,336.0,16.0,322.0,64.0,338.0,40.0,330.5,11.0,128.0,56.0,0.5595801997989958,325.0,336.0,184,72.0,3.0,0.39
07:40:41,325.92,104.0,336.0,26.0,322.0,98.0,338.0,65.0,330.96,10.079999999999984,202.0,91.0,0.7805318699497498,325.92,336.0,293,111.0,109.0,0.38
07:40:42,326.0,58.0,336.0,22.0,322.0,94.0,338.0,55.0,331.0,10.0,152.0,77.0,0.9062174132113259,326.0,336.0,229,75.0,-64.0,0.33
07:40:43,326.0,22.0,336.0,16.0,322.0,80.0,338.0,40.0,331.0,10.0,102.0,56.0,0.7268287281112227,326.0,336.0,158,46.0,-71.0,0.29
07:40:44,326.0,12.0,336.0,12.0,322.0,44.0,338.0,30.0,331.0,10.0,56.0,42.0,0.21981810664293414,326.0,336.0,98,14.0,-60.0,0.14
07:40:45,325.1,31.0,336.0,26.0,321.7,89.0,338.0,65.0,330.55,10.899999999999977,120.0,91.0,0.19753480707989132,325.1,336.0,211,29.0,113.0,0.14
07:40:46,323.88,64.0,336.0,24.0,320.07,98.0,338.0,60.0,329.94,12.120000000000005,162.0,84.0,0.4663903944207356,323.88,336.0,246,78.0,35.0,0.32
07:40:48,324.0,20.0,336.0,16.0,321.84,38.0,338.0,40.0,330.0,12.0,58.0,56.0,1.2524056850749663,324.0,336.0,114,2.0,-33.0,0.02
07:40:49,322.0,40.0,338.0,40.0,320.0,8.0,339.0,32.0,330.0,16.0,48.0,72.0,1.3105418726648683,322.0,338.0,120,-24.0,6.0,-0.2
07:40:50,322.0,40.0,336.0,16.0,320.0,8.0,338.0,52.0,329.0,14.0,48.0,68.0,1.5207629664111706,322.0,336.0,116,-20.0,-4.0,-0.17
07:40:51,323.09,55.0,336.0,22.0,321.71,35.0,338.0,99.0,329.55,12.910000000000025,90.0,121.0,1.5590060936403132,323.09,336.0,211,-31.0,95.0,-0.15
07:40:52,324.19,43.0,335.04,52.0,322.73,55.0,337.81,83.0,329.61,10.850000000000023,98.0,135.0,0.41154586622521677,324.19,335.04,233,-37.0,22.0,-0.16
07:40:53,325.0,22.0,335.0,70.0,324.0,70.0,338.0,154.0,330.0,10.0,92.0,224.0,0.41154586622521677,325.0,335.0,316,-132.0,83.0,-0.42
07:40:54,325.72,25.0,334.81,80.0,324.2,44.0,338.0,116.0,330.27,9.089999999999975,69.0,196.0,0.4833528731756014,325.72,334.81,265,-127.0,-51.0,-0.48
07:40:55,326.0,22.0,333.28,39.0,325.0,11.0,336.55,69.0,329.64,7.279999999999973,33.0,108.0,0.30988707621845696,326.0,333.28,141,-75.0,-124.0,-0.53
07:40:56,325.54,26.0,329.57,14.0,322.66,50.0,333.0,70.0,327.55,4.029999999999973,76.0,84.0,1.0770468884904012,325.54,329.57,160,-8.0,19.0,-0.05
07:40:57,324.0,22.0,325.92,65.0,322.0,169.0,336.91,35.0,324.96,1.920000000000016,191.0,100.0,2.242505295424307,324.0,325.92,291,91.0,131.0,0.31
07:40:58,324.0,13.0,328.93,61.0,322.0,169.0,340.36,56.0,326.47,4.930000000000007,182.0,117.0,2.2011974014171085,324.0,328.93,299,65.0,8.0,0.22
07:40:59,323.52,25.0,339.4,50.0,321.68,142.0,340.44,39.0,331.46,15.879999999999995,167.0,89.0,2.5712312225868756,323.52,339.4,256,78.0,-43.0,0.3
07:41:00,326.0,24.0,339.0,78.0,322.0,144.0,340.0,30.0,332.5,13.0,168.0,108.0,3.251072130852538,326.0,339.0,276,60.0,20.0,0.22
07:41:01,326.38,13.0,337.28,53.0,322.69,58.0,339.55,22.0,331.83,10.899999999999977,71.0,75.0,3.4658087079362456,326.38,337.28000000000003,146,-4.0,-130.0,-0.03
07:41:02,327.0,10.0,335.97,58.0,326.0,20.0,338.5,24.0,331.48,8.970000000000027,30.0,82.0,2.4281824478419467,327.0,335.97,112,-52.0,-34.0,-0.46
07:41:03,327.0,11.0,331.98,51.0,326.0,22.0,333.1,48.0,329.49,4.980000000000018,33.0,99.0,1.1226620150375712,327.0,331.98,132,-66.0,20.0,-0.5
07:41:04,323.17,69.0,328.94,66.0,322.17,138.0,330.33,60.0,326.06,5.769999999999982,207.0,126.0,2.607828598663566,323.17,328.94,333,81.0,185.5,0.24
07:41:05,323.0,36.0,328.0,30.0,322.0,72.0,330.0,24.0,325.5,5.0,108.0,54.0,2.96694624150939,323.0,328.0,162,54.0,-171.0,0.33
07:41:06,323.2,90.0,326.34,41.0,322.09,198.0,327.85,73.0,324.77,3.1399999999999864,288.0,114.0,2.8861306276753576,323.2,326.34,402,174.0,185.5,0.43
07:41:07,322.52,92.0,324.86,28.0,320.17,138.0,326.67,48.0,323.69,2.340000000000032,230.0,76.0,2.1928679850835624,322.52,324.86,306,154.0,-96.0,0.5
07:41:08,322.0,64.0,323.0,16.0,316.0,119.0,325.0,16.0,322.5,1.0,183.0,32.0,1.4285062127982318,322.0,323.0,215,151.0,-91.0,0.7
07:41:09,327.16,62.0,333.11,27.0,317.64,88.0,337.51,37.0,330.14,5.949999999999989,150.0,64.0,2.923037803382606,327.16,333.11000000000007,214,86.0,-1.0,0.4
07:41:22,328.2,10.0,332.38,26.0,325.15,52.0,337.82,22.0,330.29,4.180000000000007,62.0,48.0,1.0490805498190523,328.2,332.38,110,14.0,54.0,0.13
07:41:23,327.0,13.0,333.75,51.0,325.0,88.0,335.11,47.0,330.37,6.75,101.0,98.0,0.4802395235797678,327.0,333.75,199,3.0,89.0,0.02
07:41:24,326.58,19.0,331.99,76.0,324.94,62.0,333.41,68.0,329.28,5.410000000000025,81.0,144.0,0.5154318577733042,326.58,331.99,225,-63.0,26.0,-0.28
07:41:25,325.68,38.0,330.44,72.0,324.79,58.0,331.56,72.0,328.06,4.759999999999991,96.0,144.0,1.0371836867243345,325.68,330.44,240,-48.0,15.0,-0.2
07:41:26,326.0,30.0,329.14,70.0,325.0,60.0,330.23,65.0,327.57,3.1399999999999864,90.0,135.0,1.2730789449230584,326.0,329.14,225,-45.0,-15.0,-0.2
07:41:27,324.67,36.0,326.7,50.0,323.12,32.0,327.53,53.0,325.68,2.0299999999999727,68.0,103.0,1.7777710763777292,324.67,326.7,171,-35.0,-54.0,-0.2
07:41:28,323.0,12.0,325.11,28.0,322.0,18.0,326.25,20.0,324.05,2.1100000000000136,30.0,48.0,2.0655435120092687,323.0,325.11,78,-18.0,-93.0,-0.23
07:41:29,320.13,141.0,324.38,80.0,318.88,24.0,330.0,61.0,322.25,4.25,165.0,141.0,2.425565913349253,320.13,324.38,306,24.0,185.5,0.08
07:41:30,320.0,63.0,326.0,21.0,317.0,7.0,337.43,28.0,323.0,6.0,70.0,49.0,2.1407825671937095,320.0,326.0,119,21.0,-186.5,0.18
07:41:31,325.16,93.0,332.77,40.0,320.26,35.0,337.22,41.0,328.97,7.609999999999957,128.0,81.0,2.667761233694083,325.16,332.77,209,47.0,90.0,0.22
07:41:37,324.0,54.0,330.76,72.0,322.0,216.0,332.75,55.0,327.38,6.759999999999991,270.0,127.0,1.7854747267907387,324.0,330.76,397,143.0,185.5,0.36
07:41:38,324.0,39.0,328.12,51.0,322.0,156.0,329.66,53.0,326.06,4.1200000000000045,195.0,104.0,2.330467764206698,324.0,328.12,299,91.0,-98.0,0.3
07:41:39,322.2,120.0,327.4,47.0,321.84,57.0,333.0,25.0,324.8,5.199999999999989,177.0,72.0,2.754755887552405,322.2,327.4,249,105.0,-50.0,0.42
07:41:40,323.29,34.0,327.38,52.0,322.0,204.0,333.52,23.0,325.34,4.089999999999975,238.0,75.0,2.3319262424019556,323.29,327.38,313,163.0,64.0,0.52
07:41:41,323.18,34.0,325.92,49.0,319.9,118.0,328.38,32.0,324.55,2.740000000000009,152.0,81.0,1.1387185780520874,323.18,325.92,233,71.0,-80.0,0.3
07:41:42,322.0,20.0,323.08,24.0,315.33,48.0,325.0,36.0,322.54,1.079999999999984,68.0,60.0,1.317998482548223,322.0,323.08,128,8.0,-105.0,0.06
07:41:43,316.0,56.0,324.0,19.0,314.0,7.0,330.25,12.0,320.0,8.0,63.0,31.0,2.198585909169229,316.0,324.0,94,32.0,-34.0,0.34
07:41:44,316.0,120.0,320.82,38.0,314.0,15.0,321.51,47.0,318.41,4.819999999999993,135.0,85.0,2.945194390867143,316.0,320.82,220,50.0,126.0,0.23
07:41:45,316.83,29.0,319.09,75.0,315.85,78.0,320.48,31.0,317.96,2.259999999999991,107.0,106.0,2.8039917974189676,316.83,319.09,213,1.0,-7.0,0.0
07:41:46,313.56,36.0,318.97,87.0,312.3,43.0,319.7,20.0,316.26,5.410000000000025,79.0,107.0,2.369763701298096,313.56,318.97,186,-28.0,-27.0,-0.15
07:41:47,312.0,120.0,316.49,53.0,309.08,75.0,317.6,73.0,314.25,4.490000000000009,195.0,126.0,2.1973233717382388,312.0,316.49,321,69.0,135.0,0.21
07:41:48,312.0,64.0,314.0,24.0,309.0,48.0,315.0,40.0,313.0,2.0,112.0,64.0,2.3332873804965932,312.0,314.0,176,48.0,-145.0,0.27
07:41:49,312.0,80.0,314.0,30.0,309.0,60.0,315.0,50.0,313.0,2.0,140.0,80.0,2.1711471622123604,312.0,314.0,220,60.0,44.0,0.27
07:41:50,312.17,58.0,314.0,24.0,309.92,52.0,315.0,40.0,313.09,1.829999999999984,110.0,64.0,1.4112228739576105,312.17,314.0,174,46.0,-46.0,0.26
07:41:51,311.43,97.0,314.6,67.0,310.61,124.0,316.04,69.0,313.02,3.170000000000016,221.0,136.0,0.5479689772059422,311.43,314.6,357,85.0,183.0,0.24
07:41:52,313.0,32.0,315.0,80.0,310.0,128.0,318.0,48.0,314.0,2.0,160.0,128.0,0.4364859676782719,313.0,315.0,288,32.0,-69.0,0.11
07:41:53,312.15,26.0,315.0,46.0,308.2,71.0,318.0,49.0,313.58,2.8500000000000227,97.0,95.0,0.43979540695670105,312.15,315.0,192,2.0,-96.0,0.01
07:41:54,306.0,60.0,315.0,20.0,300.59,17.0,318.0,50.0,310.5,9.0,77.0,70.0,1.3659868227693275,306.0,315.0,147,7.0,-45.0,0.05
07:41:55,306.0,90.0,315.0,30.0,299.33,90.0,318.0,75.0,310.5,9.0,180.0,105.0,1.6974097914112092,306.0,315.0,285,75.0,138.0,0.26
07:41:56,306.0,42.0,315.0,14.0,302.0,14.0,318.0,35.0,310.5,9.0,56.0,49.0,1.80811504058172,306.0,315.0,105,7.0,-180.0,0.07
07:41:57,306.0,60.0,315.0,20.0,302.0,20.0,318.0,50.0,310.5,9.0,80.0,70.0,1.3774178741314116,306.0,315.0,150,10.0,45.0,0.07
07:41:58,306.92,72.0,315.0,14.0,305.79,38.0,318.0,35.0,310.96,8.079999999999984,110.0,49.0,0.20571825387135478,306.92,315.0,159,61.0,9.0,0.38
07:41:59,308.25,132.0,317.87,46.0,306.0,72.0,319.86,71.0,313.06,9.620000000000005,204.0,117.0,1.1114315093503038,308.25,317.87,321,87.0,162.0,0.27
07:42:00,309.27,165.0,317.67,54.0,306.0,90.0,319.71,84.0,313.47,8.400000000000034,255.0,138.0,1.4500068965276252,309.27,317.67,393,117.0,72.0,0.3
07:42:01,310.73,121.0,318.0,44.0,303.45,66.0,320.0,66.0,314.36,7.269999999999982,187.0,110.0,1.664421821528104,310.73,318.0,297,77.0,-96.0,0.26
07:42:02,312.36,85.0,318.0,48.0,310.41,121.0,320.0,102.0,315.18,5.639999999999986,206.0,150.0,1.5940451687391053,312.36,318.0,356,56.0,59.0,0.16
07:42:03,316.87,165.0,319.45,58.0,315.0,30.0,320.42,83.0,318.16,2.579999999999984,195.0,141.0,2.0256801326919733,316.87,319.45,336,54.0,-20.0,0.16
07:42:04,317.48,65.0,320.0,116.0,316.68,199.0,321.0,105.0,318.74,2.519999999999982,264.0,221.0,2.341713048173255,317.48,320.0,485,43.0,149.0,0.09
07:42:05,313.14,141.0,319.25,71.0,307.14,69.0,320.53,95.0,316.2,6.110000000000014,210.0,166.0,1.8829020155031495,313.14,319.25,376,44.0,-109.0,0.12
07:42:06,311.0,81.0,319.79,43.0,308.0,36.0,321.05,42.0,315.4,8.79000000000002,117.0,85.0,1.6230465181214602,311.0,319.79,202,32.0,-174.0,0.16
07:42:07,311.89,81.0,321.0,45.0,303.66,29.0,322.0,36.0,316.44,9.110000000000014,110.0,81.0,1.4041082579297923,311.89,321.0,191,29.0,-11.0,0.15
07:42:08,313.0,81.0,321.0,45.0,304.67,27.0,322.0,36.0,317.0,8.0,108.0,81.0,1.249351831945759,313.0,321.0,189,27.0,-2.0,0.14
07:42:09,313.0,81.0,321.0,45.0,305.0,27.0,322.0,36.0,317.0,8.0,108.0,81.0,0.6635661232956276,313.0,321.0,189,27.0,0.0,0.14
07:42:10,313.0,99.0,321.0,55.0,305.0,33.0,322.0,44.0,317.0,8.0,132.0,99.0,0.6965055634995801,313.0,321.0,231,33.0,42.0,0.14
07:42:11,313.0,54.0,321.0,30.0,305.0,18.0,322.0,24.0,317.0,8.0,72.0,54.0,0.2504396134528623,313.0,321.0,126,18.0,-105.0,0.14
07:42:12,316.11,45.0,321.0,95.0,313.97,135.0,323.79,84.0,318.56,4.889999999999986,180.0,179.0,0.6976532089707522,316.11,321.0,359,1.0,185.5,0.0
07:42:13,318.06,52.0,321.64,14.0,317.66,41.0,324.87,47.0,319.85,3.579999999999984,93.0,61.0,1.2909763746824579,318.06,321.64,154,32.0,-186.5,0.21
07:42:14,318.44,73.0,321.44,18.0,312.45,33.0,324.95,66.0,319.94,3.0,106.0,84.0,1.448723576114288,318.44,321.44,190,22.0,36.0,0.12
07:42:15,317.78,18.0,322.0,9.0,314.0,20.0,325.0,45.0,319.89,4.220000000000027,38.0,54.0,1.2826028223851882,317.78,322.0,92,-16.0,-98.0,-0.17
07:42:16,318.25,24.0,322.0,12.0,317.0,24.0,325.0,60.0,320.12,3.75,48.0,72.0,0.6301349061840564,318.25,322.0,120,-24.0,28.0,-0.2
07:42:17,320.0,20.0,322.0,10.0,317.0,20.0,325.0,50.0,321.0,2.0,40.0,60.0,0.4807806152419709,320.0,322.0,100,-20.0,-20.0,-0.2
07:42:18,321.76,29.0,326.71,91.0,319.87,30.0,327.96,145.0,324.24,4.949999999999989,59.0,236.0,1.8452967241053821,321.76,326.71,295,-177.0,185.5,-0.6
07:42:19,322.64,22.0,327.0,65.0,315.29,21.0,328.0,74.0,324.82,4.360000000000014,43.0,139.0,2.3428358884044393,322.64,327.0,182,-96.0,-113.0,-0.53
07:42:20,321.98,112.0,327.0,60.0,317.25,16.0,328.0,36.0,324.49,5.019999999999982,128.0,96.0,2.1990179626363817,321.98,327.0,224,32.0,42.0,0.14
07:42:21,323.0,154.0,325.72,64.0,321.0,14.0,326.64,66.0,324.36,2.7200000000000273,168.0,130.0,1.5701974398141656,323.0,325.72,298,38.0,74.0,0.13
07:42:22,323.0,113.0,329.58,78.0,321.0,16.0,334.76,116.0,326.29,6.579999999999984,129.0,194.0,0.8390172823016496,323.0,329.58,323,-65.0,25.0,-0.2
07:42:23,324.38,32.0,334.33,45.0,322.0,20.0,336.43,88.0,329.35,9.949999999999989,52.0,133.0,2.0960367363199355,324.38,334.33,185,-81.0,-138.0,-0.44
07:42:24,325.0,24.0,332.56,27.0,321.0,12.0,335.42,64.0,328.78,7.560000000000002,36.0,91.0,2.3380611625883816,325.0,332.56,127,-55.0,-58.0,-0.43
07:42:25,325.0,24.0,332.4,45.0,321.0,12.0,335.95,60.0,328.7,7.399999999999977,36.0,105.0,2.1109547602934784,325.0,332.4,141,-69.0,14.0,-0.49
07:42:26,325.0,24.0,332.0,48.0,321.0,12.0,334.0,36.0,328.5,7.0,36.0,84.0,1.1800550834631747,325.0,332.0,120,-48.0,-21.0,-0.4
07:42:27,325.0,18.0,331.0,27.0,321.0,9.0,333.56,36.0,328.0,6.0,27.0,63.0,0.4881393243818083,325.0,331.0,90,-36.0,-30.0,-0.4
07:42:28,325.0,26.0,330.18,17.0,321.0,13.0,333.92,52.0,327.59,5.180000000000007,39.0,69.0,0.5058458263219043,325.0,330.18,108,-30.0,18.0,-0.28
07:42:29,325.0,26.0,329.26,19.0,321.0,13.0,331.58,38.0,327.13,4.259999999999991,39.0,57.0,0.6449263523897046,325.0,329.26,96,-18.0,-12.0,-0.19
07:42:30,312.65,102.0,319.23,52.0,311.0,66.0,329.05,38.0,315.94,6.580000000000041,168.0,90.0,5.330231702281035,312.65,319.22999999999996,258,78.0,162.0,0.3
07:42:31,311.0,63.0,318.0,35.0,310.0,42.0,319.0,7.0,314.5,7.0,105.0,42.0,6.792302260647454,311.0,318.0,147,63.0,-111.0,0.43
07:42:32,311.0,90.0,318.0,59.0,310.0,60.0,319.0,10.0,314.5,7.0,150.0,69.0,6.80818404569026,311.0,318.0,219,81.0,72.0,0.37
