Time,Bid1_Price,Bid1_Volume,Ask1_Price,Ask1_Volume,Bid2_Price,Bid2_Volume,Ask2_Price,Ask2_Volume,Mid-Price,Bid_Ask_Spread,Market_Depth_Bid,Market_Depth_Ask,Historical_Volatility,Weighted_Avg_Bid_Price,Weighted_Avg_Ask_Price,Total_volume,Cumulative_Volume_Difference,Total_Volume_Change_Corrected,Order_imbalance
07:30:02,94.0,6.0,107.06,17.0,0.0,0.0,108.6,15.0,100.53,13.060000000000002,6.0,32.0,,94.0,107.06,38,-26.0,22.0,-0.68
07:30:14,104.45,33.0,107.57,14.0,98.45,66.0,124.09,55.0,106.01,3.1199999999999903,99.0,69.0,2.5892315462307747,104.45,107.57000000000001,168,30.0,-15.0,0.18
07:30:15,106.73,22.0,123.17,24.0,100.0,42.0,129.5,40.0,114.95,16.439999999999998,64.0,64.0,5.822220366835735,106.73,123.17,128,0.0,-40.0,0.0
07:30:16,111.03,29.0,126.0,55.0,108.15,26.0,133.0,55.0,118.52,14.969999999999999,55.0,110.0,7.376335811227488,111.03,126.0,165,-55.0,37.0,-0.33
07:30:17,110.46,26.0,115.3,20.0,108.12,64.0,121.41,46.0,112.88,4.840000000000003,90.0,66.0,6.3452446761332455,110.46000000000001,115.3,156,24.0,-9.0,0.15
07:30:18,110.0,14.0,112.0,7.0,108.0,42.0,114.87,23.0,111.0,2.0,56.0,30.0,4.653210719492236,110.0,112.0,86,26.0,-70.0,0.3
07:30:19,108.88,32.0,111.4,10.0,107.47,51.0,117.1,50.0,110.14,2.5200000000000102,83.0,60.0,3.3625466539510755,108.88,111.4,143,23.0,57.0,0.16
07:30:20,108.68,38.0,112.58,31.0,107.14,84.0,114.67,75.0,110.63,3.8999999999999915,122.0,106.0,3.4500550720238494,108.68,112.58,228,16.0,85.0,0.07
07:30:21,109.0,22.0,112.96,48.0,107.0,66.0,114.55,51.0,110.98,3.9599999999999937,88.0,99.0,1.0406632500465018,109.0,112.96,187,-11.0,-41.0,-0.06
07:30:22,109.0,20.0,111.0,40.0,107.0,60.0,112.0,30.0,110.0,2.0,80.0,70.0,0.4648655719638765,109.0,111.0,150,10.0,-37.0,0.07
07:30:23,109.0,26.0,110.77,52.0,107.0,78.0,112.0,89.0,109.88,1.769999999999996,104.0,141.0,0.46365935771564487,109.0,110.77,245,-37.0,95.0,-0.15
07:30:24,107.0,66.0,109.32,38.0,104.21,28.0,112.72,104.0,108.16,2.319999999999993,94.0,142.0,1.0877499712697096,107.0,109.32,236,-48.0,-9.0,-0.2
07:30:25,107.0,90.0,108.18,67.0,103.0,20.0,110.52,71.0,107.59,1.1800000000000068,110.0,138.0,1.4026831431214941,107.0,108.18,248,-28.0,12.0,-0.11
07:30:26,107.0,66.0,108.0,55.0,106.0,11.0,109.0,44.0,107.5,1.0,77.0,99.0,1.2266539854405198,107.0,108.0,176,-22.0,-72.0,-0.12
07:30:27,107.0,53.0,108.0,60.0,106.0,12.0,109.94,53.0,107.5,1.0,65.0,113.0,1.0184203454355425,107.0,108.0,178,-48.0,2.0,-0.27
07:30:28,107.0,117.0,108.0,46.0,106.0,11.0,111.0,55.0,107.5,1.0,128.0,101.0,0.2877498913935436,107.0,108.0,229,27.0,51.0,0.12
07:30:29,106.6,20.0,108.0,20.0,101.56,18.0,111.0,50.0,107.3,1.4000000000000057,38.0,70.0,0.10686440004499025,106.6,108.0,108,-32.0,-121.0,-0.3
07:30:30,106.53,15.0,108.14,28.0,101.62,16.0,110.97,31.0,107.34,1.6099999999999994,31.0,59.0,0.09959919676869182,106.53,108.14,90,-28.0,-18.0,-0.31
07:30:31,107.0,32.0,112.0,32.0,105.25,8.0,114.0,40.0,109.5,5.0,40.0,72.0,0.9391059578114842,107.0,112.0,112,-32.0,22.0,-0.29
07:30:32,110.04,50.0,112.0,40.0,106.29,31.0,114.0,50.0,111.02,1.9599999999999937,81.0,90.0,1.6681486744283627,110.04,112.0,171,-9.0,59.0,-0.05
07:30:33,111.0,150.0,112.0,37.0,106.0,52.0,114.84,43.0,111.5,1.0,202.0,80.0,1.9795757121154027,111.0,112.0,282,122.0,111.0,0.43
07:30:34,111.0,54.0,112.0,6.0,106.0,24.0,114.0,6.0,111.5,1.0,78.0,12.0,1.7831208596158856,111.0,112.0,90,66.0,-181.0,0.73
07:30:35,111.0,59.0,112.0,7.0,106.0,28.0,114.0,7.0,111.5,1.0,87.0,14.0,0.8660715905728577,111.0,112.0,101,73.0,11.0,0.72
07:30:36,111.83,59.0,113.5,8.0,109.74,46.0,117.6,20.0,112.67,1.6700000000000017,105.0,28.0,0.613204696653149,111.83,113.5,133,77.0,32.0,0.58
07:30:37,113.0,55.0,114.0,13.0,112.0,26.0,118.0,39.0,113.5,1.0,81.0,52.0,0.9163951112907285,113.0,114.0,133,29.0,0.0,0.22
07:30:38,112.62,16.0,118.0,24.0,111.29,34.0,380.26,31.0,115.31,5.3799999999999955,50.0,55.0,1.592240559713781,112.62,118.0,105,-5.0,-28.0,-0.05
07:30:39,113.0,28.0,118.0,42.0,112.0,28.0,184.0,47.0,115.5,5.0,56.0,89.0,1.7155844485182783,113.0,118.0,145,-33.0,40.0,-0.23
07:30:40,113.0,22.0,118.0,33.0,112.0,22.0,253.53,40.0,115.5,5.0,44.0,73.0,1.3233404701730729,113.0,118.0,117,-29.0,-28.0,-0.25
07:30:41,112.0,22.0,118.0,39.0,110.8,79.0,244.79,47.0,115.0,6.0,101.0,86.0,0.8424488115001171,112.0,118.0,187,15.0,70.0,0.08
07:30:42,115.64,22.0,118.0,42.0,111.16,74.0,257.43,51.0,116.82,2.3599999999999994,96.0,93.0,0.6980544391364085,115.64,118.0,189,3.0,2.0,0.02
07:30:43,117.0,39.0,118.0,30.0,111.18,67.0,250.82,44.0,117.5,1.0,106.0,74.0,1.0490376542327315,117.0,118.0,180,32.0,-9.0,0.18
07:30:44,117.0,17.0,118.0,16.0,111.0,56.0,238.0,24.0,117.5,1.0,73.0,40.0,1.1560622820584414,117.0,118.0,113,33.0,-67.0,0.29
07:30:45,117.0,20.0,118.0,20.0,111.0,70.0,280.72,32.0,117.5,1.0,90.0,52.0,1.0828111562032543,117.0,118.0,142,38.0,29.0,0.27
07:30:46,111.0,35.0,116.94,17.0,108.0,42.0,143.24,17.0,113.97,5.939999999999998,77.0,34.0,1.5312152036856865,111.0,116.94,111,43.0,-31.0,0.39
07:30:47,111.0,45.0,118.0,18.0,108.0,54.0,283.11,27.0,114.5,7.0,99.0,45.0,1.7981045575822718,111.0,118.0,144,54.0,33.0,0.38
07:30:48,111.0,40.0,117.38,16.0,108.0,48.0,244.16,19.0,114.19,6.3799999999999955,88.0,35.0,1.8063692867179888,111.0,117.38,123,53.0,-21.0,0.43
07:30:49,111.0,22.0,116.29,35.0,108.0,60.0,155.18,22.0,113.64,5.290000000000006,82.0,57.0,1.5635376554461229,111.0,116.29,139,25.0,16.0,0.18
07:30:50,108.05,61.0,115.15,27.0,107.08,76.0,116.1,42.0,111.6,7.1000000000000085,137.0,69.0,1.150499891350627,108.05,115.15,206,68.0,67.0,0.33
07:30:51,108.0,35.0,110.94,31.0,107.0,42.0,113.17,18.0,109.47,2.9399999999999977,77.0,49.0,2.120412695679237,108.0,110.94,126,28.0,-80.0,0.22
07:30:52,108.0,45.0,109.0,63.0,107.0,63.0,113.0,57.0,108.5,1.0,108.0,120.0,2.497228463716833,108.0,109.0,228,-12.0,102.0,-0.05
07:30:53,108.0,30.0,109.0,42.0,107.0,42.0,113.0,42.0,108.5,1.0,72.0,84.0,2.236385476611176,108.0,109.0,156,-12.0,-72.0,-0.08
07:30:54,107.59,85.0,109.0,105.0,89.37,95.0,113.0,80.0,108.29,1.4099999999999966,180.0,185.0,1.3797717202484148,107.58999999999999,109.0,365,-5.0,179.0,-0.01
07:30:55,107.0,49.0,109.0,45.0,101.0,21.0,113.0,14.0,108.0,2.0,70.0,59.0,0.5526029315857715,107.0,109.0,129,11.0,-181.0,0.09
07:30:56,107.7,23.0,109.0,45.0,106.73,66.0,184.67,21.0,108.35,1.2999999999999972,89.0,66.0,0.2053533539954013,107.7,109.0,155,23.0,26.0,0.15
07:30:57,107.0,51.0,108.91,23.0,105.0,30.0,113.8,30.0,107.96,1.9099999999999966,81.0,53.0,0.2324865587451209,107.0,108.91,134,28.0,-21.0,0.21
07:30:58,107.0,55.0,296.33,42.0,105.0,54.0,367.28,50.0,201.67,189.32999999999998,109.0,92.0,41.82376872066886,107.0,296.33,201,17.0,67.0,0.08
07:30:59,108.5,20.0,284.86,21.0,106.92,25.0,363.41,17.0,196.68,176.36,45.0,38.0,49.91342574899063,108.5,284.86,83,7.0,-118.0,0.08
07:31:00,112.43,28.0,206.0,48.0,110.69,70.0,376.57,35.0,159.21,93.57,98.0,83.0,45.61185185891932,112.42999999999999,206.0,181,15.0,98.0,0.08
07:31:01,111.0,18.0,188.22,27.0,107.0,36.0,464.0,18.0,149.61,77.22,54.0,45.0,38.25168532234891,111.0,188.22,99,9.0,-82.0,0.09
07:31:02,110.86,28.0,167.27,48.0,106.74,46.0,284.57,42.0,139.06,56.41000000000001,74.0,90.0,28.290583769162552,110.86,167.27,164,-16.0,65.0,-0.1
07:31:03,106.02,49.0,116.73,44.0,100.57,84.0,145.05,40.0,111.37,10.710000000000008,133.0,84.0,31.100346139552876,106.02,116.73,217,49.0,53.0,0.23
07:31:04,105.25,24.0,109.0,16.0,103.13,45.0,110.0,16.0,107.12,3.75,69.0,32.0,23.112960217159525,105.25,109.0,101,37.0,-116.0,0.37
07:31:05,107.14,29.0,134.79,28.0,103.53,57.0,251.73,33.0,120.96,27.64999999999999,86.0,61.0,18.187782437669462,107.14,134.79,147,25.0,46.0,0.17
07:31:06,107.38,26.0,162.91,32.0,100.24,29.0,305.86,29.0,135.15,55.53,55.0,61.0,14.1136448162761,107.38000000000001,162.91,116,-6.0,-31.0,-0.05
07:31:07,107.25,24.0,110.0,26.0,98.77,22.0,278.0,30.0,108.62,2.75,46.0,56.0,11.661969387714777,107.25,110.0,102,-10.0,-14.0,-0.1
07:31:08,109.0,37.0,110.0,20.0,89.95,57.0,269.57,28.0,109.5,1.0,94.0,48.0,11.900928535202475,109.0,110.0,142,46.0,40.0,0.32
07:31:09,86.75,48.0,106.09,22.0,70.36,33.0,167.09,22.0,96.42,19.340000000000003,81.0,44.0,14.611043768327994,86.75,106.09,125,37.0,-17.0,0.3
07:31:13,89.9,50.0,107.33,12.0,51.23,39.0,365.71,28.0,98.62,17.429999999999993,89.0,40.0,3.620591111958665,89.9,107.33,129,49.0,22.0,0.38
07:31:14,92.23,44.0,108.29,14.0,72.58,57.0,219.94,18.0,100.26,16.060000000000002,101.0,32.0,4.350434461061811,92.23,108.29,133,69.0,4.0,0.52
07:31:15,92.29,49.0,107.0,65.0,88.66,35.0,109.0,13.0,99.64,14.709999999999994,84.0,78.0,4.625038378218528,92.29,107.0,162,6.0,29.0,0.04
07:31:16,95.23,13.0,107.0,25.0,94.76,17.0,109.0,5.0,101.12,11.769999999999996,30.0,30.0,2.0156835069014276,95.23,107.0,60,0.0,-102.0,0.0
07:31:17,98.86,36.0,106.58,72.0,98.38,60.0,107.71,28.0,102.72,7.719999999999999,96.0,100.0,1.5524561185407328,98.86,106.58,196,-4.0,136.0,-0.02
07:31:18,100.0,5.0,106.08,13.0,99.0,25.0,108.14,7.0,103.04,6.079999999999998,30.0,20.0,1.4914690744345462,100.0,106.08,50,10.0,-146.0,0.2
07:31:19,100.0,7.0,105.27,15.0,99.0,35.0,106.5,12.0,102.63,5.269999999999996,42.0,27.0,1.4314677781894667,100.0,105.27,69,15.0,19.0,0.22
07:31:21,103.92,78.0,106.31,13.0,100.57,21.0,108.69,13.0,105.12,2.3900000000000006,99.0,26.0,1.0267570306527622,103.92,106.31,125,73.0,63.0,0.58
07:31:22,106.33,30.0,108.0,6.0,105.29,34.0,109.0,6.0,107.17,1.6700000000000017,64.0,12.0,1.9205806413673445,106.33,108.0,76,52.0,-49.0,0.68
07:31:23,107.0,12.0,108.5,4.0,0.0,0.0,236.5,8.0,107.75,1.5,12.0,12.0,2.3193792272923237,107.0,108.5,24,0.0,-52.0,0.0
07:31:26,117.0,6.0,316.67,18.0,115.0,6.0,433.43,21.0,216.83,199.67000000000002,12.0,39.0,57.44691445151777,117.0,316.67,51,-27.0,-64.0,-0.53
07:31:27,117.0,4.0,331.0,12.0,115.0,4.0,426.0,14.0,224.0,214.0,8.0,26.0,62.426216047426784,117.0,331.0,34,-18.0,-17.0,-0.53
07:31:28,117.0,9.0,272.5,38.0,115.0,9.0,344.03,34.0,194.75,155.5,18.0,72.0,53.209796560408016,117.0,272.5,90,-54.0,56.0,-0.6
07:31:29,117.0,6.0,130.0,30.0,115.0,6.0,132.0,24.0,123.5,13.0,12.0,54.0,39.80568966868944,117.0,130.0,66,-42.0,-24.0,-0.64
07:31:30,115.0,12.0,129.68,37.0,113.0,12.0,131.14,35.0,122.34,14.680000000000007,24.0,72.0,49.8946232574213,115.0,129.68,96,-48.0,30.0,-0.5
07:31:31,111.0,63.0,128.83,29.0,109.0,126.0,129.88,34.0,119.91,17.830000000000013,189.0,63.0,49.02358157050548,111.0,128.83,252,126.0,156.0,0.5
07:31:32,111.0,36.0,127.0,16.0,109.0,72.0,128.0,20.0,119.0,16.0,108.0,36.0,32.94786108383975,111.0,127.0,144,72.0,-108.0,0.5
07:31:33,111.0,45.0,126.55,22.0,109.0,90.0,127.65,23.0,118.77,15.549999999999997,135.0,45.0,2.107636116600696,111.0,126.55,180,90.0,36.0,0.5
07:31:34,111.0,72.0,124.0,36.0,109.0,144.0,125.22,36.0,117.5,13.0,216.0,72.0,1.8039207299655697,111.0,124.0,288,144.0,108.0,0.5
07:31:35,111.0,63.0,122.47,34.0,109.0,126.0,123.66,29.0,116.74,11.469999999999999,189.0,63.0,1.2590988841228319,111.0,122.46999999999998,252,126.0,-36.0,0.5
07:31:36,111.0,117.0,121.0,36.0,109.0,162.0,122.0,45.0,116.0,10.0,279.0,81.0,1.2882623956319041,111.0,121.0,360,198.0,108.0,0.55
07:31:37,111.22,83.0,119.48,31.0,109.6,129.0,120.9,29.0,115.35,8.260000000000005,212.0,60.0,1.3314540923363338,111.22,119.48,272,152.0,-88.0,0.56
07:31:38,112.0,66.0,115.59,32.0,111.0,143.0,115.96,48.0,113.8,3.5900000000000034,209.0,80.0,1.41294727431673,112.0,115.59,289,129.0,17.0,0.45
07:31:39,111.03,75.0,112.4,25.0,109.19,278.0,117.15,55.0,111.71,1.3700000000000045,353.0,80.0,2.0013870190442815,111.03,112.4,433,273.0,144.0,0.63
07:31:40,111.0,20.0,117.44,25.0,109.04,150.0,206.24,42.0,114.22,6.439999999999998,170.0,67.0,1.6524012829814998,111.0,117.44,237,103.0,-181.0,0.43
07:31:41,114.27,11.0,117.3,40.0,110.86,21.0,285.55,44.0,115.79,3.030000000000001,32.0,84.0,1.5974761344066797,114.27,117.3,116,-52.0,-121.0,-0.45
07:31:42,109.18,165.0,115.93,60.0,108.87,62.0,335.81,64.0,112.56,6.75,227.0,124.0,1.571060151617004,109.18,115.93,351,103.0,179.0,0.29
07:31:43,109.53,68.0,114.0,52.0,108.96,168.0,252.5,48.0,111.76,4.469999999999999,236.0,100.0,1.7643327350584406,109.53,114.0,336,136.0,-15.0,0.4
07:31:44,109.36,88.0,126.4,40.0,106.07,164.0,190.71,28.0,117.88,17.040000000000006,252.0,68.0,2.47089457484509,109.36,126.4,320,184.0,-16.0,0.57
07:31:45,109.46,119.0,180.0,14.0,94.0,48.0,215.0,28.0,144.73,70.54,167.0,42.0,13.743752398817408,109.46,180.0,209,125.0,-111.0,0.6
07:31:46,114.0,77.0,179.14,14.0,109.0,126.0,215.0,28.0,146.57,65.13999999999999,203.0,42.0,17.47021322136624,114.0,179.14000000000001,245,161.0,36.0,0.66
07:31:47,114.0,110.0,177.7,20.0,109.23,87.0,215.0,40.0,145.85,63.69999999999999,197.0,60.0,17.07316227299443,114.0,177.7,257,137.0,12.0,0.53
07:31:48,114.64,151.0,175.35,34.0,112.11,212.0,318.47,70.0,144.99,60.709999999999994,363.0,104.0,12.38905484692036,114.64,175.35,467,259.0,179.0,0.55
07:31:49,115.14,29.0,165.0,38.0,114.03,102.0,243.0,40.0,140.07,49.86,131.0,78.0,2.5499254891077117,115.14,165.0,209,53.0,-181.0,0.25
07:31:50,117.0,39.0,159.88,96.0,115.0,42.0,278.53,60.0,138.44,42.879999999999995,81.0,156.0,3.6754836416451555,117.0,159.88,237,-75.0,28.0,-0.32
07:31:51,114.28,50.0,163.0,64.0,110.45,111.0,185.12,32.0,138.64,48.72,161.0,96.0,3.5581835253400134,114.28,163.0,257,65.0,20.0,0.25
07:31:52,114.06,72.0,162.4,40.0,109.68,162.0,315.0,36.0,138.23,48.34,234.0,76.0,2.8413781867257715,114.06,162.4,310,158.0,53.0,0.51
07:31:53,114.0,70.0,159.57,28.0,109.0,129.0,333.0,28.0,136.79,45.56999999999999,199.0,56.0,1.1686872977836824,114.0,159.57,255,143.0,-55.0,0.56
07:31:54,114.0,125.0,155.26,47.0,109.0,137.0,157.38,26.0,134.63,41.25999999999999,262.0,73.0,1.6836359463972244,114.0,155.26,335,189.0,80.0,0.56
07:31:55,114.0,50.0,153.17,23.0,109.0,80.0,154.26,23.0,133.59,39.16999999999999,130.0,46.0,2.2104705381435887,114.0,153.17,176,84.0,-159.0,0.48
07:31:56,114.0,42.0,151.04,27.0,109.0,70.0,151.82,22.0,132.52,37.03999999999999,112.0,49.0,2.3343564423628087,114.0,151.04,161,63.0,-15.0,0.39
07:31:57,114.0,72.0,148.87,45.0,110.29,84.0,149.47,15.0,131.43,34.870000000000005,156.0,60.0,2.057187400311585,114.0,148.87,216,96.0,55.0,0.44
07:31:58,114.0,60.0,138.0,22.0,111.0,60.0,136.06,31.0,126.0,24.0,120.0,53.0,3.3678821238280916,114.0,138.0,173,67.0,-43.0,0.39
07:31:59,114.0,12.0,123.16,19.0,111.27,33.0,130.25,16.0,118.58,9.159999999999997,45.0,35.0,6.2305882547317255,114.0,123.16,80,10.0,-93.0,0.12
07:32:00,114.4,20.0,118.75,53.0,110.88,74.0,122.35,26.0,116.58,4.349999999999994,94.0,79.0,7.263017279340658,114.4,118.75,173,15.0,93.0,0.09
07:32:01,114.31,32.0,116.09,65.0,112.25,48.0,120.19,43.0,115.2,1.7800000000000011,80.0,108.0,6.914855023787626,114.31,116.09,188,-28.0,15.0,-0.15
07:32:02,110.8,60.0,112.5,36.0,105.63,60.0,183.53,53.0,111.65,1.7000000000000028,120.0,89.0,5.332055888679428,110.8,112.5,209,31.0,21.0,0.15
07:32:03,109.0,79.0,110.44,18.0,84.85,52.0,241.0,36.0,109.72,1.4399999999999977,131.0,54.0,3.6164595946866287,109.0,110.44,185,77.0,-24.0,0.42
07:32:05,109.0,28.0,241.14,14.0,90.76,41.0,308.14,28.0,175.07,132.14,69.0,42.0,68.86856488994091,109.0,241.14000000000001,111,27.0,-41.0,0.24
07:32:06,101.11,38.0,240.0,22.0,73.02,53.0,552.38,42.0,170.55,138.89,91.0,64.0,64.97165674353704,101.11,240.0,155,27.0,44.0,0.17
07:32:07,115.26,23.0,199.92,26.0,99.61,28.0,413.0,36.0,157.59,84.65999999999998,51.0,62.0,58.018471886115734,115.26,199.92000000000002,113,-11.0,-42.0,-0.1
07:32:08,117.0,30.0,177.06,18.0,113.75,79.0,178.07,27.0,147.03,60.06,109.0,45.0,48.987897280859094,117.0,177.06,154,64.0,41.0,0.42
07:32:09,117.0,30.0,161.38,29.0,114.0,135.0,174.3,23.0,139.19,44.379999999999995,165.0,52.0,15.191671402449478,117.0,161.38,217,113.0,63.0,0.52
07:32:10,117.0,24.0,127.75,24.0,114.0,108.0,138.58,24.0,122.38,10.75,132.0,48.0,18.25709779784294,117.0,127.75,180,84.0,-37.0,0.47
07:32:11,117.7,20.0,124.3,20.0,115.02,41.0,125.6,20.0,121.0,6.599999999999994,61.0,40.0,15.796599950622339,117.7,124.3,101,21.0,-79.0,0.21
07:32:12,117.4,20.0,122.6,20.0,114.39,62.0,123.6,20.0,120.0,5.199999999999989,82.0,40.0,12.384560953057724,117.4,122.6,122,42.0,21.0,0.34
07:32:13,116.83,24.0,119.36,14.0,114.39,62.0,120.43,23.0,118.1,2.530000000000001,86.0,37.0,8.559800231313941,116.83,119.36,123,49.0,1.0,0.4
07:32:14,109.44,36.0,117.55,11.0,90.71,42.0,167.74,31.0,113.49,8.11,78.0,42.0,3.4494318372744273,109.44,117.55,120,36.0,-3.0,0.3
07:32:15,98.69,42.0,116.0,12.0,89.16,56.0,182.0,48.0,107.35,17.310000000000002,98.0,60.0,5.624319514394838,98.68999999999998,116.0,158,38.0,38.0,0.24
07:32:16,100.32,19.0,115.43,7.0,90.31,26.0,182.0,28.0,107.87,15.110000000000014,45.0,35.0,5.762687740976657,100.32,115.42999999999999,80,10.0,-78.0,0.12
07:32:17,109.64,33.0,162.75,28.0,102.81,32.0,186.43,42.0,136.19,53.11,65.0,70.0,11.805354717246006,109.64,162.75,135,-5.0,55.0,-0.04
07:32:18,111.0,18.0,182.0,24.0,109.0,12.0,197.0,12.0,146.5,71.0,30.0,36.0,17.943756574363196,111.0,182.0,66,-6.0,-69.0,-0.09
07:32:19,111.0,30.0,265.7,40.0,109.0,20.0,407.43,28.0,188.35,154.7,50.0,68.0,33.37323208800733,111.0,265.7,118,-18.0,52.0,-0.15
07:32:20,100.04,25.0,367.73,22.0,81.02,41.0,450.73,30.0,233.88,267.69,66.0,52.0,49.23404076449546,100.04,367.73,118,14.0,0.0,0.12
07:32:22,104.0,8.0,287.85,26.0,68.0,40.0,427.5,20.0,195.92,183.85000000000002,48.0,46.0,33.69247957630902,104.0,287.85,94,2.0,-26.0,0.02
07:32:24,114.86,73.0,247.86,37.0,111.41,29.0,316.53,38.0,181.36,133.0,102.0,75.0,38.108612150011446,114.86000000000001,247.85999999999999,177,27.0,76.0,0.15
07:32:25,115.0,80.0,253.0,11.0,114.0,18.0,323.4,20.0,184.0,138.0,98.0,31.0,25.094722951250137,115.0,253.0,129,67.0,-48.0,0.52
07:32:26,115.0,48.0,249.12,8.0,114.0,16.0,443.76,29.0,182.06,134.12,64.0,37.0,24.87556873721685,115.0,249.12,101,27.0,-28.0,0.27
07:32:27,115.0,52.0,249.0,13.0,114.0,26.0,436.0,52.0,182.0,134.0,78.0,65.0,22.630485633322156,115.0,249.0,143,13.0,42.0,0.09
07:32:28,114.64,22.0,241.92,13.0,109.26,76.0,404.39,33.0,178.28,127.27999999999999,98.0,46.0,2.0732583051805875,114.64,241.92000000000002,144,52.0,1.0,0.36
07:32:29,116.2,56.0,247.0,12.0,114.0,12.0,367.67,24.0,181.6,130.8,68.0,36.0,2.070825922186672,116.2,247.0,104,32.0,-40.0,0.31
07:32:30,117.91,11.0,246.91,11.0,114.0,11.0,377.76,29.0,182.41,129.0,22.0,40.0,1.6959952830123957,117.91,246.90999999999997,62,-18.0,-42.0,-0.29
07:32:31,114.0,15.0,244.87,15.0,112.11,45.0,360.94,33.0,179.43,130.87,60.0,48.0,1.7946949601534836,114.0,244.87,108,12.0,46.0,0.11
07:32:32,110.77,64.0,241.54,13.0,107.47,100.0,243.0,13.0,176.15,130.76999999999998,164.0,26.0,2.528167320412239,110.77,241.54,190,138.0,82.0,0.73
07:32:33,109.0,45.0,238.6,5.0,83.1,21.0,239.6,5.0,173.8,129.6,66.0,10.0,3.64750188485221,109.0,238.6,76,56.0,-114.0,0.74
07:32:34,109.15,110.0,223.58,38.0,82.12,48.0,226.92,26.0,166.36,114.43,158.0,64.0,6.122920055006491,109.15,223.58,222,94.0,146.0,0.42
07:32:35,114.96,47.0,220.69,13.0,109.65,71.0,222.0,13.0,167.82,105.73,118.0,26.0,5.532058387255242,114.96,220.69,144,92.0,-78.0,0.64
07:32:36,117.0,44.0,187.53,19.0,113.0,11.0,194.45,31.0,152.26,70.53,55.0,50.0,9.326383007361523,117.0,187.53,105,5.0,-39.0,0.05
07:32:37,116.79,58.0,184.63,27.0,110.78,37.0,186.82,38.0,150.71,67.83999999999999,95.0,65.0,10.176851182954495,116.79,184.63,160,30.0,55.0,0.19
07:32:38,114.18,55.0,177.89,19.0,109.14,140.0,179.73,26.0,146.04,63.70999999999998,195.0,45.0,9.825732542665872,114.18,177.89,240,150.0,80.0,0.62
07:32:39,116.0,66.0,166.26,19.0,111.0,22.0,168.78,18.0,141.13,50.25999999999999,88.0,37.0,10.0604458151716,116.0,166.26,125,51.0,-115.0,0.41
07:32:40,116.0,58.0,155.48,25.0,112.62,26.0,156.44,32.0,135.74,39.47999999999999,84.0,57.0,6.836719242444027,116.0,155.48,141,27.0,16.0,0.19
07:32:41,116.0,26.0,131.2,30.0,113.31,26.0,136.0,25.0,123.6,15.199999999999989,52.0,55.0,10.46451766685905,116.0,131.2,107,-3.0,-34.0,-0.03
07:32:42,113.86,28.0,118.58,26.0,109.42,76.0,118.67,30.0,116.22,4.719999999999999,104.0,56.0,12.374812321809408,113.86,118.58,160,48.0,53.0,0.3
07:32:43,112.67,9.0,115.0,7.0,109.67,30.0,118.12,17.0,113.83,2.3299999999999983,39.0,24.0,11.971296086890796,112.67,115.0,63,15.0,-97.0,0.24
07:32:44,111.0,22.0,118.38,16.0,109.02,102.0,147.83,23.0,114.69,7.3799999999999955,124.0,39.0,9.191459622933001,111.0,118.38,163,85.0,100.0,0.52
07:32:45,111.0,18.0,117.33,18.0,110.0,18.0,119.0,9.0,114.17,6.329999999999998,36.0,27.0,4.071924606375737,111.0,117.33,63,9.0,-100.0,0.14
07:32:46,109.47,59.0,112.93,30.0,98.46,96.0,114.9,21.0,111.2,3.460000000000008,155.0,51.0,1.8234500267373752,109.47,112.93,206,104.0,143.0,0.5
07:32:47,109.0,89.0,111.0,18.0,80.61,31.0,120.08,24.0,110.0,2.0,120.0,42.0,2.055935310268462,109.0,111.0,162,78.0,-44.0,0.48
07:32:48,109.14,28.0,111.0,6.0,98.64,28.0,640.22,23.0,110.07,1.8599999999999994,56.0,29.0,2.2531378120320933,109.14,111.0,85,27.0,-77.0,0.32
07:32:50,114.11,9.0,195.17,24.0,112.22,9.0,556.71,17.0,154.64,81.05999999999999,18.0,41.0,102.30762933427792,114.11,195.17,59,-23.0,-69.0,-0.39
07:32:51,112.1,30.0,148.0,28.0,92.52,29.0,496.0,7.0,130.05,35.900000000000006,59.0,35.0,100.08720282833367,112.1,148.0,94,24.0,35.0,0.26
07:32:52,117.0,8.0,148.0,32.0,109.0,48.0,690.17,18.0,132.5,31.0,56.0,50.0,97.16757777160035,117.0,148.0,106,6.0,12.0,0.06
07:32:53,110.52,52.0,135.47,19.0,106.75,48.0,257.38,37.0,123.0,24.950000000000003,100.0,56.0,95.1692908453142,110.52,135.47,156,44.0,50.0,0.28
07:32:54,110.68,37.0,114.0,7.0,108.55,22.0,202.58,26.0,112.34,3.319999999999993,59.0,33.0,15.59629379051337,110.68,114.0,92,26.0,-64.0,0.28
07:32:55,109.12,24.0,113.75,8.0,101.69,13.0,420.0,20.0,111.44,4.6299999999999955,37.0,28.0,9.756945218663782,109.12,113.75,65,9.0,-27.0,0.14
07:32:56,111.0,12.0,113.0,4.0,109.0,12.0,284.0,6.0,112.0,2.0,24.0,10.0,9.300423646265044,111.0,113.0,34,14.0,-31.0,0.41
07:32:57,111.0,24.0,113.0,8.0,109.0,24.0,305.88,24.0,112.0,2.0,48.0,32.0,4.95448080024597,111.0,113.0,80,16.0,46.0,0.2
07:32:58,112.46,24.0,387.22,9.0,107.0,22.0,510.14,7.0,249.84,274.76000000000005,46.0,16.0,61.66936419325244,112.46,387.22,62,30.0,-18.0,0.48
07:33:00,116.0,50.0,372.18,40.0,109.0,20.0,543.43,14.0,244.09,256.18,70.0,54.0,80.37383392622257,116.0,372.18,124,16.0,69.0,0.13
07:33:01,116.0,40.0,182.81,26.0,114.0,88.0,346.79,14.0,149.4,66.81,128.0,40.0,71.50571291861937,116.0,182.81,168,88.0,44.0,0.52
07:33:02,116.0,25.0,183.0,15.0,114.0,55.0,333.76,17.0,149.5,67.0,80.0,32.0,60.19202173045867,116.0,183.0,112,48.0,-56.0,0.43
07:33:03,116.0,25.0,183.0,15.0,114.0,55.0,341.0,25.0,149.5,67.0,80.0,40.0,61.942747920963335,116.0,183.0,120,40.0,8.0,0.33
07:33:04,114.78,36.0,254.82,22.0,113.58,48.0,352.46,24.0,184.8,140.04,84.0,46.0,41.304598049127726,114.78,254.82,130,38.0,10.0,0.29
07:33:05,116.25,16.0,340.88,34.0,114.43,56.0,387.39,28.0,228.57,224.63,72.0,62.0,34.95224713805974,116.25,340.88,134,10.0,4.0,0.07
07:33:06,117.0,12.0,272.07,45.0,116.0,36.0,339.32,34.0,194.53,155.07,48.0,79.0,33.3323559023362,117.0,272.07,127,-31.0,-7.0,-0.24
07:33:07,117.0,6.0,266.0,30.0,116.0,18.0,326.0,18.0,191.5,149.0,24.0,48.0,28.18449839894276,117.0,266.0,72,-24.0,-55.0,-0.33
07:33:08,117.0,10.0,231.8,50.0,116.0,30.0,331.93,29.0,174.4,114.80000000000001,40.0,79.0,20.417687185379428,117.0,231.8,119,-39.0,47.0,-0.33
07:33:09,117.0,13.0,152.17,29.0,116.0,39.0,214.47,36.0,134.59,35.16999999999999,52.0,65.0,34.221872684001475,117.0,152.17,117,-13.0,-2.0,-0.11
07:33:10,116.12,17.0,152.0,14.0,114.2,61.0,261.18,22.0,134.06,35.879999999999995,78.0,36.0,29.754635437188675,116.12,152.0,114,42.0,-3.0,0.37
07:33:11,114.48,63.0,150.2,45.0,113.4,141.0,152.0,30.0,132.34,35.719999999999985,204.0,75.0,27.676627684745164,114.48,150.2,279,129.0,165.0,0.46
07:33:12,114.0,56.0,147.35,17.0,112.0,49.0,148.44,18.0,130.68,33.349999999999994,105.0,35.0,18.615052511341485,114.0,147.35,140,70.0,-139.0,0.5
07:33:13,115.0,173.0,144.12,42.0,114.0,120.0,145.55,33.0,129.56,29.120000000000005,293.0,75.0,2.1482969999512602,115.0,144.12,368,218.0,179.0,0.59
07:33:14,115.0,66.0,141.5,14.0,114.0,48.0,142.75,16.0,128.25,26.5,114.0,30.0,2.2855677631607048,115.0,141.5,144,84.0,-181.0,0.58
07:33:15,115.0,139.0,138.48,31.0,114.0,104.0,141.12,34.0,126.74,23.47999999999999,243.0,65.0,2.1587450057844335,115.0,138.48,308,178.0,164.0,0.58
07:33:16,115.0,120.0,134.25,36.0,114.0,96.0,137.65,31.0,124.62,19.25,216.0,67.0,2.3814911295234866,115.0,134.25,283,149.0,-25.0,0.53
07:33:17,115.0,116.0,130.89,27.0,114.0,112.0,132.2,30.0,122.94,15.889999999999986,228.0,57.0,2.676811536137514,115.0,130.89,285,171.0,2.0,0.6
07:33:18,115.0,98.0,125.32,28.0,114.0,112.0,127.18,28.0,120.16,10.319999999999993,210.0,56.0,3.1762745473272114,115.0,125.32000000000001,266,154.0,-19.0,0.58
07:33:19,115.0,84.0,122.19,32.0,114.0,96.0,123.12,16.0,118.59,7.189999999999998,180.0,48.0,3.292749610887302,115.0,122.19,228,132.0,-38.0,0.58
07:33:20,115.0,54.0,120.05,40.0,114.0,125.0,121.14,21.0,117.53,5.049999999999997,179.0,61.0,2.9645185106519887,115.0,120.05,240,118.0,12.0,0.49
07:33:21,114.24,92.0,116.56,34.0,112.92,127.0,118.07,42.0,115.4,2.3200000000000074,219.0,76.0,2.834136552814293,114.24,116.56,295,143.0,55.0,0.48
07:33:22,114.89,36.0,116.11,37.0,112.49,37.0,144.4,30.0,115.5,1.2199999999999989,73.0,67.0,2.040472984383268,114.89,116.10999999999999,140,6.0,-155.0,0.04
07:33:23,112.17,35.0,115.46,39.0,111.02,181.0,193.09,47.0,113.82,3.289999999999992,216.0,86.0,1.8888012071146763,112.17,115.46,302,130.0,162.0,0.43
07:33:24,111.19,37.0,124.81,27.0,110.68,125.0,197.16,37.0,118.0,13.620000000000005,162.0,64.0,1.7095905942645566,111.19,124.81,226,98.0,-76.0,0.43
07:33:25,111.0,225.0,161.79,42.0,109.0,150.0,288.24,49.0,136.39,50.78999999999999,375.0,91.0,9.381845234280833,111.0,161.79,466,284.0,179.0,0.61
07:33:26,111.0,180.0,157.14,42.0,109.0,120.0,160.75,36.0,134.07,46.139999999999986,300.0,78.0,10.791359043234463,111.0,157.14,378,222.0,-88.0,0.59
07:33:27,111.03,183.0,156.37,52.0,109.19,144.0,159.12,48.0,133.7,45.34,327.0,100.0,10.459054928625168,111.03000000000002,156.37,427,227.0,49.0,0.53
07:33:28,111.18,88.0,147.44,27.0,109.51,94.0,155.71,42.0,129.31,36.25999999999999,182.0,69.0,7.333670977075437,111.18,147.44,251,113.0,-176.0,0.45
07:33:29,115.0,28.0,134.14,44.0,110.37,158.0,137.89,54.0,124.57,19.139999999999986,186.0,98.0,4.693604158852627,115.0,134.14,284,88.0,33.0,0.31
07:33:30,109.84,51.0,129.13,31.0,105.92,118.0,130.18,34.0,119.49,19.289999999999992,169.0,65.0,6.22446945530288,109.84,129.13,234,104.0,-50.0,0.44
07:33:31,109.25,114.0,126.32,47.0,96.77,53.0,127.89,44.0,117.78,17.069999999999993,167.0,91.0,6.65084581087236,109.25,126.32,258,76.0,24.0,0.29
07:33:32,109.0,39.0,124.71,34.0,98.87,47.0,125.62,39.0,116.85,15.709999999999994,86.0,73.0,5.240992272461233,109.0,124.70999999999998,159,13.0,-99.0,0.08
07:33:33,109.65,31.0,122.52,29.0,108.29,49.0,123.3,20.0,116.08,12.86999999999999,80.0,49.0,3.3871713862747193,109.65,122.52,129,31.0,-30.0,0.24
07:33:34,114.0,22.0,118.23,47.0,109.0,77.0,120.0,34.0,116.12,4.230000000000004,99.0,81.0,1.423316549471041,114.0,118.23,180,18.0,51.0,0.1
07:33:35,109.12,86.0,113.1,31.0,92.62,91.0,114.7,40.0,111.11,3.9799999999999898,177.0,71.0,2.5968769705163326,109.11999999999999,113.1,248,106.0,68.0,0.43
07:33:36,109.0,43.0,112.96,28.0,43.0,9.0,210.97,38.0,110.98,3.9599999999999937,52.0,66.0,2.922151604554085,109.0,112.96,118,-14.0,-130.0,-0.12
07:33:37,109.88,16.0,113.58,12.0,93.77,13.0,114.97,36.0,111.73,3.700000000000003,29.0,48.0,2.658858777746191,109.88,113.58,77,-19.0,-41.0,-0.25
07:33:38,111.5,12.0,113.0,30.0,109.0,12.0,114.0,6.0,112.25,1.5,24.0,36.0,2.1203230885876634,111.5,113.0,60,-12.0,-17.0,-0.2
07:33:39,112.0,5.0,113.0,20.0,109.0,8.0,180.56,16.0,112.5,1.0,13.0,36.0,0.6724804829865884,112.0,113.0,49,-23.0,-11.0,-0.47
07:33:40,115.0,20.0,175.4,50.0,110.5,22.0,401.4,50.0,145.2,60.400000000000006,42.0,100.0,14.919204737518626,115.0,175.4,142,-58.0,93.0,-0.41
07:33:41,117.0,45.0,327.18,55.0,115.0,55.0,719.53,19.0,222.09,210.18,100.0,74.0,47.666736095520534,117.0,327.18,174,26.0,32.0,0.15
07:33:42,117.04,28.0,390.73,45.0,115.12,48.0,424.56,45.0,253.88,273.69,76.0,90.0,65.19632988136681,117.04,390.7300000000001,166,-14.0,-8.0,-0.08
07:33:43,116.25,16.0,372.0,32.0,114.89,28.0,375.0,40.0,244.12,255.75,44.0,72.0,63.04409187227622,116.25,372.0,116,-28.0,-50.0,-0.24
07:33:44,115.0,20.0,322.57,44.0,114.0,10.0,380.31,48.0,218.78,207.57,30.0,92.0,42.660790897497506,115.0,322.57,122,-62.0,6.0,-0.51
07:33:45,113.59,17.0,158.5,40.0,111.69,26.0,161.0,50.0,136.04,44.91,43.0,90.0,46.52651201197018,113.59,158.5,133,-47.0,11.0,-0.35
07:33:46,111.4,25.0,157.12,32.0,110.02,49.0,161.0,40.0,134.26,45.72,74.0,72.0,58.26997751844431,111.4,157.12,146,2.0,13.0,0.01
07:33:47,111.0,20.0,155.0,16.0,109.0,32.0,161.0,20.0,133.0,44.0,52.0,36.0,53.898988858790325,111.0,155.0,88,16.0,-58.0,0.18
07:33:48,112.6,53.0,153.67,49.0,109.47,77.0,155.1,50.0,133.14,41.06999999999999,130.0,99.0,37.885114227094526,112.59999999999998,153.67,229,31.0,141.0,0.14
07:33:49,116.58,60.0,152.71,51.0,113.83,46.0,153.79,57.0,134.64,36.13000000000001,106.0,108.0,1.2394676276518186,116.58,152.71,214,-2.0,-15.0,-0.01
07:33:50,118.0,15.0,152.0,15.0,116.0,9.0,153.0,12.0,135.0,34.0,24.0,27.0,0.8967273833204803,118.0,152.0,51,-3.0,-163.0,-0.06
07:33:51,118.0,30.0,149.45,29.0,116.0,18.0,151.2,25.0,133.72,31.44999999999999,48.0,54.0,0.8912911982044794,118.0,149.45,102,-6.0,51.0,-0.06
07:33:52,118.0,50.0,148.45,44.0,116.0,30.0,149.7,46.0,133.23,30.44999999999999,80.0,90.0,0.8375440286915005,118.0,148.45,170,-10.0,68.0,-0.06
07:33:53,118.0,25.0,131.27,22.0,116.0,15.0,143.55,22.0,124.64,13.27000000000001,40.0,44.0,4.310102086957621,118.0,131.27,84,-4.0,-86.0,-0.05
07:33:54,118.0,25.0,122.0,25.0,116.0,15.0,147.0,20.0,120.0,4.0,40.0,45.0,6.62712758289713,118.0,122.0,85,-5.0,1.0,-0.06
07:33:55,117.33,45.0,119.73,52.0,113.73,33.0,120.69,49.0,118.53,2.4000000000000057,78.0,101.0,7.167965541211492,117.33000000000001,119.73,179,-23.0,94.0,-0.13
07:33:56,114.0,48.0,118.89,36.0,109.22,54.0,119.91,44.0,116.44,4.890000000000001,102.0,80.0,6.6787700963571695,114.0,118.89,182,22.0,3.0,0.12
07:33:57,115.0,168.0,117.06,67.0,111.0,28.0,118.05,57.0,116.03,2.0600000000000023,196.0,124.0,3.475740208933087,115.0,117.06,320,72.0,138.0,0.23
07:33:58,113.0,48.0,116.83,72.0,109.09,138.0,525.38,63.0,114.92,3.8299999999999983,186.0,135.0,2.0464921206772027,113.0,116.83,321,51.0,1.0,0.16
07:33:59,111.0,16.0,116.38,40.0,109.0,88.0,342.5,32.0,113.69,5.3799999999999955,104.0,72.0,1.8074484778254785,111.0,116.38,176,32.0,-145.0,0.18
07:34:00,110.97,34.0,309.85,39.0,109.11,95.0,435.2,40.0,210.41,198.88000000000002,129.0,79.0,42.56131189237471,110.97,309.85,208,50.0,32.0,0.24
07:34:06,118.0,58.0,224.18,11.0,115.0,24.0,381.03,31.0,171.09,106.18,82.0,42.0,57.269693992547374,118.0,224.18,124,40.0,-31.0,0.32
07:34:07,118.0,47.0,141.26,27.0,115.0,21.0,142.73,15.0,129.63,23.25999999999999,68.0,42.0,84.22300238058489,118.0,141.26,110,26.0,-14.0,0.24
07:34:08,118.0,48.0,139.67,36.0,115.0,24.0,140.17,12.0,128.83,21.669999999999987,72.0,48.0,88.88588599997188,118.0,139.67,120,24.0,10.0,0.2
07:34:09,118.0,36.0,138.0,6.0,115.0,18.0,139.0,30.0,128.0,20.0,54.0,36.0,72.8177693286466,118.0,138.0,90,18.0,-30.0,0.2
07:34:10,118.0,48.0,137.08,24.0,115.0,24.0,138.42,24.0,127.54,19.080000000000013,72.0,48.0,19.063603279547532,118.0,137.08,120,24.0,30.0,0.2
07:34:11,118.0,78.0,134.62,21.0,115.94,17.0,136.18,45.0,126.31,16.620000000000005,95.0,66.0,1.2643456805689584,118.0,134.62,161,29.0,41.0,0.18
07:34:12,118.0,60.0,131.97,32.0,117.0,12.0,133.5,40.0,124.98,13.969999999999999,72.0,72.0,1.5091288877936009,118.0,131.97,144,0.0,-17.0,0.0
07:34:13,118.0,30.0,125.87,30.0,117.0,10.0,128.27,30.0,121.93,7.8700000000000045,40.0,60.0,2.4374925640856433,118.0,125.87000000000002,100,-20.0,-44.0,-0.2
07:34:14,118.0,42.0,122.7,37.0,117.0,14.0,123.21,24.0,120.35,4.700000000000003,56.0,61.0,3.0078680157168574,118.0,122.70000000000002,117,-5.0,17.0,-0.04
07:34:15,117.18,17.0,118.9,40.0,114.9,20.0,120.8,10.0,118.04,1.7199999999999989,37.0,50.0,3.3670120284863843,117.18,118.9,87,-13.0,-30.0,-0.15
07:34:16,114.11,18.0,117.8,40.0,112.29,14.0,121.0,10.0,115.96,3.6899999999999977,32.0,50.0,3.4818630070655403,114.11,117.8,82,-18.0,-5.0,-0.22
07:34:17,114.0,18.0,116.89,36.0,111.8,15.0,121.0,9.0,115.44,2.8900000000000006,33.0,45.0,2.7880333570405815,114.0,116.89,78,-12.0,-4.0,-0.15
07:34:18,113.14,14.0,115.8,15.0,111.86,14.0,122.18,17.0,114.47,2.6599999999999966,28.0,32.0,2.3510997426673668,113.14,115.8,60,-4.0,-18.0,-0.07
07:34:19,112.0,24.0,113.75,24.0,111.0,72.0,123.33,24.0,112.88,1.75,96.0,48.0,1.9033706943131616,112.0,113.75,144,48.0,84.0,0.33
07:34:20,111.0,61.0,114.27,11.0,109.0,86.0,151.6,10.0,112.64,3.269999999999996,147.0,21.0,1.4877567005293093,111.0,114.27,168,126.0,24.0,0.75
07:34:21,111.0,40.0,113.24,17.0,109.0,100.0,332.08,13.0,112.12,2.239999999999995,140.0,30.0,1.390359665687143,111.0,113.24,170,110.0,2.0,0.65
07:34:22,109.26,78.0,110.9,20.0,108.62,37.0,145.37,19.0,110.08,1.6400000000000006,115.0,39.0,1.5832308738681902,109.26,110.9,154,76.0,-16.0,0.49
07:34:23,109.0,54.0,110.0,16.0,107.0,8.0,145.85,26.0,109.5,1.0,62.0,42.0,1.5483152133752434,109.0,110.0,104,20.0,-50.0,0.19
07:34:24,109.17,90.0,193.33,36.0,107.59,17.0,459.63,27.0,151.25,84.16000000000001,107.0,63.0,18.011061045923167,109.16999999999999,193.33,170,44.0,66.0,0.26
07:34:25,110.86,105.0,221.8,10.0,109.0,35.0,357.85,13.0,166.33,110.94000000000001,140.0,23.0,26.963301541168388,110.86,221.8,163,117.0,-7.0,0.72
07:34:26,112.06,79.0,368.93,15.0,111.04,141.0,506.92,26.0,240.5,256.87,220.0,41.0,53.71061971342334,112.06,368.93,261,179.0,98.0,0.69
07:34:27,117.74,38.0,259.8,20.0,113.15,52.0,497.8,15.0,188.77,142.06,90.0,35.0,48.32126809180389,117.74,259.8,125,55.0,-136.0,0.44
07:34:28,118.0,28.0,226.0,14.0,117.0,14.0,292.64,11.0,172.0,108.0,42.0,25.0,34.43664400025049,118.0,226.0,67,17.0,-58.0,0.25
07:34:29,118.0,12.0,213.0,6.0,117.0,6.0,214.0,6.0,165.5,95.0,18.0,12.0,31.540290899102196,118.0,213.0,30,6.0,-37.0,0.2
07:34:30,117.8,25.0,200.53,15.0,114.5,20.0,211.05,19.0,159.17,82.73,45.0,34.0,32.82805614105088,117.8,200.53,79,11.0,49.0,0.14
07:34:31,117.0,8.0,169.75,16.0,113.09,22.0,381.87,15.0,143.38,52.75,30.0,31.0,16.679011661365976,117.0,169.75,61,-1.0,-18.0,-0.02
07:34:32,117.0,10.0,185.3,20.0,114.82,68.0,247.0,16.0,151.15,68.30000000000001,78.0,36.0,11.335759789267744,117.0,185.3,114,42.0,53.0,0.37
07:34:33,117.0,10.0,139.2,20.0,112.0,20.0,198.82,22.0,128.1,22.19999999999999,30.0,42.0,14.557109946688481,117.0,139.2,72,-12.0,-42.0,-0.17
07:34:34,117.0,9.0,133.33,18.0,112.0,18.0,420.11,18.0,125.17,16.330000000000013,27.0,36.0,14.620691844094583,117.0,133.33,63,-9.0,-9.0,-0.14
07:34:35,111.04,158.0,132.85,26.0,109.05,122.0,218.6,40.0,121.94,21.809999999999988,280.0,66.0,12.652231818931053,111.03999999999999,132.85,346,214.0,179.0,0.62
07:34:36,111.45,94.0,131.1,20.0,109.4,100.0,190.05,19.0,121.27,19.64999999999999,194.0,39.0,12.392684535643193,111.45000000000002,131.1,233,155.0,-113.0,0.67
07:34:37,114.0,60.0,131.0,12.0,111.0,60.0,175.89,9.0,122.5,17.0,120.0,21.0,2.8247707871556607,114.0,131.0,141,99.0,-92.0,0.7
07:34:38,116.0,125.0,130.04,54.0,114.0,238.0,134.88,32.0,123.02,14.039999999999992,363.0,86.0,1.4860854618653927,116.0,130.04,449,277.0,179.0,0.62
07:34:39,116.0,44.0,127.0,19.0,114.0,165.0,129.53,38.0,121.5,11.0,209.0,57.0,0.7187349998208046,116.0,127.0,266,152.0,-181.0,0.57
07:34:40,116.0,64.0,121.2,40.0,114.02,198.0,121.89,45.0,118.6,5.200000000000003,262.0,85.0,1.710181276931537,116.0,121.2,347,177.0,81.0,0.51
07:34:41,114.07,119.0,119.5,24.0,109.67,27.0,120.8,30.0,116.78,5.430000000000007,146.0,54.0,2.6831324976539777,114.07,119.5,200,92.0,-147.0,0.46
07:34:42,114.0,112.0,117.22,23.0,111.0,8.0,118.89,19.0,115.61,3.219999999999999,120.0,42.0,3.120051281624453,114.0,117.22,162,78.0,-38.0,0.48
07:34:43,114.0,118.0,115.33,36.0,111.0,9.0,116.11,27.0,114.67,1.3299999999999983,127.0,63.0,2.705839980480337,114.0,115.33,190,64.0,28.0,0.34
07:34:44,114.0,88.0,282.75,24.0,111.0,14.0,390.22,36.0,198.38,168.75,102.0,60.0,36.685179159981914,114.0,282.75,162,42.0,-28.0,0.26
07:34:45,114.0,42.0,315.8,20.0,111.0,7.0,422.89,18.0,214.9,201.8,49.0,38.0,50.163982796424555,114.0,315.8,87,11.0,-75.0,0.13
07:34:46,114.0,78.0,278.35,40.0,111.0,13.0,364.94,32.0,196.18,164.35000000000002,91.0,72.0,48.74795964960979,114.0,278.35,163,19.0,76.0,0.12
07:34:47,114.0,66.0,134.0,22.0,111.0,11.0,218.24,34.0,124.0,20.0,77.0,56.0,46.59274707505435,114.0,134.0,133,21.0,-30.0,0.16
07:34:48,114.3,120.0,127.0,32.0,112.69,26.0,147.25,32.0,120.65,12.700000000000003,146.0,64.0,44.874466236379746,114.3,127.0,210,82.0,77.0,0.39
07:34:49,115.0,135.0,126.0,18.0,114.0,51.0,291.29,28.0,120.5,11.0,186.0,46.0,46.40762954515109,115.0,126.0,232,140.0,22.0,0.6
07:34:50,115.0,126.0,124.58,24.0,114.0,45.0,188.93,28.0,119.79,9.579999999999998,171.0,52.0,33.55599097031667,115.0,124.58,223,119.0,-9.0,0.53
07:34:51,115.54,69.0,120.88,52.0,115.43,56.0,121.91,44.0,118.21,5.339999999999989,125.0,96.0,2.1175575552907557,115.54,120.88000000000001,221,29.0,-2.0,0.13
07:34:52,117.33,9.0,118.67,12.0,115.26,47.0,258.5,24.0,118.0,1.3400000000000034,56.0,36.0,1.254611493637998,117.33,118.67,92,20.0,-129.0,0.22
07:34:53,115.02,162.0,118.0,22.0,114.24,66.0,258.29,28.0,116.51,2.980000000000004,228.0,50.0,1.5737121718943,115.01999999999998,118.0,278,178.0,179.0,0.64
07:34:54,115.0,118.0,117.09,22.0,114.0,45.0,135.4,20.0,116.05,2.0900000000000034,163.0,42.0,1.4879583327391832,115.0,117.09,205,121.0,-73.0,0.59
07:34:55,115.0,105.0,116.0,24.0,114.0,60.0,145.61,33.0,115.5,1.0,165.0,57.0,1.198970391614264,115.0,116.0,222,108.0,17.0,0.49
07:34:56,115.0,72.0,116.0,18.0,114.0,45.0,469.0,26.0,115.5,1.0,117.0,44.0,1.0339100540992283,115.0,116.0,161,73.0,-61.0,0.45
07:34:57,115.0,38.0,116.0,22.0,112.42,71.0,422.23,26.0,115.5,1.0,109.0,48.0,0.45713236591526407,115.0,116.0,157,61.0,-4.0,0.39
07:34:58,115.0,25.0,151.73,30.0,114.0,11.0,328.89,38.0,133.37,36.72999999999999,36.0,68.0,7.933790392994293,115.0,151.73,104,-32.0,-53.0,-0.31
07:34:59,115.0,14.0,268.36,56.0,114.0,14.0,465.78,55.0,191.68,153.36,28.0,111.0,32.9910927372825,115.0,268.36,139,-83.0,35.0,-0.6
07:35:00,115.0,10.0,215.25,32.0,114.0,10.0,388.42,24.0,165.12,100.25,20.0,56.0,33.379109934208515,115.0,215.25,76,-36.0,-63.0,-0.47
07:35:01,111.88,24.0,182.23,39.0,109.96,52.0,274.43,28.0,147.05,70.35,76.0,67.0,29.32518763793302,111.88,182.23,143,9.0,67.0,0.06
07:35:02,111.0,19.0,144.71,35.0,109.0,80.0,194.65,23.0,127.86,33.71000000000001,99.0,58.0,25.960520603408177,111.0,144.71,157,41.0,14.0,0.26
07:35:03,111.78,23.0,134.59,49.0,109.16,76.0,137.16,49.0,123.19,22.810000000000002,99.0,98.0,28.189949450113954,111.78,134.59,197,1.0,40.0,0.01
07:35:04,112.09,22.0,135.1,50.0,109.15,110.0,136.1,50.0,123.6,23.00999999999999,132.0,100.0,18.336371778516476,112.09,135.1,232,32.0,35.0,0.14
07:35:05,111.0,103.0,133.83,60.0,109.0,204.0,135.17,60.0,122.42,22.830000000000013,307.0,120.0,10.406244759757122,111.0,133.83,427,187.0,179.0,0.44
07:35:06,111.0,66.0,131.1,52.0,109.0,187.0,132.82,55.0,121.05,20.099999999999994,253.0,107.0,2.5596738073377234,111.0,131.1,360,146.0,-67.0,0.41
07:35:07,109.83,109.0,114.06,62.0,108.57,173.0,118.59,29.0,111.95,4.230000000000004,282.0,91.0,4.845634117426707,109.83,114.06,373,191.0,13.0,0.51
07:35:08,109.0,208.0,112.38,65.0,75.38,58.0,114.03,38.0,110.69,3.3799999999999955,266.0,103.0,6.128227313013842,109.0,112.38,369,163.0,-4.0,0.44
07:35:09,109.0,83.0,111.59,29.0,77.34,64.0,113.6,25.0,110.29,2.5900000000000034,147.0,54.0,5.944106324752946,109.0,111.59,201,93.0,-168.0,0.46
07:35:10,109.0,63.0,112.0,21.0,73.68,62.0,446.71,14.0,110.5,3.0,125.0,35.0,4.603833185506095,109.0,112.0,160,90.0,-41.0,0.56
07:35:11,109.0,60.0,112.0,21.0,93.23,26.0,431.0,14.0,110.5,3.0,86.0,35.0,0.6659053986615144,109.0,112.0,121,51.0,-39.0,0.42
07:35:12,109.0,42.0,112.0,21.0,76.0,26.0,569.57,14.0,110.5,3.0,68.0,35.0,0.14152738239102203,109.0,112.0,103,33.0,-18.0,0.32
07:35:13,109.89,56.0,111.62,24.0,107.0,56.0,559.43,28.0,110.76,1.730000000000004,112.0,52.0,0.1667333199047524,109.89,111.62,164,60.0,61.0,0.37
07:35:14,109.44,52.0,198.6,25.0,102.0,128.0,382.24,42.0,154.02,89.16,180.0,67.0,19.433992899040838,109.44,198.6,247,113.0,83.0,0.46
07:35:15,114.76,42.0,339.0,36.0,112.03,37.0,482.5,24.0,226.88,224.24,79.0,60.0,50.76444937158265,114.76,339.0,139,19.0,-108.0,0.14
07:35:16,115.0,88.0,247.38,26.0,114.0,22.0,395.7,40.0,181.19,132.38,110.0,66.0,49.43959445626533,115.0,247.38,176,44.0,37.0,0.25
07:35:17,115.0,80.0,192.0,20.0,114.0,20.0,273.7,40.0,153.5,77.0,100.0,60.0,42.67807985371395,115.0,192.0,160,40.0,-16.0,0.25
07:35:18,115.89,94.0,235.56,36.0,114.46,26.0,248.2,40.0,175.72,119.67,120.0,76.0,29.914779290511056,115.89,235.56,196,44.0,36.0,0.22
07:35:19,116.2,70.0,385.7,40.0,114.46,26.0,514.4,40.0,250.95,269.5,96.0,80.0,39.98862925882801,116.2,385.7,176,16.0,-20.0,0.09
07:35:20,116.28,40.0,350.92,48.0,114.8,40.0,681.67,48.0,233.6,234.64000000000001,80.0,96.0,41.3078887139006,116.28,350.92,176,-16.0,0.0,-0.09
07:35:21,118.0,14.0,220.23,26.0,115.12,32.0,299.0,32.0,169.12,102.22999999999999,46.0,58.0,42.92917096800258,118.0,220.23,104,-12.0,-72.0,-0.12
07:35:22,118.0,7.0,137.57,14.0,116.0,28.0,180.0,28.0,127.79,19.569999999999993,35.0,42.0,50.28799290089031,118.0,137.57,77,-7.0,-27.0,-0.09
07:35:23,115.67,18.0,136.56,18.0,115.14,28.0,310.91,33.0,126.11,20.89,46.0,51.0,58.403322080169296,115.67,136.56,97,-5.0,20.0,-0.05
07:35:24,115.0,20.0,131.75,16.0,114.0,20.0,134.14,14.0,123.38,16.75,40.0,30.0,47.29475393740814,115.0,131.75,70,10.0,-27.0,0.14
07:35:25,115.0,20.0,129.5,16.0,114.0,20.0,130.71,14.0,122.25,14.5,40.0,30.0,19.90422693801432,115.0,129.5,70,10.0,0.0,0.14
07:35:26,115.75,32.0,126.2,15.0,114.67,24.0,128.57,21.0,120.97,10.450000000000003,56.0,36.0,2.8015174459515944,115.75,126.2,92,20.0,22.0,0.22
07:35:27,116.0,25.0,122.26,19.0,115.0,22.0,123.36,14.0,119.13,6.260000000000005,47.0,33.0,2.6210532234142994,116.0,122.26,80,14.0,-12.0,0.17
07:35:28,115.14,14.0,120.18,11.0,113.41,34.0,122.0,22.0,117.66,5.040000000000006,48.0,33.0,2.310945693859958,115.14,120.18,81,15.0,1.0,0.19
07:35:29,114.97,59.0,119.64,11.0,113.45,22.0,121.75,16.0,117.3,4.670000000000002,81.0,27.0,2.1259515516515113,114.97,119.64,108,54.0,27.0,0.5
07:35:30,115.0,24.0,117.4,10.0,112.0,36.0,118.5,8.0,116.2,2.4000000000000057,60.0,18.0,1.8456624826790657,115.0,117.4,78,42.0,-30.0,0.54
07:35:31,115.0,54.0,116.71,17.0,111.98,60.0,455.12,34.0,115.85,1.7099999999999937,114.0,51.0,1.300488369793717,115.0,116.71,165,63.0,87.0,0.38
07:35:32,115.0,35.0,116.47,17.0,113.03,31.0,391.91,22.0,115.74,1.4699999999999989,66.0,39.0,0.8750999942683657,115.0,116.47,105,27.0,-60.0,0.26
07:35:33,115.0,45.0,116.0,45.0,114.0,60.0,336.48,40.0,115.5,1.0,105.0,85.0,0.7071916288873482,115.0,116.0,190,20.0,85.0,0.11
07:35:34,114.0,20.0,368.6,5.0,112.0,25.0,716.6,20.0,241.3,254.60000000000002,45.0,25.0,56.11580989346922,114.0,368.6,70,20.0,-120.0,0.29
07:35:35,114.0,42.0,287.27,37.0,112.0,60.0,379.15,27.0,200.64,173.26999999999998,102.0,64.0,59.42569208684055,114.0,287.27,166,38.0,96.0,0.23
07:35:36,114.0,27.0,180.5,16.0,112.0,45.0,274.88,16.0,147.25,66.5,72.0,32.0,55.40663931335292,114.0,180.5,104,40.0,-62.0,0.38
07:35:37,114.0,23.0,117.0,22.0,112.08,49.0,118.0,22.0,115.5,3.0,72.0,44.0,55.45907247691747,114.0,117.0,116,28.0,12.0,0.24
07:35:38,114.0,7.0,116.14,14.0,113.0,22.0,208.67,9.0,115.07,2.1400000000000006,29.0,23.0,55.553410066349535,114.0,116.14,52,6.0,-64.0,0.12
07:35:39,113.43,21.0,116.0,24.0,112.78,67.0,302.0,12.0,114.71,2.569999999999993,88.0,36.0,37.35565994598379,113.43,116.0,124,52.0,72.0,0.42
07:35:40,112.67,30.0,115.86,14.0,111.86,29.0,198.35,23.0,114.26,3.1899999999999977,59.0,37.0,14.481266173921831,112.67,115.86,96,22.0,-28.0,0.23
07:35:41,112.0,50.0,114.0,20.0,111.0,47.0,353.64,14.0,113.0,2.0,97.0,34.0,0.958681386056146,112.0,114.0,131,63.0,35.0,0.48
07:35:42,111.39,33.0,305.96,26.0,110.11,63.0,547.74,35.0,208.68,194.57,96.0,61.0,42.23314847368091,111.39,305.96,157,35.0,26.0,0.22
07:35:43,109.86,58.0,344.0,8.0,108.22,58.0,368.62,8.0,226.93,234.14,116.0,16.0,57.230166258713446,109.86,344.0,132,100.0,-25.0,0.76
07:35:44,110.4,43.0,341.0,24.0,108.36,70.0,343.0,8.0,225.7,230.6,113.0,32.0,58.945050513168525,110.39999999999999,341.0,145,81.0,13.0,0.56
07:35:45,115.0,22.0,285.15,27.0,109.0,121.0,308.24,21.0,200.07,170.14999999999998,143.0,48.0,47.16668665488381,115.0,285.15,191,95.0,46.0,0.5
07:35:46,115.0,18.0,230.0,27.0,109.0,90.0,232.0,9.0,172.5,115.0,108.0,36.0,22.292046339445786,115.0,230.0,144,72.0,-47.0,0.5
07:35:47,115.0,20.0,229.92,26.0,109.11,92.0,231.14,14.0,172.46,114.91999999999999,112.0,40.0,26.922696187417703,115.0,229.92000000000002,152,72.0,8.0,0.47
07:35:48,115.0,26.0,225.7,20.0,114.0,26.0,227.64,33.0,170.35,110.69999999999999,52.0,53.0,24.2899450390484,115.0,225.7,105,-1.0,-47.0,-0.01
07:35:49,114.75,16.0,211.62,16.0,109.65,92.0,224.08,26.0,163.19,96.87,108.0,42.0,14.139979844398221,114.75,211.62,150,66.0,45.0,0.44
07:35:50,115.94,31.0,212.0,11.0,110.15,26.0,220.0,16.0,163.97,96.06,57.0,27.0,4.577688281216352,115.94,212.0,84,30.0,-66.0,0.36
07:35:51,114.0,8.0,184.75,12.0,109.0,160.0,188.2,10.0,149.38,70.75,168.0,22.0,9.0306561223415,114.0,184.75,190,146.0,106.0,0.77
07:35:52,114.0,14.0,149.69,16.0,109.0,243.0,150.71,24.0,131.84,35.69,257.0,40.0,15.397620920128576,114.0,149.69,297,217.0,107.0,0.73
07:35:53,110.97,29.0,146.73,15.0,108.66,176.0,147.64,14.0,128.85,35.75999999999999,205.0,29.0,16.68843102271686,110.97,146.73,234,176.0,-63.0,0.75
07:35:54,109.0,306.0,143.53,19.0,77.49,47.0,144.69,42.0,126.26,34.53,353.0,61.0,16.141739373437293,109.0,143.53,414,292.0,179.0,0.71
07:35:55,109.59,147.0,140.2,15.0,101.6,149.0,143.8,41.0,124.9,30.609999999999985,296.0,56.0,9.938152745856389,109.59,140.2,352,240.0,-62.0,0.68
07:35:56,114.25,155.0,137.0,25.0,110.02,130.0,139.05,19.0,125.63,22.75,285.0,44.0,2.848355665988896,114.25,137.0,329,241.0,-23.0,0.73
07:35:57,116.07,180.0,134.56,39.0,112.71,68.0,135.43,30.0,125.32,18.49000000000001,248.0,69.0,1.566451403641528,116.07,134.56,317,179.0,-12.0,0.56
07:35:58,117.0,180.0,129.86,14.0,115.77,140.0,131.2,25.0,123.43,12.860000000000014,320.0,39.0,1.0610702144392181,117.0,129.86,359,281.0,42.0,0.78
07:35:59,117.0,285.0,126.93,15.0,114.33,48.0,128.46,13.0,121.97,9.930000000000007,333.0,28.0,1.528283350681331,117.0,126.93,361,305.0,2.0,0.84
07:36:00,117.0,336.0,124.16,31.0,113.5,64.0,125.05,37.0,120.58,7.159999999999997,400.0,68.0,2.159659695407917,117.0,124.16,468,332.0,107.0,0.71
07:36:01,117.03,115.0,119.71,31.0,116.19,159.0,121.67,15.0,118.37,2.6799999999999926,274.0,46.0,2.657052878655003,117.03,119.71,320,228.0,-148.0,0.71
07:36:02,117.0,57.0,118.27,11.0,116.0,99.0,119.08,25.0,117.64,1.269999999999996,156.0,36.0,2.4195392123229267,117.0,118.27,192,120.0,-128.0,0.62
07:36:03,116.7,23.0,122.55,22.0,115.98,122.0,245.0,19.0,119.62,5.849999999999994,145.0,41.0,1.7266817888562827,116.7,122.55,186,104.0,-6.0,0.56
07:36:04,116.0,37.0,123.0,22.0,114.0,11.0,383.95,20.0,119.5,7.0,48.0,42.0,1.1485294946006974,116.0,123.0,90,6.0,-96.0,0.07
07:36:05,116.0,22.0,122.18,22.0,114.0,11.0,285.47,15.0,119.09,6.180000000000007,33.0,37.0,0.8317631874323461,116.0,122.18,70,-4.0,-20.0,-0.06
07:36:06,116.0,20.0,118.5,20.0,114.0,10.0,128.22,18.0,117.25,2.5,30.0,38.0,1.0991587692265041,116.0,118.5,68,-8.0,-2.0,-0.12
07:36:07,114.75,16.0,147.32,19.0,111.51,67.0,170.55,22.0,131.03,32.56999999999999,83.0,41.0,5.523175716919447,114.75,147.32,124,42.0,56.0,0.34
07:36:08,114.18,49.0,198.1,10.0,113.54,26.0,200.0,10.0,156.14,83.91999999999999,75.0,20.0,16.328112873200364,114.18,198.1,95,55.0,-29.0,0.58
07:36:09,114.0,60.0,165.0,16.0,112.0,12.0,327.77,22.0,139.5,51.0,72.0,38.0,15.987096984755334,114.0,165.0,110,34.0,15.0,0.31
07:36:10,114.0,65.0,194.3,20.0,111.44,27.0,198.78,18.0,154.15,80.30000000000001,92.0,38.0,16.265381335830284,114.0,194.3,130,54.0,20.0,0.42
07:36:11,114.0,50.0,190.69,13.0,111.0,135.0,192.35,17.0,152.35,76.69,185.0,30.0,10.88468786874383,114.0,190.69,215,155.0,85.0,0.72
07:36:12,115.97,40.0,188.29,17.0,111.0,143.0,190.88,16.0,152.13,72.32,183.0,33.0,6.549521356555841,115.97,188.29,216,150.0,1.0,0.69
07:36:13,118.0,14.0,187.25,8.0,111.0,91.0,188.08,13.0,152.62,69.25,105.0,21.0,6.005909589727504,118.0,187.25,126,84.0,-90.0,0.67
07:36:14,118.0,16.0,184.5,16.0,111.0,104.0,186.24,17.0,151.25,66.5,120.0,33.0,1.0557935404149366,118.0,184.5,153,87.0,27.0,0.57
07:36:15,118.0,22.0,150.19,27.0,111.51,53.0,155.59,34.0,134.09,32.19,75.0,61.0,8.065105083009156,118.0,150.19,136,14.0,-17.0,0.1
07:36:16,118.0,26.0,127.0,38.0,115.03,74.0,129.24,33.0,122.5,9.0,100.0,71.0,13.62387866945304,118.0,127.0,171,29.0,35.0,0.17
07:36:17,118.0,14.0,124.29,14.0,116.0,56.0,125.86,14.0,121.14,6.290000000000006,70.0,28.0,15.124422303016233,118.0,124.29,98,42.0,-73.0,0.43
07:36:18,118.0,20.0,121.0,32.0,116.0,80.0,122.75,16.0,119.5,3.0,100.0,48.0,13.349420586676109,118.0,121.0,148,52.0,50.0,0.35
07:36:19,116.28,58.0,120.2,30.0,115.36,88.0,122.22,18.0,118.24,3.9200000000000017,146.0,48.0,6.355334766947293,116.28,120.2,194,98.0,46.0,0.51
07:36:20,116.0,62.0,119.0,20.0,115.0,80.0,120.0,20.0,117.5,3.0,142.0,40.0,2.055256674959963,116.0,119.0,182,102.0,-12.0,0.56
07:36:21,115.61,36.0,118.2,20.0,114.74,70.0,119.2,20.0,116.91,2.5900000000000034,106.0,40.0,1.6911889308906234,115.61,118.2,146,66.0,-36.0,0.45
07:36:22,115.52,50.0,117.18,11.0,114.58,65.0,125.57,21.0,116.35,1.6600000000000108,115.0,32.0,1.2266009946052265,115.52,117.18,147,83.0,1.0,0.56
07:36:23,115.19,63.0,161.74,35.0,113.53,76.0,191.64,28.0,138.47,46.55000000000001,139.0,63.0,9.515762187022554,115.19,161.74,202,76.0,55.0,0.38
07:36:24,115.0,62.0,170.65,46.0,111.0,56.0,241.4,20.0,142.83,55.650000000000006,118.0,66.0,13.09486235131819,115.0,170.65,184,52.0,-18.0,0.28
07:36:25,115.0,44.0,170.0,44.0,112.0,55.0,383.78,18.0,142.5,55.0,99.0,62.0,13.604242720562313,115.0,170.0,161,37.0,-23.0,0.23
07:36:26,115.0,44.0,168.18,44.0,112.0,55.0,261.09,22.0,141.59,53.18000000000001,99.0,66.0,11.311110467145774,115.0,168.18,165,33.0,4.0,0.2
07:36:27,115.09,33.0,161.65,37.0,112.35,51.0,242.31,29.0,138.37,46.56,84.0,66.0,2.176997932928824,115.09,161.65,150,18.0,-15.0,0.12
07:36:28,116.0,10.0,124.43,28.0,115.0,20.0,151.25,32.0,120.21,8.430000000000007,30.0,60.0,9.605180893662277,116.0,124.42999999999999,90,-30.0,-60.0,-0.33
07:36:29,116.0,11.0,122.16,49.0,115.0,22.0,122.93,41.0,119.08,6.159999999999997,33.0,90.0,11.705906628705561,116.0,122.16,123,-57.0,33.0,-0.46
07:36:30,116.1,10.0,120.7,40.0,115.0,20.0,122.0,50.0,118.4,4.6000000000000085,30.0,90.0,11.44039990559642,116.1,120.7,120,-60.0,-3.0,-0.5
07:36:31,114.22,18.0,119.06,64.0,113.33,21.0,120.19,53.0,116.64,4.840000000000003,39.0,117.0,8.943419368450094,114.22,119.06,156,-78.0,36.0,-0.5
07:36:32,112.0,24.0,118.17,60.0,111.0,177.0,120.0,48.0,115.08,6.170000000000002,201.0,108.0,2.032048227765814,112.0,118.17,309,93.0,153.0,0.3
07:36:33,111.09,138.0,116.25,59.0,110.26,152.0,117.54,67.0,113.67,5.159999999999997,290.0,126.0,2.251883655956857,111.09,116.25,416,164.0,107.0,0.39
07:36:34,111.0,120.0,115.12,32.0,109.0,56.0,117.0,40.0,113.06,4.1200000000000045,176.0,72.0,2.1854061407356564,111.0,115.12,248,104.0,-168.0,0.42
07:36:35,111.0,151.0,112.25,59.0,109.0,98.0,149.93,43.0,111.63,1.25,249.0,102.0,1.919903643406233,111.0,112.25,351,147.0,103.0,0.42
07:36:36,111.0,65.0,112.0,32.0,109.0,56.0,211.0,40.0,111.5,1.0,121.0,72.0,1.4920690332434554,111.0,112.0,193,49.0,-158.0,0.25
07:36:37,111.0,60.0,219.28,43.0,109.0,60.0,329.63,41.0,165.14,108.28,120.0,84.0,23.575193530488107,111.0,219.28000000000003,204,36.0,11.0,0.18
07:36:38,111.0,44.0,303.61,36.0,109.0,65.0,444.39,36.0,207.31,192.61,109.0,72.0,43.274115473340146,111.0,303.61,181,37.0,-23.0,0.2
07:36:39,111.0,36.0,267.79,29.0,109.0,90.0,431.23,39.0,189.4,156.79000000000002,126.0,68.0,44.09025549937293,111.0,267.79,194,58.0,13.0,0.3
07:36:40,111.0,31.0,280.86,28.0,109.0,80.0,434.71,34.0,195.93,169.86,111.0,62.0,38.11917798169306,111.0,280.86,173,49.0,-21.0,0.28
07:36:41,111.9,21.0,165.83,29.0,109.53,66.0,289.54,35.0,138.87,53.93000000000001,87.0,64.0,27.3779701585051,111.9,165.83,151,23.0,-22.0,0.15
07:36:42,115.0,11.0,129.14,14.0,114.0,11.0,134.56,41.0,122.07,14.139999999999986,22.0,55.0,37.764267237694305,115.0,129.14,77,-33.0,-74.0,-0.43
07:36:43,114.21,14.0,116.31,16.0,111.75,36.0,128.4,52.0,115.26,2.1000000000000085,50.0,68.0,37.90173518455297,114.21,116.31,118,-18.0,41.0,-0.15
07:36:44,111.38,24.0,132.53,15.0,109.23,79.0,164.27,30.0,121.95,21.150000000000006,103.0,45.0,33.09753585993936,111.38,132.53,148,58.0,30.0,0.39
07:36:45,111.0,39.0,147.0,10.0,109.0,100.0,222.5,30.0,129.0,36.0,139.0,40.0,8.947169943616993,111.0,147.0,179,99.0,31.0,0.55
07:36:46,112.88,16.0,147.0,7.0,110.11,38.0,243.36,22.0,129.94,34.120000000000005,54.0,29.0,5.999269122148309,112.88,147.0,83,25.0,-96.0,0.3
07:36:47,111.25,96.0,145.22,23.0,109.37,86.0,284.24,37.0,128.23,33.97,182.0,60.0,6.223538382621489,111.25,145.22,242,122.0,159.0,0.5
07:36:48,111.1,118.0,143.7,23.0,109.39,112.0,144.25,32.0,127.4,32.599999999999994,230.0,55.0,3.136754692347561,111.1,143.7,285,175.0,43.0,0.61
07:36:49,114.0,14.0,118.62,29.0,111.0,81.0,120.74,31.0,116.31,4.6200000000000045,95.0,60.0,5.594589350431689,114.0,118.62,155,35.0,-130.0,0.23
07:36:50,114.0,30.0,115.6,57.0,111.0,165.0,117.22,18.0,114.8,1.5999999999999943,195.0,75.0,7.1817149762408246,114.0,115.6,270,120.0,115.0,0.44
07:36:51,114.0,11.0,115.0,30.0,111.0,30.0,130.08,38.0,114.5,1.0,41.0,68.0,6.947868018317538,114.0,115.0,109,-27.0,-161.0,-0.25
07:36:52,111.32,22.0,177.96,46.0,108.79,42.0,234.16,57.0,144.64,66.64000000000001,64.0,103.0,12.946922414225002,111.32,177.96,167,-39.0,58.0,-0.23
07:36:53,110.93,14.0,234.46,26.0,108.65,86.0,277.62,40.0,172.7,123.53,100.0,66.0,25.8010910622006,110.92999999999999,234.46,166,34.0,-1.0,0.2
07:36:54,111.55,11.0,180.07,14.0,109.0,110.0,213.0,32.0,145.81,68.52,121.0,46.0,24.487063931798193,111.55,180.07,167,75.0,1.0,0.45
07:36:55,112.0,7.0,138.43,14.0,109.0,70.0,140.0,7.0,125.21,26.430000000000007,77.0,21.0,22.3155432378415,112.0,138.43,98,56.0,-69.0,0.57
07:36:56,109.04,73.0,135.3,20.0,104.64,22.0,136.84,19.0,122.17,26.260000000000005,95.0,39.0,20.242606798532012,109.04,135.3,134,56.0,36.0,0.42
07:36:57,109.0,84.0,132.72,18.0,101.0,14.0,133.31,54.0,120.86,23.72,98.0,72.0,22.197557298044554,109.0,132.72,170,26.0,36.0,0.15
07:36:58,111.69,58.0,129.66,41.0,111.38,74.0,130.15,39.0,120.67,17.97,132.0,80.0,10.701657815495867,111.69,129.66,212,52.0,42.0,0.25
07:36:59,115.0,12.0,127.92,24.0,109.64,94.0,129.0,60.0,121.46,12.920000000000002,106.0,84.0,1.8483587314047962,115.0,127.92,190,22.0,-22.0,0.12
07:37:00,109.22,162.0,124.04,49.0,101.34,94.0,126.05,74.0,116.63,14.820000000000007,256.0,123.0,2.1647794344826825,109.22,124.04,379,133.0,179.0,0.35
07:37:01,109.32,102.0,120.4,75.0,96.09,53.0,122.0,30.0,114.86,11.080000000000013,155.0,105.0,2.958146379062086,109.32,120.4,260,50.0,-119.0,0.19
07:37:02,110.0,20.0,118.86,14.0,109.0,80.0,120.09,47.0,114.43,8.86,100.0,61.0,3.2719031159185024,110.0,118.86,161,39.0,-99.0,0.24
07:37:03,111.0,18.0,114.91,23.0,109.0,72.0,117.47,15.0,112.96,3.9099999999999966,90.0,38.0,3.2860112598644746,111.0,114.91,128,52.0,-33.0,0.41
07:37:04,111.0,26.0,114.69,32.0,109.07,69.0,116.47,15.0,112.84,3.6899999999999977,95.0,47.0,1.5553874115328619,111.0,114.69,142,48.0,14.0,0.34
07:37:05,111.71,34.0,114.05,21.0,109.57,56.0,115.33,18.0,112.88,2.3400000000000034,90.0,39.0,0.9723579587550875,111.71,114.04999999999998,129,51.0,-13.0,0.4
07:37:06,112.0,27.0,113.64,11.0,111.0,18.0,115.25,12.0,112.82,1.6400000000000006,45.0,23.0,0.6974811825089368,112.0,113.64,68,22.0,-61.0,0.32
07:37:07,112.0,25.0,113.36,11.0,111.0,18.0,221.29,17.0,112.68,1.3599999999999994,43.0,28.0,0.10237187091092068,112.0,113.36,71,15.0,3.0,0.21
07:37:08,111.8,10.0,113.44,9.0,110.33,24.0,237.36,33.0,112.62,1.6400000000000006,34.0,42.0,0.11189280563892946,111.8,113.44,76,-8.0,5.0,-0.11
07:37:09,111.0,16.0,113.0,8.0,109.0,76.0,216.53,30.0,112.0,2.0,92.0,38.0,0.3512833613390022,111.0,113.0,130,54.0,54.0,0.42
07:37:10,110.79,28.0,264.61,54.0,108.51,86.0,438.13,52.0,187.7,153.82,114.0,106.0,33.61851692148189,110.79,264.61,220,8.0,90.0,0.04
07:37:11,115.77,35.0,210.7,66.0,111.19,47.0,282.52,61.0,163.23,94.92999999999999,82.0,127.0,35.59235563994004,115.77,210.7,209,-45.0,-11.0,-0.22
07:37:12,117.0,32.0,162.0,32.0,114.0,8.0,187.97,37.0,139.5,45.0,40.0,69.0,32.80067377356715,117.0,162.0,109,-29.0,-100.0,-0.27
07:37:13,117.0,48.0,162.0,48.0,114.99,192.0,333.42,50.0,139.5,45.0,240.0,98.0,28.494727231541972,117.0,162.0,338,142.0,179.0,0.42
07:37:14,115.12,101.0,161.82,44.0,114.96,119.0,433.45,33.0,138.47,46.69999999999999,220.0,77.0,21.69131047216797,115.12,161.82,297,143.0,-41.0,0.48
07:37:15,115.0,247.0,160.63,49.0,114.0,13.0,329.45,56.0,137.82,45.629999999999995,260.0,105.0,10.938785581588862,115.0,160.63,365,155.0,68.0,0.42
07:37:16,115.0,228.0,158.08,12.0,114.0,12.0,160.0,48.0,136.54,43.08000000000001,240.0,60.0,1.246507119904437,115.0,158.08,300,180.0,-65.0,0.6
07:37:17,115.0,247.0,154.95,37.0,114.0,13.0,156.07,28.0,134.97,39.94999999999999,260.0,65.0,1.7576831341205414,115.0,154.95,325,195.0,25.0,0.6
07:37:18,115.0,228.0,150.11,27.0,114.0,12.0,150.21,33.0,132.56,35.110000000000014,240.0,60.0,2.375577824439947,115.0,150.11,300,180.0,-25.0,0.6
07:37:19,115.0,152.0,145.12,32.0,114.0,8.0,147.0,8.0,130.06,30.120000000000005,160.0,40.0,3.115349097608432,115.0,145.12,200,120.0,-100.0,0.6
07:37:20,115.0,198.0,138.25,28.0,114.0,11.0,131.04,24.0,126.62,23.25,209.0,52.0,3.947834849631901,115.0,138.25,261,157.0,61.0,0.6
07:37:21,115.0,157.0,119.67,36.0,114.0,9.0,121.0,9.0,117.33,4.670000000000002,166.0,45.0,6.87199170546397,115.0,119.67,211,121.0,-50.0,0.57
07:37:22,115.0,112.0,118.36,11.0,114.0,8.0,119.07,29.0,116.68,3.3599999999999994,120.0,40.0,7.2941826135601495,115.0,118.36,160,80.0,-51.0,0.5
07:37:23,115.0,202.0,117.33,18.0,114.0,10.0,118.86,28.0,116.17,2.3299999999999983,212.0,46.0,6.4891501754822265,115.0,117.33,258,166.0,98.0,0.64
07:37:24,115.0,155.0,116.09,35.0,114.0,9.0,231.96,27.0,115.54,1.0900000000000034,164.0,62.0,4.604375093317129,115.0,116.09,226,102.0,-32.0,0.45
07:37:25,115.0,104.0,178.32,28.0,114.0,7.0,358.26,31.0,146.66,63.31999999999999,111.0,59.0,13.53527354728975,115.0,178.32,170,52.0,-56.0,0.31
07:37:27,115.0,96.0,306.17,18.0,114.0,8.0,355.25,24.0,210.58,191.17000000000002,104.0,42.0,81.64062144545446,115.0,306.17,146,62.0,2.0,0.42
07:37:28,115.0,120.0,215.2,30.0,112.18,33.0,287.75,36.0,165.1,100.19999999999999,153.0,66.0,74.81506412481383,115.0,215.2,219,87.0,73.0,0.4
07:37:29,115.0,111.0,210.41,29.0,114.0,30.0,216.13,46.0,162.71,95.41,141.0,75.0,65.61663942933995,115.0,210.41000000000003,216,66.0,-3.0,0.31
07:37:30,115.0,65.0,188.73,22.0,114.0,21.0,196.62,16.0,151.86,73.72999999999999,86.0,38.0,64.62101956793943,115.0,188.73,124,48.0,-92.0,0.39
07:37:31,115.0,129.0,182.07,43.0,114.0,51.0,183.53,47.0,148.53,67.07,180.0,90.0,24.943602987539556,115.0,182.07,270,90.0,146.0,0.33
07:37:32,115.0,36.0,177.91,22.0,114.0,36.0,179.29,14.0,146.45,62.91,72.0,36.0,8.45950057627428,115.0,177.91,108,36.0,-162.0,0.33
07:37:33,115.0,34.0,175.11,35.0,114.0,39.0,176.69,26.0,145.06,60.110000000000014,73.0,61.0,7.069658407588217,115.0,175.11,134,12.0,26.0,0.09
07:37:34,115.0,25.0,166.0,25.0,114.0,33.0,168.13,38.0,140.5,51.0,58.0,63.0,4.210837208914685,115.0,166.0,121,-5.0,-13.0,-0.04
07:37:35,115.17,30.0,150.76,37.0,114.62,40.0,155.13,30.0,132.96,35.58999999999999,70.0,67.0,6.191296310142032,115.17,150.76,137,3.0,16.0,0.02
07:37:36,116.54,13.0,146.67,27.0,115.0,55.0,149.47,49.0,131.6,30.12999999999998,68.0,76.0,6.804864436561281,116.53999999999999,146.67,144,-8.0,7.0,-0.06
07:37:37,117.0,23.0,144.69,26.0,115.0,65.0,156.0,39.0,130.85,27.689999999999998,88.0,65.0,6.270357246598851,117.0,144.69,153,23.0,9.0,0.15
07:37:38,117.0,12.0,139.94,34.0,115.0,56.0,146.0,30.0,128.47,22.939999999999998,68.0,64.0,4.5628423159224765,117.0,139.94,132,4.0,-21.0,0.03
07:37:39,114.58,26.0,142.2,35.0,114.05,22.0,143.76,25.0,128.39,27.61999999999999,48.0,60.0,1.9966547022385817,114.58,142.2,108,-12.0,-24.0,-0.11
07:37:40,114.07,41.0,139.32,40.0,112.86,37.0,140.52,50.0,126.7,25.25,78.0,90.0,1.9950864642843766,114.07,139.32,168,-12.0,60.0,-0.07
07:37:41,114.36,22.0,136.75,32.0,113.39,23.0,198.27,51.0,125.56,22.39,45.0,83.0,2.008663734916833,114.36,136.75,128,-38.0,-40.0,-0.3
07:37:42,111.56,86.0,134.38,16.0,109.42,57.0,135.31,29.0,122.97,22.819999999999993,143.0,45.0,2.2805635268435664,111.56,134.38,188,98.0,60.0,0.52
07:37:43,111.0,100.0,131.79,24.0,109.0,98.0,134.0,24.0,121.4,20.789999999999992,198.0,48.0,2.818533306521029,111.0,131.79,246,150.0,58.0,0.61
07:37:44,111.0,66.0,127.16,37.0,109.0,65.0,129.1,20.0,119.08,16.159999999999997,131.0,57.0,3.085047811617735,111.0,127.16,188,74.0,-58.0,0.39
07:37:45,116.67,30.0,123.96,25.0,113.45,44.0,124.35,40.0,120.31,7.289999999999992,74.0,65.0,2.5131911984500244,116.67,123.96,139,9.0,-49.0,0.06
07:37:46,118.0,16.0,120.95,19.0,116.0,30.0,122.96,25.0,119.47,2.950000000000003,46.0,44.0,1.5746205892106127,118.0,120.95,90,2.0,-49.0,0.02
07:37:47,116.29,21.0,118.0,18.0,115.25,36.0,118.44,27.0,117.14,1.7099999999999937,57.0,45.0,1.5820082174139665,116.29,118.0,102,12.0,12.0,0.12
07:37:48,115.07,27.0,116.16,25.0,111.31,78.0,223.91,33.0,115.62,1.0900000000000034,105.0,58.0,1.9067328077013428,115.07,116.16,163,47.0,61.0,0.29
07:37:49,111.31,78.0,192.61,46.0,109.7,69.0,271.42,60.0,151.96,81.30000000000001,147.0,106.0,15.240838231539913,111.31,192.61000000000004,253,41.0,90.0,0.16
07:37:50,111.0,64.0,117.83,18.0,109.0,40.0,274.32,38.0,114.42,6.829999999999998,104.0,56.0,15.897770912928893,111.0,117.83,160,48.0,-93.0,0.3
07:37:51,111.0,64.0,116.0,8.0,109.0,40.0,204.25,40.0,113.5,5.0,104.0,48.0,16.50937672960331,111.0,116.0,152,56.0,-8.0,0.37
07:37:52,111.0,80.0,115.2,10.0,109.0,50.0,351.56,36.0,113.1,4.200000000000003,130.0,46.0,16.93244223377026,111.0,115.2,176,84.0,24.0,0.48
07:37:53,111.0,48.0,115.0,6.0,109.0,30.0,312.75,20.0,113.0,4.0,78.0,26.0,17.206727753991068,111.0,115.0,104,52.0,-72.0,0.5
07:37:55,114.0,54.0,287.05,37.0,111.0,72.0,513.67,27.0,200.53,173.05,126.0,64.0,69.07237088735256,114.0,287.05,190,62.0,-137.0,0.33
07:37:56,114.0,43.0,216.12,17.0,111.0,56.0,343.55,11.0,165.06,102.12,99.0,28.0,63.88404479993418,114.0,216.12,127,71.0,-63.0,0.56
07:37:57,113.78,54.0,215.25,48.0,111.18,98.0,320.85,60.0,164.51,101.47,152.0,108.0,55.82528575833718,113.78,215.25,260,44.0,133.0,0.17
07:37:58,112.0,30.0,215.0,30.0,111.0,80.0,238.8,44.0,163.5,103.0,110.0,74.0,43.56022876432137,112.0,215.0,184,36.0,-76.0,0.2
07:37:59,111.4,30.0,189.29,21.0,110.36,47.0,221.06,31.0,150.34,77.88999999999999,77.0,52.0,18.761966048364854,111.4,189.29,129,25.0,-55.0,0.19
07:38:00,111.0,34.0,202.5,24.0,109.0,40.0,555.32,31.0,156.75,91.5,74.0,55.0,6.365270614827688,111.0,202.5,129,19.0,0.0,0.15
07:38:01,112.5,16.0,213.0,24.0,109.26,31.0,378.5,32.0,162.75,100.5,47.0,56.0,5.981350182023161,112.5,213.0,103,-9.0,-26.0,-0.09
07:38:02,117.0,24.0,177.48,46.0,111.0,24.0,188.34,38.0,147.24,60.47999999999999,48.0,84.0,7.264312080299549,117.0,177.48,132,-36.0,29.0,-0.27
07:38:03,117.0,10.0,141.2,20.0,111.0,10.0,143.0,15.0,129.1,24.19999999999999,20.0,35.0,12.745094350375796,117.0,141.2,55,-15.0,-77.0,-0.27
07:38:04,113.0,21.0,140.75,32.0,107.09,23.0,143.0,24.0,126.88,27.75,44.0,56.0,16.110922692384122,113.0,140.75,100,-12.0,45.0,-0.12
07:38:05,114.0,112.0,139.46,52.0,109.48,42.0,141.43,46.0,126.73,25.460000000000008,154.0,98.0,16.018422206945754,114.0,139.46,252,56.0,152.0,0.22
07:38:06,114.0,112.0,135.67,48.0,111.36,56.0,137.19,42.0,124.83,21.669999999999987,168.0,90.0,9.22786703415079,114.0,135.67,258,78.0,6.0,0.3
07:38:07,114.51,65.0,129.44,50.0,113.69,104.0,131.09,43.0,121.97,14.929999999999993,169.0,93.0,2.668289714398108,114.51,129.44,262,76.0,4.0,0.29
07:38:08,115.0,27.0,126.31,29.0,114.0,72.0,127.46,26.0,120.66,11.310000000000002,99.0,55.0,2.805517777516546,115.0,126.31,154,44.0,-108.0,0.29
07:38:09,115.0,30.0,122.62,32.0,114.0,80.0,123.77,26.0,118.81,7.6200000000000045,110.0,58.0,3.1841168320210937,115.0,122.62,168,52.0,14.0,0.31
07:38:10,115.22,37.0,119.26,35.0,114.03,91.0,120.48,54.0,117.24,4.040000000000006,128.0,89.0,2.9246828887861454,115.22000000000001,119.26,217,39.0,49.0,0.18
07:38:11,116.28,25.0,118.27,37.0,114.71,42.0,119.47,51.0,117.28,1.9899999999999949,67.0,88.0,2.0907104055696553,116.28,118.27,155,-21.0,-62.0,-0.14
07:38:12,115.77,13.0,117.5,30.0,112.57,56.0,118.74,34.0,116.63,1.730000000000004,69.0,64.0,1.6300092024146162,115.77,117.5,133,5.0,-22.0,0.04
07:38:13,112.1,62.0,115.28,18.0,111.44,27.0,118.25,20.0,113.69,3.180000000000007,89.0,38.0,1.8801994574925112,112.1,115.28,127,51.0,-6.0,0.4
07:38:14,112.0,58.0,113.0,28.0,111.0,24.0,115.0,8.0,112.5,1.0,82.0,36.0,2.221704300746166,112.0,113.0,118,46.0,-9.0,0.39
07:38:15,112.0,33.0,113.5,6.0,111.0,18.0,307.75,12.0,112.75,1.5,51.0,18.0,2.233797215495004,112.0,113.5,69,33.0,-49.0,0.48
07:38:16,112.0,10.0,242.5,6.0,111.0,12.0,403.9,10.0,177.25,130.5,22.0,16.0,28.38184948166634,112.0,242.5,38,6.0,-31.0,0.16
07:38:17,112.0,8.0,328.0,24.0,111.0,24.0,506.5,12.0,220.0,216.0,32.0,36.0,49.28652929553857,112.0,328.0,68,-4.0,30.0,-0.06
07:38:18,111.01,188.0,286.88,32.0,109.47,72.0,314.09,22.0,198.94,175.87,260.0,54.0,49.52465012496299,111.01,286.88,314,206.0,179.0,0.66
07:38:19,111.49,65.0,277.15,34.0,110.78,134.0,334.92,26.0,194.32,165.65999999999997,199.0,60.0,40.9016670809395,111.49,277.15,259,139.0,-55.0,0.54
07:38:20,111.11,106.0,273.88,34.0,110.13,60.0,275.3,30.0,192.5,162.76999999999998,166.0,64.0,15.406706981052857,111.11,273.88,230,102.0,-29.0,0.44
07:38:21,111.0,150.0,204.65,23.0,109.0,97.0,225.97,35.0,157.83,93.65,247.0,58.0,22.37636744424839,111.0,204.65,305,189.0,75.0,0.62
07:38:22,111.0,196.0,191.36,50.0,109.0,221.0,194.38,58.0,151.18,80.36000000000001,417.0,108.0,22.564722023548345,111.0,191.36,525,309.0,179.0,0.59
07:38:23,114.0,108.0,190.49,39.0,111.0,153.0,191.19,48.0,152.24,76.49000000000001,261.0,87.0,21.87856439531625,114.0,190.49,348,174.0,-177.0,0.5
07:38:24,114.0,72.0,186.84,37.0,111.0,112.0,189.18,17.0,150.42,72.84,184.0,54.0,17.939255279971704,114.0,186.84,238,130.0,-110.0,0.55
07:38:25,114.0,105.0,182.73,37.0,111.0,182.0,184.05,38.0,148.36,68.72999999999999,287.0,75.0,3.551926237970752,114.0,182.73,362,212.0,124.0,0.59
07:38:26,114.0,54.0,170.97,36.0,111.01,113.0,178.45,29.0,142.49,56.97,167.0,65.0,3.8741734602341045,114.0,170.97,232,102.0,-130.0,0.44
07:38:27,114.0,62.0,175.69,29.0,112.0,12.0,176.7,47.0,144.84,61.69,74.0,76.0,3.9926432347482717,114.0,175.69,150,-2.0,-82.0,-0.01
07:38:28,114.0,45.0,170.59,34.0,112.0,9.0,171.79,28.0,142.29,56.59,54.0,62.0,3.6063762976122367,114.0,170.59,116,-8.0,-34.0,-0.07
07:38:29,113.14,49.0,166.69,29.0,110.86,92.0,168.35,37.0,139.92,53.55,141.0,66.0,3.189192687809489,113.13999999999999,166.69,207,75.0,91.0,0.36
07:38:30,112.64,202.0,164.77,79.0,111.4,207.0,165.54,68.0,138.71,52.13000000000001,409.0,147.0,2.3941491181577854,112.64,164.77,556,262.0,179.0,0.47
07:38:31,115.71,56.0,160.48,31.0,114.0,168.0,163.52,50.0,138.1,44.769999999999996,224.0,81.0,2.7825473940213294,115.71,160.48,305,143.0,-181.0,0.47
07:38:32,116.13,38.0,127.34,47.0,114.12,128.0,143.06,33.0,121.74,11.210000000000008,166.0,80.0,8.214570591331645,116.13,127.34,246,86.0,-59.0,0.35
07:38:33,116.38,16.0,123.29,34.0,115.32,37.0,124.62,32.0,119.83,6.910000000000011,53.0,66.0,9.97194815469709,116.38,123.29000000000002,119,-13.0,-127.0,-0.11
07:38:34,115.54,26.0,121.74,39.0,114.33,107.0,122.36,56.0,118.64,6.199999999999989,133.0,95.0,10.10549503982674,115.53999999999999,121.74,228,38.0,109.0,0.17
07:38:35,114.65,34.0,117.41,41.0,113.89,140.0,118.6,40.0,116.03,2.759999999999991,174.0,81.0,8.762845998872667,114.65,117.40999999999998,255,93.0,27.0,0.36
07:38:36,114.0,71.0,116.0,24.0,112.0,48.0,117.0,30.0,115.0,2.0,119.0,54.0,2.7531563704146174,114.0,116.0,173,65.0,-82.0,0.38
07:38:37,114.0,88.0,115.0,60.0,112.01,89.0,117.78,37.0,114.5,1.0,177.0,97.0,2.3285939963749125,114.0,115.0,274,80.0,101.0,0.29
07:38:38,114.0,49.0,115.0,23.0,113.0,7.0,118.0,21.0,114.5,1.0,56.0,44.0,1.7404539637555283,114.0,115.0,100,12.0,-174.0,0.12
07:38:39,114.0,67.0,115.0,10.0,112.0,80.0,161.0,30.0,114.5,1.0,147.0,40.0,0.6645900991976817,114.0,115.0,187,107.0,87.0,0.57
07:38:40,114.0,31.0,115.0,9.0,112.0,72.0,286.83,24.0,114.5,1.0,103.0,33.0,0.2236067976410949,114.0,115.0,136,70.0,-51.0,0.51
07:38:41,112.4,60.0,194.73,30.0,111.71,68.0,418.19,31.0,153.57,82.32999999999998,128.0,61.0,17.472635176182163,112.4,194.73,189,67.0,53.0,0.35
07:38:42,114.32,124.0,198.19,64.0,111.71,68.0,201.0,32.0,156.26,83.87,192.0,96.0,22.15662835360935,114.32,198.19,288,96.0,99.0,0.33
07:38:43,117.0,98.0,196.43,28.0,116.0,7.0,295.29,14.0,156.71,79.43,105.0,42.0,22.495990087123833,117.0,196.43,147,63.0,-141.0,0.43
07:38:44,117.0,112.0,163.82,22.0,116.0,8.0,208.62,26.0,140.41,46.81999999999999,120.0,48.0,17.931496033515398,117.0,163.82,168,72.0,21.0,0.43
07:38:45,117.0,126.0,173.18,34.0,116.0,9.0,235.38,32.0,145.09,56.18000000000001,135.0,66.0,7.283551331595336,117.0,173.18,201,69.0,33.0,0.34
07:38:46,117.0,168.0,172.08,48.0,116.0,12.0,519.92,48.0,144.54,55.08000000000001,180.0,96.0,7.4217161088243255,117.0,172.08,276,84.0,75.0,0.3
07:38:47,117.0,126.0,170.44,36.0,116.0,9.0,374.89,36.0,143.72,53.44,135.0,72.0,6.206168705407556,117.0,170.44,207,63.0,-69.0,0.3
07:38:48,117.0,225.0,168.59,68.0,115.67,24.0,358.88,68.0,142.79,51.59,249.0,136.0,1.8391438225374002,117.0,168.59,385,113.0,178.0,0.29
07:38:49,116.93,45.0,168.0,40.0,115.23,31.0,323.0,40.0,142.47,51.06999999999999,76.0,80.0,1.115423686308416,116.93,168.0,156,-4.0,-181.0,-0.03
07:38:50,117.23,129.0,163.31,64.0,116.58,26.0,397.59,44.0,140.27,46.08,155.0,108.0,1.6105185500257244,117.23,163.31,263,47.0,107.0,0.18
07:38:51,118.0,67.0,160.76,41.0,117.0,39.0,161.96,51.0,139.38,42.75999999999999,106.0,92.0,1.8224516454424888,118.0,160.76,198,14.0,-65.0,0.07
07:38:52,118.0,60.0,158.0,48.0,117.0,36.0,160.0,36.0,138.0,40.0,96.0,84.0,2.0401397010927886,118.0,158.0,180,12.0,-18.0,0.07
07:38:53,118.0,75.0,152.49,55.0,117.0,45.0,154.62,58.0,135.25,34.49000000000001,120.0,113.0,2.684833328155313,118.0,152.49,233,7.0,53.0,0.03
07:38:54,116.29,28.0,147.9,40.0,116.57,28.0,149.0,30.0,132.09,31.61,56.0,70.0,3.3364606995994306,116.29,147.9,126,-14.0,-107.0,-0.11
07:38:55,115.0,120.0,145.54,57.0,114.0,30.0,147.15,52.0,130.27,30.539999999999992,150.0,109.0,3.8434320600173977,115.0,145.54,259,41.0,133.0,0.16
07:38:56,115.0,92.0,140.67,54.0,114.0,30.0,141.85,52.0,127.83,25.669999999999987,122.0,106.0,4.018260817812525,115.0,140.67,228,16.0,-31.0,0.07
07:38:57,115.0,17.0,135.42,53.0,114.0,28.0,136.67,54.0,125.21,20.419999999999987,45.0,107.0,3.859144983019554,115.0,135.42,152,-62.0,-76.0,-0.41
07:38:58,115.0,9.0,127.8,40.0,114.0,18.0,128.97,31.0,121.4,12.799999999999997,27.0,71.0,4.219182385245086,115.0,127.8,98,-44.0,-54.0,-0.45
07:38:59,114.75,16.0,124.34,70.0,113.25,32.0,125.16,74.0,119.55,9.590000000000003,48.0,144.0,4.426592368849893,114.75,124.34000000000002,192,-96.0,94.0,-0.5
07:39:00,109.93,15.0,119.73,44.0,97.0,28.0,121.34,53.0,114.83,9.799999999999997,43.0,97.0,5.044450416047053,109.93,119.73,140,-54.0,-52.0,-0.39
07:39:01,111.7,23.0,116.65,60.0,110.76,68.0,119.3,60.0,114.17,4.950000000000003,91.0,120.0,4.618963087095937,111.7,116.65,211,-29.0,71.0,-0.14
07:39:03,104.38,26.0,112.05,40.0,85.63,30.0,113.54,46.0,108.22,7.670000000000002,56.0,86.0,7.5493761331614655,104.38000000000001,112.05,142,-30.0,-63.0,-0.21
07:39:14,90.29,41.0,105.23,13.0,90.31,26.0,163.91,44.0,97.76,14.939999999999998,67.0,57.0,2.2940858745768122,90.29,105.23,124,10.0,-7.0,0.08
07:39:15,94.71,7.0,108.0,14.0,92.0,28.0,424.2,10.0,101.36,13.290000000000006,35.0,24.0,3.852285036174526,94.71,108.0,59,11.0,-65.0,0.19
07:39:16,96.45,31.0,108.0,20.0,95.96,46.0,268.5,10.0,102.23,11.549999999999997,77.0,30.0,3.913419221082256,96.45,108.0,107,47.0,48.0,0.44
07:39:17,101.12,43.0,108.0,26.0,100.12,40.0,181.9,20.0,104.56,6.8799999999999955,83.0,46.0,3.7461406807457345,101.11999999999999,108.0,129,37.0,22.0,0.29
07:39:18,105.41,41.0,108.0,13.0,104.57,14.0,109.0,22.0,106.71,2.5900000000000034,55.0,35.0,3.3839666073914136,105.40999999999998,108.0,90,20.0,-39.0,0.22
07:39:19,107.08,25.0,128.4,15.0,106.46,13.0,175.8,15.0,117.74,21.320000000000007,38.0,30.0,6.610518134000067,107.08,128.4,68,8.0,-22.0,0.12
07:39:20,109.38,24.0,142.0,24.0,108.0,8.0,336.91,23.0,125.69,32.620000000000005,32.0,47.0,9.965808045509812,109.38,142.0,79,-15.0,11.0,-0.19
07:39:21,98.45,89.0,229.75,36.0,94.07,76.0,320.95,39.0,164.1,131.3,165.0,75.0,24.117542370647115,98.45000000000002,229.75,240,90.0,161.0,0.38
07:39:22,92.0,31.0,257.38,21.0,70.91,33.0,398.6,20.0,174.69,165.38,64.0,41.0,29.867226687457467,92.0,257.38,105,23.0,-135.0,0.22
07:39:28,92.83,18.0,161.8,15.0,91.0,36.0,246.5,24.0,127.32,68.97000000000001,54.0,39.0,15.222237680444342,92.83,161.8,93,15.0,-24.0,0.16
07:39:29,91.95,37.0,106.0,27.0,91.33,18.0,171.85,26.0,98.97,14.049999999999997,55.0,53.0,14.56159228930479,91.95,106.0,108,2.0,15.0,0.02
07:39:30,94.56,18.0,106.0,24.0,92.11,38.0,266.92,12.0,100.28,11.439999999999998,56.0,36.0,13.643318144789491,94.56,106.0,92,20.0,-16.0,0.22
07:39:31,95.0,36.0,106.0,18.0,94.0,6.0,307.04,24.0,100.5,11.0,42.0,42.0,12.678169031841444,95.0,106.0,84,0.0,-8.0,0.0
07:39:33,98.08,24.0,106.0,36.0,95.0,12.0,246.24,42.0,102.04,7.920000000000002,36.0,78.0,1.102710297376227,98.08,106.0,114,-42.0,-55.0,-0.37
07:39:35,103.43,21.0,137.95,39.0,98.58,12.0,201.21,24.0,120.69,34.51999999999998,33.0,63.0,8.712270083046318,103.43,137.95,96,-30.0,25.0,-0.31
07:39:36,114.57,46.0,201.5,48.0,109.65,23.0,442.1,30.0,158.03,86.93,69.0,78.0,24.52545065844773,114.56999999999998,201.5,147,-9.0,51.0,-0.06
07:39:37,115.1,31.0,382.04,24.0,112.85,26.0,492.97,29.0,248.57,266.94000000000005,57.0,53.0,61.43089393782237,115.1,382.04,110,4.0,-37.0,0.04
07:39:38,116.0,6.0,173.0,12.0,115.0,24.0,621.2,20.0,144.5,57.0,30.0,32.0,56.494120667552565,116.0,173.0,62,-2.0,-48.0,-0.03
07:39:40,116.27,15.0,367.05,20.0,115.14,28.0,535.04,23.0,241.66,250.78000000000003,43.0,43.0,62.20304470040069,116.27,367.05,86,0.0,33.0,0.0
07:39:41,116.0,9.0,357.89,27.0,115.0,36.0,378.27,37.0,236.94,241.89,45.0,64.0,53.06457556600317,116.0,357.88999999999993,109,-19.0,23.0,-0.17
07:39:42,115.37,19.0,255.5,36.0,113.15,52.0,282.46,39.0,185.43,140.13,71.0,75.0,55.609373130795575,115.37,255.5,146,-4.0,37.0,-0.03
07:39:43,115.0,51.0,125.27,49.0,111.0,102.0,139.54,56.0,120.13,10.269999999999996,153.0,105.0,64.22148215356015,115.0,125.27,258,48.0,112.0,0.19
07:39:44,111.23,53.0,115.84,19.0,109.1,126.0,117.12,25.0,113.53,4.609999999999999,179.0,44.0,61.39058290975915,111.23,115.84,223,135.0,-35.0,0.61
07:39:45,111.75,40.0,113.93,15.0,109.13,90.0,203.0,32.0,112.84,2.180000000000007,130.0,47.0,55.55577494734448,111.75,113.93,177,83.0,-46.0,0.47
07:39:46,114.0,50.0,119.66,29.0,111.0,39.0,299.58,52.0,116.83,5.659999999999997,89.0,81.0,31.260077095233886,114.0,119.66,170,8.0,-7.0,0.05
07:39:47,114.0,23.0,191.46,50.0,111.0,36.0,311.53,43.0,152.73,77.46000000000001,59.0,93.0,16.754555201495485,114.0,191.46,152,-34.0,-18.0,-0.22
07:39:48,114.0,8.0,190.0,24.0,111.0,24.0,192.0,40.0,152.0,76.0,32.0,64.0,20.850487524275437,114.0,190.0,96,-32.0,-56.0,-0.33
07:39:49,112.41,17.0,120.46,52.0,109.8,60.0,159.35,31.0,116.44,8.049999999999997,77.0,83.0,20.324245865467336,112.41,120.46000000000001,160,-6.0,64.0,-0.04
07:39:50,112.29,38.0,116.0,24.0,109.68,76.0,295.46,26.0,114.14,3.7099999999999937,114.0,50.0,20.053672232286196,112.29,116.0,164,64.0,4.0,0.39
07:39:51,112.69,90.0,182.38,45.0,111.14,84.0,320.83,30.0,147.53,69.69,174.0,75.0,19.542734455545684,112.69,182.38,249,99.0,85.0,0.4
07:39:52,112.0,35.0,168.57,7.0,111.0,21.0,328.86,7.0,140.29,56.56999999999999,56.0,14.0,17.673187318646573,112.0,168.57,70,42.0,-179.0,0.6
07:39:53,117.0,10.0,163.64,14.0,112.0,50.0,339.0,10.0,140.32,46.639999999999986,60.0,24.0,15.328836550761698,117.0,163.64000000000001,84,36.0,14.0,0.43
07:39:54,112.95,37.0,143.11,55.0,111.59,59.0,147.09,35.0,128.03,30.16000000000001,96.0,90.0,13.158729801921236,112.95000000000002,143.11,186,6.0,102.0,0.03
07:39:55,112.0,75.0,120.07,75.0,111.0,60.0,121.4,75.0,116.03,8.069999999999993,135.0,150.0,12.451517979747305,112.0,120.07,285,-15.0,99.0,-0.05
07:39:56,112.0,59.0,116.88,51.0,111.0,48.0,117.75,60.0,114.44,4.8799999999999955,107.0,111.0,12.548142093551693,112.0,116.88,218,-4.0,-67.0,-0.02
07:39:57,113.02,41.0,115.72,54.0,111.56,50.0,168.12,51.0,114.37,2.700000000000003,91.0,105.0,11.412268398524404,113.02,115.72,196,-14.0,-22.0,-0.07
07:39:58,112.71,42.0,115.89,53.0,111.78,51.0,411.8,41.0,114.3,3.180000000000007,93.0,94.0,5.967003435557396,112.71,115.89,187,-1.0,-9.0,-0.01
07:39:59,112.76,33.0,195.71,24.0,111.78,46.0,410.53,45.0,154.23,82.95,79.0,69.0,17.65504828653716,112.76,195.71,148,10.0,-39.0,0.07
07:40:00,112.0,52.0,240.72,18.0,111.0,75.0,431.41,51.0,176.36,128.72,127.0,69.0,28.96940196137937,112.0,240.72,196,58.0,48.0,0.3
07:40:01,110.15,39.0,161.36,11.0,99.03,79.0,218.64,11.0,135.76,51.21000000000001,118.0,22.0,26.71585166151315,110.15,161.36,140,96.0,-56.0,0.69
07:40:02,110.8,40.0,160.71,7.0,75.86,43.0,427.57,7.0,135.76,49.91000000000001,83.0,14.0,23.27622220206662,110.8,160.71,97,69.0,-43.0,0.71
07:40:03,110.76,17.0,160.0,4.0,102.12,17.0,531.0,4.0,135.38,49.239999999999995,34.0,8.0,18.032901042261148,110.76,160.0,42,26.0,-55.0,0.62
07:40:04,115.0,3.0,160.0,3.0,109.0,18.0,423.67,3.0,137.5,45.0,21.0,6.0,18.023621167789234,115.0,160.0,27,15.0,-15.0,0.56
07:40:05,112.6,10.0,159.62,8.0,104.97,29.0,352.3,10.0,136.11,47.02000000000001,39.0,18.0,0.8230552836674246,112.6,159.62,57,21.0,30.0,0.37
07:40:06,109.0,30.0,136.36,11.0,91.66,41.0,201.45,11.0,122.68,27.360000000000014,71.0,22.0,6.093552330124897,109.0,136.36,93,49.0,36.0,0.53
07:40:07,109.0,24.0,127.75,8.0,107.0,29.0,335.12,8.0,118.38,18.75,53.0,16.0,8.819478442627295,109.0,127.75,69,37.0,-24.0,0.54
07:40:08,109.0,27.0,126.56,9.0,99.0,29.0,187.26,19.0,117.78,17.560000000000002,56.0,28.0,9.616610629528706,109.0,126.56,84,28.0,15.0,0.33
07:40:15,95.0,56.0,147.1,51.0,69.4,40.0,405.22,18.0,121.05,52.099999999999994,96.0,69.0,42.197953978835955,95.0,147.1,165,27.0,73.0,0.16
07:40:16,114.0,60.0,341.17,24.0,93.86,42.0,398.23,13.0,227.58,227.17000000000002,102.0,37.0,60.45065260193622,114.0,341.17,139,65.0,-26.0,0.47
07:40:17,114.0,50.0,334.1,20.0,112.0,40.0,336.4,20.0,224.05,220.10000000000002,90.0,40.0,67.85292315000132,114.0,334.1,130,50.0,-9.0,0.38
07:40:18,114.0,25.0,324.8,10.0,112.0,20.0,325.8,10.0,219.4,210.8,45.0,20.0,64.3119153034646,114.0,324.8,65,25.0,-65.0,0.38
07:40:19,114.14,35.0,184.88,16.0,112.34,29.0,192.42,24.0,149.51,70.74,64.0,40.0,49.53639036102664,114.14,184.88,104,24.0,39.0,0.23
07:40:20,115.0,55.0,162.33,43.0,114.0,55.0,163.88,32.0,138.66,47.33000000000001,110.0,75.0,43.85865536014545,115.0,162.33,185,35.0,81.0,0.19
07:40:21,115.0,66.0,158.2,45.0,114.0,70.0,159.94,33.0,136.6,43.19999999999999,136.0,78.0,44.195487665597724,115.0,158.2,214,58.0,29.0,0.27
07:40:22,115.28,72.0,153.21,70.0,114.0,99.0,154.47,49.0,134.25,37.93000000000001,171.0,119.0,36.09459419359064,115.28,153.21,290,52.0,76.0,0.18
07:40:23,116.74,76.0,144.27,49.0,114.0,114.0,146.82,49.0,130.5,27.530000000000015,190.0,98.0,7.161391624535855,116.74,144.27,288,92.0,-2.0,0.32
07:40:24,117.67,60.0,139.52,46.0,114.0,90.0,140.93,57.0,128.59,21.85000000000001,150.0,103.0,4.173254125975198,117.67,139.52,253,47.0,-35.0,0.19
07:40:25,115.75,32.0,135.07,42.0,113.11,54.0,137.47,34.0,125.41,19.319999999999993,86.0,76.0,4.449837075665465,115.75,135.07,162,10.0,-91.0,0.06
07:40:26,114.0,33.0,131.17,46.0,112.0,44.0,132.48,46.0,122.59,17.169999999999987,77.0,92.0,4.507706734023938,114.0,131.17,169,-15.0,7.0,-0.09
07:40:27,114.0,30.0,127.28,43.0,112.0,40.0,128.4,43.0,120.64,13.280000000000001,70.0,86.0,4.081461747947988,114.0,127.28,156,-16.0,-13.0,-0.1
07:40:28,113.83,36.0,123.67,48.0,111.8,55.0,127.0,60.0,118.75,9.840000000000003,91.0,108.0,3.894365160069207,113.83,123.67,199,-17.0,43.0,-0.09
07:40:29,112.11,37.0,121.73,49.0,111.03,118.0,126.15,59.0,116.92,9.620000000000005,155.0,108.0,3.3060353900040296,112.10999999999999,121.73,263,47.0,64.0,0.18
07:40:30,111.29,42.0,119.2,50.0,110.93,86.0,120.29,51.0,115.24,7.909999999999997,128.0,101.0,2.913600864901984,111.29,119.2,229,27.0,-34.0,0.12
07:40:31,111.28,67.0,116.4,63.0,109.54,81.0,117.45,62.0,113.84,5.1200000000000045,148.0,125.0,2.709763827339255,111.28,116.4,273,23.0,44.0,0.08
07:40:32,111.0,43.0,112.78,37.0,109.0,61.0,114.86,35.0,111.89,1.7800000000000011,104.0,72.0,2.659242373300146,111.0,112.77999999999999,176,32.0,-97.0,0.18
07:40:33,109.12,85.0,111.4,53.0,102.9,58.0,113.99,73.0,110.26,2.280000000000001,143.0,126.0,2.638408611256739,109.12,111.40000000000002,269,17.0,93.0,0.06
07:40:34,109.0,54.0,110.0,8.0,102.0,14.0,111.21,38.0,109.5,1.0,68.0,46.0,2.4013704420502457,109.0,110.0,114,22.0,-155.0,0.19
07:40:35,109.0,22.0,112.0,30.0,67.91,53.0,272.09,22.0,110.5,3.0,75.0,52.0,1.7109412613973343,109.0,112.0,127,23.0,13.0,0.18
07:40:36,103.91,22.0,130.33,21.0,44.57,23.0,440.07,29.0,117.12,26.420000000000016,45.0,50.0,3.067878745966401,103.91,130.33,95,-5.0,-32.0,-0.05
07:40:40,90.96,56.0,109.29,28.0,60.56,18.0,146.48,54.0,100.12,18.330000000000013,74.0,82.0,34.60679152998674,90.96,109.29,156,-8.0,98.0,-0.05
07:40:42,108.2,164.0,161.92,73.0,106.18,78.0,264.67,83.0,135.06,53.719999999999985,242.0,156.0,32.522771714599564,108.19999999999999,161.92,398,86.0,179.0,0.22
07:40:43,115.95,219.0,323.35,80.0,114.16,166.0,481.82,85.0,219.65,207.40000000000003,385.0,165.0,53.45921931715768,115.95,323.35,550,220.0,152.0,0.4
07:40:44,118.0,24.0,305.25,40.0,116.0,104.0,611.92,12.0,211.62,187.25,128.0,52.0,57.83535752461448,118.0,305.25,180,76.0,-181.0,0.42
07:40:45,118.0,9.0,159.0,12.0,116.0,39.0,244.0,15.0,138.5,41.0,48.0,27.0,51.02341227319069,118.0,159.0,75,21.0,-105.0,0.28
07:40:46,116.29,84.0,317.92,37.0,115.68,76.0,588.11,38.0,217.1,201.63,160.0,75.0,43.571853070531674,116.29,317.92,235,85.0,160.0,0.36
07:40:47,117.3,10.0,227.96,49.0,116.0,120.0,366.48,29.0,172.63,110.66000000000001,130.0,78.0,35.41494670333425,117.3,227.96,208,52.0,-27.0,0.25
07:40:48,116.04,57.0,221.0,40.0,115.3,40.0,263.5,32.0,168.52,104.96,97.0,72.0,32.67483863770408,116.04,221.0,169,25.0,-39.0,0.15
07:40:49,116.0,64.0,201.87,31.0,115.0,32.0,367.52,33.0,158.94,85.87,96.0,64.0,28.877394619321056,116.0,201.87,160,32.0,-9.0,0.2
07:40:50,116.0,31.0,184.37,19.0,115.0,28.0,531.57,28.0,150.18,68.37,59.0,47.0,25.89560734950995,116.0,184.37,106,12.0,-54.0,0.11
07:40:51,116.0,12.0,226.25,4.0,115.0,16.0,228.0,12.0,171.12,110.25,28.0,16.0,9.510668746202223,116.0,226.25,44,12.0,-62.0,0.27
07:40:52,116.0,18.0,224.33,6.0,115.0,24.0,232.5,18.0,170.17,108.33000000000001,42.0,24.0,9.021650625023529,116.0,224.33,66,18.0,22.0,0.27
07:40:53,116.0,27.0,222.57,21.0,115.0,36.0,225.8,15.0,169.29,106.57,63.0,36.0,9.128600659465146,116.0,222.57000000000002,99,27.0,33.0,0.27
07:40:54,116.0,24.0,219.5,16.0,115.0,32.0,220.06,16.0,167.75,103.5,56.0,32.0,8.765247857304933,116.0,219.5,88,24.0,-11.0,0.27
07:40:55,116.0,45.0,215.56,27.0,115.0,60.0,216.39,33.0,165.78,99.56,105.0,60.0,2.104749391255646,116.0,215.56,165,45.0,77.0,0.27
07:40:56,115.72,29.0,210.65,17.0,114.61,46.0,213.21,19.0,163.19,94.93,75.0,36.0,2.8098718831985803,115.72,210.65,111,39.0,-54.0,0.35
07:40:57,115.0,56.0,206.67,27.0,114.0,99.0,207.76,29.0,160.83,91.66999999999999,155.0,56.0,3.4118499380817835,115.0,206.66999999999996,211,99.0,100.0,0.47
07:40:58,115.0,42.0,202.29,24.0,114.0,108.0,203.21,24.0,158.65,87.28999999999999,150.0,48.0,3.663004231500055,115.0,202.29,198,102.0,-13.0,0.52
07:40:59,115.0,39.0,196.16,19.0,114.0,117.0,197.14,21.0,155.58,81.16,156.0,40.0,3.9491809277349894,115.0,196.16,196,116.0,-2.0,0.59
07:41:00,115.63,57.0,184.05,61.0,114.13,135.0,191.11,53.0,149.84,68.42000000000002,192.0,114.0,5.173970428982346,115.63,184.05,306,78.0,110.0,0.25
07:41:01,117.0,57.0,181.83,65.0,115.33,49.0,187.03,31.0,149.42,64.83000000000001,106.0,96.0,5.131211357952628,117.0,181.83,202,10.0,-104.0,0.05
07:41:02,115.44,54.0,152.19,48.0,114.18,67.0,157.92,38.0,133.82,36.75,121.0,86.0,9.574263418142346,115.44,152.19,207,35.0,5.0,0.17
07:41:03,115.0,33.0,145.41,27.0,114.0,55.0,146.95,19.0,130.2,30.409999999999997,88.0,46.0,11.083669067595597,115.0,145.41,134,42.0,-73.0,0.31
07:41:04,115.0,31.0,143.85,34.0,114.0,60.0,144.83,36.0,129.43,28.849999999999994,91.0,70.0,10.257807757994508,115.0,143.85,161,21.0,27.0,0.13
07:41:05,116.64,14.0,138.96,26.0,115.0,28.0,140.32,22.0,127.8,22.320000000000007,42.0,48.0,8.8244535241549,116.64,138.96,90,-6.0,-71.0,-0.07
07:41:06,118.0,14.0,131.86,28.0,115.0,28.0,132.29,24.0,124.93,13.860000000000014,42.0,52.0,3.262810138510566,118.0,131.86,94,-10.0,4.0,-0.11
07:41:07,118.0,11.0,128.37,19.0,115.0,22.0,129.84,25.0,123.18,10.370000000000005,33.0,44.0,2.983449345969572,118.0,128.37,77,-11.0,-17.0,-0.14
07:41:08,115.33,30.0,126.95,22.0,114.14,28.0,127.25,36.0,121.14,11.620000000000005,58.0,58.0,3.363172609302918,115.33,126.95,116,0.0,39.0,0.0
07:41:09,114.0,50.0,123.33,12.0,112.0,20.0,124.28,18.0,118.67,9.329999999999998,70.0,30.0,3.496502538246518,114.0,123.33,100,40.0,-16.0,0.4
07:41:10,114.0,65.0,121.07,30.0,111.26,61.0,129.39,23.0,117.53,7.069999999999993,126.0,53.0,3.067824962406324,114.0,121.07,179,73.0,79.0,0.41
07:41:11,114.0,40.0,118.74,19.0,111.7,60.0,119.86,21.0,116.37,4.739999999999995,100.0,40.0,2.7624391395943,114.0,118.74,140,60.0,-39.0,0.43
07:41:12,113.19,52.0,115.14,28.0,111.74,104.0,116.0,38.0,114.17,1.9500000000000028,156.0,66.0,2.5959738057156114,113.19,115.14,222,90.0,82.0,0.41
07:41:13,112.0,42.0,113.43,14.0,111.0,90.0,115.11,18.0,112.71,1.4300000000000068,132.0,32.0,2.4351180669447614,112.0,113.42999999999999,164,100.0,-58.0,0.61
07:41:14,111.22,46.0,112.77,13.0,109.5,181.0,131.26,23.0,111.99,1.5499999999999972,227.0,36.0,2.3598898279284426,111.22,112.77,263,191.0,99.0,0.73
07:41:15,109.0,160.0,111.2,10.0,66.09,66.0,112.2,10.0,110.1,2.200000000000003,226.0,20.0,2.356739272800323,109.0,111.2,246,206.0,-17.0,0.84
07:41:16,109.0,64.0,280.18,11.0,93.0,36.0,363.5,6.0,194.59,171.18,100.0,17.0,36.856059474663965,109.0,280.18,117,83.0,-129.0,0.71
07:41:17,109.0,160.0,291.62,26.0,68.5,90.0,390.62,24.0,200.31,182.62,250.0,50.0,47.07510063717311,109.0,291.62,300,200.0,179.0,0.67
07:41:18,109.84,100.0,288.86,44.0,89.11,62.0,378.14,42.0,199.35,179.02,162.0,86.0,47.72671599848438,109.84,288.86,248,76.0,-52.0,0.31
07:41:19,117.0,12.0,177.67,24.0,112.21,42.0,327.0,30.0,147.33,60.66999999999999,54.0,54.0,40.26835333112081,117.0,177.67,108,0.0,-140.0,0.0
07:41:20,117.0,6.0,134.8,20.0,114.0,18.0,143.6,10.0,125.9,17.80000000000001,24.0,30.0,34.57750540452549,117.0,134.8,54,-6.0,-54.0,-0.11
07:41:21,112.08,39.0,133.09,44.0,110.3,81.0,189.18,22.0,122.58,21.010000000000005,120.0,66.0,38.38231923685674,112.08,133.09,186,54.0,132.0,0.29
07:41:22,111.69,58.0,129.73,44.0,109.62,130.0,284.27,22.0,120.71,18.039999999999992,188.0,66.0,33.166815192296895,111.69,129.73,254,122.0,68.0,0.48
07:41:23,115.0,24.0,128.0,48.0,111.0,96.0,288.38,32.0,121.5,13.0,120.0,80.0,11.203183922437853,115.0,128.0,200,40.0,-54.0,0.2
07:41:24,115.0,18.0,127.0,36.0,111.0,72.0,358.0,36.0,121.0,12.0,90.0,72.0,2.1147860411795274,115.0,127.0,162,18.0,-38.0,0.11
07:41:25,115.0,21.0,126.82,44.0,111.0,88.0,394.0,44.0,120.91,11.819999999999993,109.0,88.0,0.7517645907911313,115.0,126.82,197,21.0,35.0,0.11
07:41:26,115.0,10.0,259.6,40.0,111.77,35.0,403.26,27.0,187.3,144.60000000000002,45.0,67.0,29.638273060351768,115.0,259.6,112,-22.0,-85.0,-0.2
07:41:27,115.0,11.0,199.33,15.0,114.0,22.0,386.82,17.0,157.17,84.33000000000001,33.0,32.0,29.94727917524356,115.0,199.33,65,1.0,-47.0,0.02
07:41:28,115.0,15.0,142.91,46.0,114.0,30.0,177.38,24.0,128.96,27.909999999999997,45.0,70.0,28.86323561210657,115.0,142.91,115,-25.0,50.0,-0.22
07:41:29,112.43,23.0,130.79,29.0,110.31,143.0,134.9,21.0,121.61,18.359999999999985,166.0,50.0,28.747696429452866,112.43000000000002,130.79,216,116.0,101.0,0.54
07:41:30,111.0,26.0,117.8,25.0,109.0,195.0,118.71,14.0,114.4,6.799999999999997,221.0,39.0,30.123536810938656,111.0,117.8,260,182.0,44.0,0.7
07:41:31,111.0,14.0,116.0,14.0,109.0,68.0,117.0,7.0,113.5,5.0,82.0,21.0,17.916826448899048,111.0,116.0,103,61.0,-157.0,0.59
07:41:32,111.78,23.0,116.0,16.0,109.06,72.0,117.0,8.0,113.89,4.219999999999999,95.0,24.0,6.747997480731906,111.78,116.0,119,71.0,16.0,0.6
07:41:33,112.8,60.0,115.0,9.0,109.57,42.0,116.0,18.0,113.9,2.200000000000003,102.0,27.0,3.452759765747183,112.8,115.0,129,75.0,10.0,0.58
07:41:34,111.41,103.0,246.8,15.0,109.43,140.0,474.12,41.0,179.1,135.39000000000001,243.0,56.0,29.150014065176165,111.41,246.8,299,187.0,170.0,0.63
07:41:35,111.53,51.0,295.33,6.0,109.46,52.0,518.83,6.0,203.43,183.79999999999998,103.0,12.0,43.31249392496324,111.53,295.33,115,91.0,-181.0,0.79
07:41:36,111.62,64.0,197.73,30.0,110.2,100.0,574.21,28.0,154.68,86.10999999999999,164.0,58.0,39.640949156143854,111.62,197.73,222,106.0,107.0,0.48
07:41:37,117.0,13.0,118.11,27.0,111.64,50.0,143.55,11.0,117.56,1.1099999999999994,63.0,38.0,38.75992492252769,117.0,118.11,101,25.0,-121.0,0.25
07:41:38,111.67,27.0,129.0,9.0,109.46,78.0,210.0,10.0,120.33,17.33,105.0,19.0,37.18244814425193,111.67,129.0,124,86.0,23.0,0.69
07:41:39,111.0,33.0,213.0,15.0,109.0,90.0,340.25,12.0,162.0,102.0,123.0,27.0,35.14445119787733,111.0,213.0,150,96.0,26.0,0.64
07:41:40,111.35,17.0,339.14,14.0,109.62,48.0,410.0,19.0,225.25,227.79,65.0,33.0,43.54101778782834,111.35,339.14,98,32.0,-52.0,0.33
07:41:41,113.0,11.0,283.18,28.0,111.0,33.0,412.43,21.0,198.09,170.18,44.0,49.0,47.37970694295174,113.0,283.18,93,-5.0,-5.0,-0.05
07:41:42,114.79,34.0,141.57,46.0,111.0,63.0,315.97,39.0,128.18,26.779999999999987,97.0,85.0,44.915107146705,114.79,141.57,182,12.0,89.0,0.07
07:41:43,115.07,42.0,134.27,55.0,111.68,71.0,286.0,44.0,124.67,19.200000000000017,113.0,99.0,43.821902856904686,115.07,134.27,212,14.0,30.0,0.07
07:41:44,115.0,57.0,132.6,75.0,111.0,45.0,236.03,58.0,123.8,17.599999999999994,102.0,133.0,48.16526725764102,115.0,132.6,235,-31.0,23.0,-0.13
07:41:45,113.86,42.0,233.56,57.0,110.32,111.0,482.88,50.0,173.71,119.7,153.0,107.0,34.19975511608204,113.86,233.56,260,46.0,25.0,0.18
07:41:46,115.0,48.0,377.6,45.0,111.0,156.0,469.37,51.0,246.3,262.6,204.0,96.0,52.925854456966356,115.0,377.6,300,108.0,40.0,0.36
07:41:47,117.08,13.0,167.0,39.0,115.0,52.0,299.08,52.0,142.04,49.92,65.0,91.0,51.22189600161231,117.08,167.0,156,-26.0,-144.0,-0.17
07:41:48,115.2,30.0,165.33,36.0,111.32,99.0,231.35,34.0,140.27,50.13000000000001,129.0,70.0,48.78902981203858,115.2,165.33,199,59.0,43.0,0.3
07:41:49,111.45,106.0,158.59,44.0,109.39,199.0,250.3,43.0,135.02,47.14,305.0,87.0,46.617147810649996,111.45,158.59,392,218.0,179.0,0.56
07:41:50,111.0,99.0,145.6,20.0,109.0,176.0,146.32,38.0,128.3,34.599999999999994,275.0,58.0,49.43528577847998,111.0,145.6,333,217.0,-59.0,0.65
07:41:51,111.0,90.0,143.26,47.0,109.0,160.0,144.09,35.0,127.13,32.25999999999999,250.0,82.0,6.766799095582219,111.0,143.26,332,168.0,-1.0,0.51
07:41:52,111.0,81.0,142.24,25.0,109.0,144.0,142.98,49.0,126.62,31.24000000000001,225.0,74.0,5.9676100743908185,111.0,142.24,299,151.0,-33.0,0.51
07:41:53,111.0,117.0,138.78,37.0,109.0,208.0,139.29,28.0,124.89,27.78,325.0,65.0,3.9030590566847785,111.0,138.78,390,260.0,91.0,0.67
07:41:54,111.79,89.0,135.09,23.0,109.64,141.0,137.18,38.0,123.44,23.299999999999997,230.0,61.0,1.9175583433021461,111.79000000000002,135.09,291,169.0,-99.0,0.58
07:41:55,111.65,74.0,130.11,35.0,109.47,167.0,131.32,37.0,120.88,18.460000000000008,241.0,72.0,2.5371775657148583,111.65,130.11,313,169.0,22.0,0.54
07:41:56,111.17,70.0,124.31,39.0,109.24,200.0,126.02,51.0,117.74,13.14,270.0,90.0,3.4865140183234105,111.17,124.31,360,180.0,47.0,0.5
07:41:57,111.75,32.0,122.67,36.0,109.86,112.0,123.43,56.0,117.21,10.920000000000002,144.0,92.0,3.3893465446844635,111.75,122.67,236,52.0,-124.0,0.22
07:41:58,111.23,52.0,119.68,34.0,109.32,152.0,120.42,38.0,115.45,8.450000000000003,204.0,72.0,3.186946814737158,111.23,119.68,276,132.0,40.0,0.48
07:41:59,112.55,62.0,117.0,52.0,109.75,128.0,118.0,13.0,114.77,4.450000000000003,190.0,65.0,2.387519633419214,112.55,117.0,255,125.0,-21.0,0.49
07:42:00,111.75,80.0,117.07,27.0,109.32,190.0,118.28,58.0,114.41,5.319999999999993,270.0,85.0,1.4832329553921697,111.75,117.07,355,185.0,100.0,0.52
07:42:01,111.08,39.0,117.03,39.0,109.17,140.0,118.29,14.0,114.05,5.950000000000003,179.0,53.0,1.2481666555235815,111.08,117.03,232,126.0,-123.0,0.54
07:42:02,111.04,48.0,115.1,10.0,109.12,136.0,117.0,30.0,113.07,4.059999999999988,184.0,40.0,0.8829496021633382,111.04,115.1,224,144.0,-8.0,0.64
07:42:03,111.0,55.0,112.95,19.0,109.0,176.0,113.8,25.0,111.97,1.9500000000000028,231.0,44.0,1.134759886478168,111.0,112.95,275,187.0,51.0,0.68
07:42:04,111.72,88.0,124.24,37.0,109.61,115.0,229.83,46.0,117.98,12.519999999999996,203.0,83.0,2.2670862356691197,111.72000000000001,124.24000000000001,286,120.0,11.0,0.42
07:42:05,112.0,28.0,261.09,23.0,111.0,30.0,570.88,16.0,186.54,149.08999999999997,58.0,39.0,32.40059366740014,112.0,261.09,97,19.0,-181.0,0.2
07:42:06,113.0,44.0,239.57,42.0,111.0,55.0,431.41,29.0,176.29,126.57,99.0,71.0,36.98606967494625,113.0,239.57000000000002,170,28.0,73.0,0.16
07:42:07,114.75,48.0,176.0,48.0,111.0,60.0,412.12,32.0,145.38,61.25,108.0,80.0,33.508223915928205,114.75,176.0,188,28.0,18.0,0.15
07:42:08,115.08,48.0,303.3,46.0,109.37,118.0,404.38,39.0,209.19,188.22000000000003,166.0,85.0,35.771733673390756,115.08,303.3,251,81.0,63.0,0.32
07:42:09,117.0,24.0,397.5,24.0,111.0,6.0,503.64,22.0,257.25,280.5,30.0,46.0,41.713829241631856,117.0,397.5,76,-16.0,-175.0,-0.21
07:42:10,116.5,24.0,163.0,36.0,109.14,69.0,466.0,36.0,139.75,46.5,93.0,72.0,48.72564437747348,116.5,163.0,165,21.0,89.0,0.13
07:42:11,113.56,41.0,162.62,32.0,109.1,101.0,332.29,42.0,138.09,49.06,142.0,74.0,53.322815191998316,113.56,162.62,216,68.0,51.0,0.31
07:42:12,114.15,78.0,160.79,28.0,112.86,29.0,188.11,54.0,137.47,46.639999999999986,107.0,82.0,54.63130421287785,114.15,160.79,189,25.0,-27.0,0.13
07:42:13,118.0,9.0,159.44,18.0,113.27,45.0,232.49,35.0,138.72,41.44,54.0,53.0,53.109944266587156,118.0,159.44,107,1.0,-82.0,0.01
07:42:14,118.0,5.0,157.4,10.0,113.0,40.0,230.8,20.0,137.7,39.400000000000006,45.0,30.0,0.9166951510582788,118.0,157.4,75,15.0,-32.0,0.2
07:42:15,118.0,10.0,155.2,20.0,112.9,59.0,414.21,38.0,136.6,37.19999999999999,69.0,58.0,0.7832815585555646,118.0,155.2,127,11.0,52.0,0.09
07:42:16,118.0,13.0,153.69,26.0,112.86,69.0,481.67,36.0,135.85,35.69,82.0,62.0,1.0946095194053715,118.0,153.69,144,20.0,17.0,0.14
07:42:17,111.03,35.0,152.46,26.0,104.65,63.0,455.52,50.0,131.75,41.43000000000001,98.0,76.0,2.6765892475260147,111.03,152.46,174,22.0,30.0,0.13
07:42:18,109.0,80.0,149.9,20.0,88.59,68.0,458.14,28.0,129.45,40.900000000000006,148.0,48.0,3.509736457338398,109.0,149.9,196,100.0,22.0,0.51
07:42:19,115.4,40.0,148.19,21.0,106.94,68.0,163.5,20.0,131.8,32.78999999999999,108.0,41.0,3.026838284409868,115.4,148.19,149,67.0,-47.0,0.45
07:42:20,117.0,44.0,146.09,22.0,113.55,88.0,147.88,32.0,131.55,29.090000000000003,132.0,54.0,2.323682422356469,117.0,146.09,186,78.0,37.0,0.42
07:42:21,117.0,26.0,143.88,32.0,114.08,122.0,146.0,32.0,130.44,26.879999999999995,148.0,64.0,1.0272633547282581,117.0,143.88,212,84.0,26.0,0.4
07:42:22,115.5,24.0,140.93,30.0,114.1,116.0,144.0,30.0,128.22,25.430000000000007,140.0,60.0,1.490023489736655,115.5,140.93,200,80.0,-12.0,0.4
07:42:23,115.0,26.0,138.38,26.0,114.0,104.0,141.0,26.0,126.69,23.379999999999995,130.0,52.0,2.2148701993495115,115.0,138.38,182,78.0,-18.0,0.43
07:42:24,114.27,44.0,137.0,20.0,113.57,56.0,141.0,20.0,125.64,22.730000000000004,100.0,40.0,2.47991330492932,114.27,137.0,140,60.0,-42.0,0.43
07:42:25,115.88,51.0,135.27,30.0,113.74,70.0,136.22,23.0,125.57,19.390000000000015,121.0,53.0,2.050968064101528,115.88,135.27,174,68.0,34.0,0.39
07:42:26,118.0,30.0,130.64,22.0,114.0,70.0,131.62,26.0,124.32,12.639999999999986,100.0,48.0,1.4579677636913912,118.0,130.64,148,52.0,-26.0,0.35
07:42:27,118.0,21.0,128.0,14.0,114.0,49.0,129.0,14.0,123.0,10.0,70.0,28.0,1.4180373760808778,118.0,128.0,98,42.0,-50.0,0.43
07:42:28,118.0,39.0,124.06,32.0,114.0,91.0,124.79,33.0,121.03,6.060000000000002,130.0,65.0,1.9390126353279193,118.0,124.06,195,65.0,97.0,0.33
07:42:29,116.88,25.0,122.0,14.0,113.86,44.0,123.0,14.0,119.44,5.1200000000000045,69.0,28.0,2.4679890599352765,116.88,122.0,97,41.0,-98.0,0.42
07:42:30,114.0,119.0,119.53,40.0,110.64,39.0,120.37,43.0,116.76,5.530000000000001,158.0,83.0,2.9746428356961827,114.0,119.53,241,75.0,144.0,0.31
07:42:31,113.99,74.0,115.56,36.0,109.78,63.0,125.29,35.0,114.77,1.5700000000000074,137.0,71.0,3.287286114708748,113.99000000000001,115.56,208,66.0,-33.0,0.32
07:42:32,109.19,54.0,114.9,20.0,96.71,49.0,270.5,28.0,112.04,5.710000000000008,103.0,48.0,3.5931281635860124,109.19,114.9,151,55.0,-57.0,0.36
07:42:33,109.0,57.0,253.67,24.0,55.73,15.0,296.46,26.0,181.33,144.67,72.0,50.0,29.452026585618274,109.0,253.67,122,22.0,-29.0,0.18
07:42:34,111.05,22.0,368.0,15.0,103.48,23.0,392.0,12.0,239.52,256.95,45.0,27.0,56.437629556883294,111.05,368.0,72,18.0,-50.0,0.25
07:42:35,109.2,20.0,392.0,15.0,95.81,16.0,0.0,0.0,250.6,282.8,36.0,15.0,65.95769151509178,109.2,392.0,51,21.0,-21.0,0.41
07:42:36,114.18,34.0,392.0,24.0,110.0,32.0,0.0,0.0,253.09,277.82,66.0,24.0,60.74259156473352,114.18,392.0,90,42.0,39.0,0.47
07:42:37,118.0,78.0,329.33,18.0,117.0,28.0,401.43,14.0,223.67,211.32999999999998,106.0,32.0,29.395303536450456,118.0,329.33,138,74.0,48.0,0.54
07:42:38,118.0,99.0,391.0,18.0,117.0,36.0,416.73,33.0,254.5,273.0,135.0,51.0,12.936735677908512,118.0,391.0,186,84.0,48.0,0.45
07:42:39,118.0,38.0,391.0,8.0,117.0,16.0,426.0,16.0,254.5,273.0,54.0,24.0,13.289724225884973,118.0,391.0,78,30.0,-108.0,0.38
07:42:40,118.0,39.0,360.29,21.0,117.0,32.0,423.05,19.0,239.14,242.29000000000002,71.0,40.0,13.557789274069421,118.0,360.29,111,31.0,33.0,0.28
07:42:41,118.0,24.0,386.0,24.0,117.0,32.0,390.67,18.0,252.0,268.0,56.0,42.0,13.402660929832987,118.0,386.0,98,14.0,-13.0,0.14
07:42:42,118.0,42.0,387.49,39.0,117.0,56.0,388.61,33.0,252.74,269.49,98.0,72.0,6.486299407218019,118.0,387.49,170,26.0,72.0,0.15
07:42:43,118.0,39.0,381.13,45.0,117.0,52.0,382.66,35.0,249.57,263.13,91.0,80.0,6.104129749610168,118.0,381.13,171,11.0,1.0,0.06
07:42:44,118.0,30.0,192.5,40.0,117.0,40.0,268.0,34.0,155.25,74.5,70.0,74.0,41.99659688593894,118.0,192.5,144,-4.0,-27.0,-0.03
07:42:45,118.0,39.0,148.45,44.0,117.0,52.0,204.0,42.0,133.23,30.44999999999999,91.0,86.0,59.23953721966468,118.0,148.45,177,5.0,33.0,0.03
07:42:46,118.0,36.0,145.45,33.0,117.0,48.0,146.9,39.0,131.73,27.44999999999999,84.0,72.0,61.56226668991335,118.0,145.45,156,12.0,-21.0,0.08
07:42:47,117.54,39.0,139.77,31.0,114.57,148.0,141.33,36.0,128.66,22.230000000000004,187.0,67.0,51.33926879105302,117.54,139.77,254,120.0,98.0,0.47
07:42:48,117.0,30.0,137.62,32.0,114.0,200.0,138.43,28.0,127.31,20.620000000000005,230.0,60.0,11.43395732019182,117.0,137.62,290,170.0,36.0,0.59
07:42:49,117.0,39.0,131.7,43.0,114.0,260.0,132.56,41.0,124.35,14.699999999999989,299.0,84.0,3.532857200618538,117.0,131.7,383,215.0,93.0,0.56
07:42:50,117.0,15.0,128.15,39.0,114.0,260.0,130.0,52.0,122.58,11.150000000000006,275.0,91.0,3.59708632089366,117.0,128.15,366,184.0,-17.0,0.5
07:42:51,114.6,125.0,123.37,41.0,113.64,220.0,124.79,33.0,118.98,8.77000000000001,345.0,74.0,3.8504584142616007,114.6,123.37,419,271.0,53.0,0.65
07:42:52,114.57,173.0,118.86,58.0,113.59,276.0,120.44,50.0,116.72,4.290000000000006,449.0,108.0,4.214649451609923,114.57000000000001,118.86,557,341.0,138.0,0.61
07:42:53,114.0,144.0,115.42,24.0,112.0,64.0,118.24,21.0,114.71,1.4200000000000017,208.0,45.0,3.9983334028009234,114.0,115.42,253,163.0,-181.0,0.64
07:42:54,114.03,115.0,115.5,20.0,112.92,104.0,153.0,30.0,114.76,1.4699999999999989,219.0,50.0,3.3122650860026197,114.03,115.5,269,169.0,16.0,0.63
07:42:55,114.0,64.0,115.0,8.0,112.0,32.0,204.0,8.0,114.5,1.0,96.0,16.0,1.9254038537279774,114.0,115.0,112,80.0,-157.0,0.71
07:42:56,114.0,94.0,115.0,22.0,112.0,88.0,362.86,28.0,114.5,1.0,182.0,50.0,0.9477446913329415,114.0,115.0,232,132.0,120.0,0.57
07:42:57,112.1,63.0,113.67,24.0,111.09,85.0,355.75,24.0,112.88,1.5700000000000074,148.0,48.0,0.7860661549444252,112.1,113.67,196,100.0,-36.0,0.51
07:42:58,111.15,79.0,112.25,48.0,109.37,153.0,452.88,41.0,111.7,1.0999999999999943,232.0,89.0,1.3295563169526106,111.15,112.25,321,143.0,125.0,0.45
