Time,Bid1_Price,Bid1_Volume,Ask1_Price,Ask1_Volume,Bid2_Price,Bid2_Volume,Ask2_Price,Ask2_Volume,Mid-Price,Bid_Ask_Spread,Market_Depth_Bid,Market_Depth_Ask,Historical_Volatility,Weighted_Avg_Bid_Price,Weighted_Avg_Ask_Price,Total_volume,Cumulative_Volume_Difference,Total_Volume_Change_Corrected,Order_imbalance
07:30:13,174.82,28.0,176.0,18.0,169.0,24.0,182.05,41.0,175.41,1.1800000000000068,52.0,59.0,1.1796058663807802,174.82,176.0,111,-7.0,34.0,-0.06
07:30:14,174.0,3.0,176.0,6.0,168.0,12.0,181.0,9.0,175.0,2.0,15.0,15.0,1.1594955799828648,174.0,176.0,30,0.0,-81.0,0.0
07:30:15,152.6,30.0,175.4,15.0,130.22,36.0,181.89,27.0,164.0,22.80000000000001,66.0,42.0,5.459160191824314,152.6,175.4,108,24.0,78.0,0.22
07:30:17,140.38,32.0,177.59,34.0,136.61,38.0,181.09,34.0,158.98,37.21000000000001,70.0,68.0,11.03840658790924,140.38,177.59,138,2.0,31.0,0.01
07:30:18,151.03,34.0,173.03,33.0,148.11,28.0,174.08,49.0,162.03,22.0,62.0,82.0,9.223783388609993,151.03,173.03,144,-20.0,6.0,-0.14
07:30:19,158.0,12.0,168.5,48.0,157.0,48.0,170.83,24.0,163.25,10.5,60.0,72.0,5.9704212581690825,158.0,168.5,132,-12.0,-12.0,-0.09
07:30:20,164.13,46.0,167.64,39.0,158.03,40.0,169.75,77.0,165.89,3.509999999999991,86.0,116.0,6.3701514895642255,164.13,167.64,202,-30.0,70.0,-0.15
07:30:21,165.0,30.0,169.15,52.0,159.0,58.0,170.08,113.0,167.08,4.150000000000006,88.0,165.0,3.2081038013128396,165.0,169.15000000000003,253,-77.0,51.0,-0.3
07:30:22,162.74,38.0,169.0,51.0,159.24,29.0,170.19,48.0,165.87,6.259999999999991,67.0,99.0,2.09785128166847,162.74,169.0,166,-32.0,-87.0,-0.19
07:30:23,160.14,28.0,169.0,65.0,159.03,70.0,171.0,39.0,164.57,8.860000000000014,98.0,104.0,1.4638715790663135,160.14000000000001,169.0,202,-6.0,36.0,-0.03
07:30:24,165.79,42.0,169.0,90.0,161.61,23.0,171.0,62.0,167.39,3.210000000000008,65.0,152.0,1.1229870880816741,165.79,169.0,217,-87.0,15.0,-0.4
07:30:25,167.17,48.0,169.0,44.0,166.43,28.0,171.0,40.0,168.08,1.8300000000000125,76.0,84.0,1.3873247637082644,167.17,169.0,160,-8.0,-57.0,-0.05
07:30:26,167.13,68.0,169.0,57.0,166.59,54.0,171.0,57.0,168.07,1.8700000000000045,122.0,114.0,1.5359947916572512,167.13,169.0,236,8.0,76.0,0.03
07:30:27,168.0,20.0,169.0,31.0,167.0,66.0,171.0,33.0,168.5,1.0,86.0,64.0,1.589015418426852,168.0,169.0,150,22.0,-86.0,0.15
07:30:28,168.0,10.0,169.0,14.0,167.0,42.0,171.0,21.0,168.5,1.0,52.0,35.0,0.4541695718543434,168.0,169.0,87,17.0,-63.0,0.2
07:30:29,168.0,8.0,169.0,16.0,167.0,48.0,171.0,24.0,168.5,1.0,56.0,40.0,0.2328089345329774,168.0,169.0,96,16.0,9.0,0.17
07:30:30,167.28,25.0,169.0,20.0,166.38,48.0,171.0,30.0,168.14,1.7199999999999989,73.0,50.0,0.21776133724420235,167.28,169.0,123,23.0,27.0,0.19
07:30:31,167.0,44.0,169.0,27.0,162.0,18.0,171.0,27.0,168.0,2.0,62.0,54.0,0.24066574330049273,167.0,169.0,116,8.0,-7.0,0.07
07:30:32,162.73,15.0,169.0,45.0,161.44,16.0,171.0,27.0,165.87,6.27000000000001,31.0,72.0,1.1023248160130859,162.73,169.0,103,-41.0,-13.0,-0.4
07:30:33,159.0,40.0,168.93,46.0,157.97,37.0,170.8,30.0,163.97,9.930000000000007,77.0,76.0,1.9334761441502526,159.0,168.93,153,1.0,50.0,0.01
07:30:34,160.91,33.0,167.96,75.0,158.43,42.0,206.26,42.0,164.43,7.050000000000011,75.0,117.0,1.9460652609812417,160.91,167.96,192,-42.0,39.0,-0.22
07:30:35,159.17,29.0,165.36,33.0,157.8,50.0,167.23,39.0,162.27,6.190000000000026,79.0,72.0,2.1536759273386146,159.17,165.36,151,7.0,-41.0,0.05
07:30:36,160.67,18.0,164.04,49.0,158.15,80.0,165.5,54.0,162.35,3.3700000000000045,98.0,103.0,1.5125871875689358,160.67,164.04,201,-5.0,50.0,-0.02
07:30:37,157.08,104.0,161.29,28.0,156.4,20.0,162.55,29.0,159.18,4.2099999999999795,124.0,57.0,2.0594659501913264,157.08,161.29,181,67.0,-20.0,0.37
07:30:38,158.0,56.0,160.45,40.0,156.47,76.0,161.93,28.0,159.22,2.4499999999999886,132.0,68.0,2.262774845183962,158.0,160.45,200,64.0,19.0,0.32
07:30:39,158.0,44.0,163.14,28.0,156.0,44.0,165.53,53.0,160.57,5.139999999999986,88.0,81.0,1.557520465354196,158.0,163.14000000000001,169,7.0,-31.0,0.04
07:30:40,158.0,30.0,165.0,62.0,156.0,40.0,167.0,110.0,161.5,7.0,70.0,172.0,1.3953243350551576,158.0,165.0,242,-102.0,73.0,-0.42
07:30:41,158.32,37.0,165.0,57.0,157.03,29.0,167.0,99.0,161.66,6.680000000000007,66.0,156.0,1.1941440449112917,158.32,165.0,222,-90.0,-20.0,-0.41
07:30:42,159.21,19.0,165.0,55.0,157.56,27.0,167.0,100.0,162.11,5.789999999999992,46.0,155.0,1.1478545203976114,159.21,165.0,201,-109.0,-21.0,-0.54
07:30:43,160.67,21.0,163.9,31.0,157.09,35.0,165.24,74.0,162.28,3.230000000000018,56.0,105.0,0.6697238236746251,160.67,163.9,161,-49.0,-40.0,-0.3
07:30:44,160.96,23.0,162.78,27.0,158.74,19.0,165.07,59.0,161.87,1.8199999999999932,42.0,86.0,0.3184807686461115,160.96,162.78,128,-44.0,-33.0,-0.34
07:30:45,157.52,29.0,165.0,40.0,156.61,46.0,166.0,32.0,161.26,7.47999999999999,75.0,72.0,0.39878565670972765,157.52,165.0,147,3.0,19.0,0.02
07:30:46,157.82,130.0,165.0,55.0,156.49,63.0,166.0,44.0,161.41,7.180000000000007,193.0,99.0,0.4399204473508806,157.82,165.0,292,94.0,145.0,0.32
07:30:47,158.0,104.0,163.5,32.0,156.0,77.0,164.82,34.0,160.75,5.5,181.0,66.0,0.5857729935711806,158.0,163.5,247,115.0,-45.0,0.47
07:30:48,159.77,169.0,162.38,52.0,156.0,77.0,164.0,39.0,161.08,2.609999999999985,246.0,91.0,0.41416180412647274,159.77,162.38,337,155.0,90.0,0.46
07:30:49,160.0,195.0,162.0,39.0,156.0,75.0,163.19,53.0,161.0,2.0,270.0,92.0,0.2522895162254169,160.0,162.0,362,178.0,25.0,0.49
07:30:50,160.0,156.0,164.0,36.0,156.0,60.0,165.0,60.0,162.0,4.0,216.0,96.0,0.48204771547772113,160.0,164.0,312,120.0,-50.0,0.38
07:30:51,160.0,104.0,164.0,24.0,156.0,40.0,165.0,40.0,162.0,4.0,144.0,64.0,0.5914220151442798,160.0,164.0,208,80.0,-104.0,0.38
07:30:52,160.0,91.0,164.0,21.0,156.0,35.0,165.0,35.0,162.0,4.0,126.0,56.0,0.5265738314779657,160.0,164.0,182,70.0,-26.0,0.38
07:30:53,161.22,117.0,164.0,27.0,156.0,37.0,165.0,45.0,162.61,2.780000000000001,154.0,72.0,0.5791545562261118,161.22000000000003,164.0,226,82.0,44.0,0.36
07:30:54,162.04,149.0,163.6,43.0,158.64,59.0,165.18,67.0,162.82,1.5600000000000023,208.0,110.0,0.39859754138421627,162.04,163.6,318,98.0,92.0,0.31
07:30:55,161.81,81.0,163.43,23.0,156.25,20.0,165.25,40.0,162.62,1.6200000000000045,101.0,63.0,0.3835361782121316,161.81,163.43,164,38.0,-154.0,0.23
07:30:56,157.0,27.0,165.78,69.0,154.0,74.0,166.38,48.0,161.39,8.780000000000001,101.0,117.0,0.5887019619447027,157.0,165.78,218,-16.0,54.0,-0.07
07:30:57,157.89,79.0,166.03,62.0,155.31,48.0,172.5,32.0,161.96,8.140000000000015,127.0,94.0,0.5938434137022467,157.89,166.03,221,33.0,3.0,0.15
07:30:58,158.0,100.0,165.0,50.0,157.0,30.0,167.0,10.0,161.5,7.0,130.0,60.0,0.6449185995127361,158.0,165.0,190,70.0,-31.0,0.37
07:30:59,158.06,85.0,164.75,63.0,157.11,74.0,165.79,28.0,161.4,6.689999999999998,159.0,91.0,0.527427720163985,158.06,164.75,250,68.0,60.0,0.27
07:31:00,162.45,40.0,165.0,50.0,161.08,85.0,166.0,26.0,163.72,2.5500000000000114,125.0,76.0,0.9927134531159797,162.45,165.0,201,49.0,-49.0,0.24
07:31:01,164.0,9.0,166.0,50.0,163.0,90.0,167.0,9.0,165.0,2.0,99.0,59.0,1.581670003508231,164.0,166.0,158,40.0,-43.0,0.25
07:31:02,164.84,49.0,166.0,67.0,162.9,80.0,167.0,15.0,165.42,1.1599999999999966,129.0,82.0,1.8942333541562373,164.84,166.0,211,47.0,53.0,0.22
07:31:03,164.0,13.0,165.08,39.0,158.0,39.0,166.03,37.0,164.54,1.0800000000000125,52.0,76.0,1.5925702496273793,164.0,165.08,128,-24.0,-83.0,-0.19
07:31:04,159.16,31.0,164.21,29.0,156.33,67.0,165.15,39.0,161.68,5.050000000000011,98.0,68.0,1.4784180734820047,159.16,164.21,166,30.0,38.0,0.18
07:31:05,158.75,96.0,163.33,33.0,156.81,86.0,164.88,41.0,161.04,4.5800000000000125,182.0,74.0,2.0233338824816003,158.75,163.33,256,108.0,90.0,0.42
07:31:06,160.0,12.0,164.77,30.0,159.0,169.0,165.75,36.0,162.38,4.77000000000001,181.0,66.0,1.8838577440979665,160.0,164.77,247,115.0,-9.0,0.47
07:31:07,160.0,7.0,165.0,21.0,159.0,109.0,166.31,13.0,162.5,5.0,116.0,34.0,1.3185294839318882,160.0,165.0,150,82.0,-97.0,0.55
07:31:08,160.0,10.0,164.6,25.0,157.39,107.0,165.5,20.0,162.3,4.599999999999994,117.0,45.0,0.6136774397006426,160.0,164.6,162,72.0,12.0,0.44
07:31:09,161.2,10.0,165.0,30.0,157.44,110.0,167.0,10.0,163.1,3.8000000000000114,120.0,40.0,0.7529143377553951,161.2,165.0,160,80.0,-2.0,0.5
07:31:10,163.2,15.0,165.0,45.0,157.69,72.0,167.0,15.0,164.1,1.8000000000000114,87.0,60.0,0.7529143377555553,163.2,165.0,147,27.0,-13.0,0.18
07:31:11,156.35,23.0,165.0,24.0,155.01,255.0,167.0,12.0,160.67,8.650000000000006,278.0,36.0,1.2553007607731974,156.35,165.0,314,242.0,167.0,0.77
07:31:12,157.86,14.0,164.22,23.0,156.51,43.0,165.94,17.0,161.04,6.359999999999985,57.0,40.0,1.4236994064751398,157.85999999999999,164.22,97,17.0,-180.0,0.18
07:31:13,160.21,14.0,164.29,14.0,156.92,130.0,166.76,50.0,162.25,4.079999999999984,144.0,64.0,1.4233657295290136,160.21,164.29,208,80.0,111.0,0.38
07:31:14,155.26,98.0,162.56,9.0,154.19,68.0,165.0,15.0,158.91,7.300000000000011,166.0,24.0,1.9284008919302325,155.26,162.56,190,142.0,-18.0,0.75
07:31:15,155.0,132.0,161.15,20.0,153.69,70.0,165.0,40.0,158.07,6.150000000000006,202.0,60.0,1.6829497912881575,155.0,161.15,262,142.0,72.0,0.54
07:31:16,154.22,92.0,161.0,18.0,153.44,36.0,165.0,39.0,157.61,6.780000000000001,128.0,57.0,1.9918785103506236,154.22,161.0,185,71.0,-77.0,0.38
07:31:17,154.0,126.0,161.0,21.0,153.0,35.0,165.0,49.0,157.5,7.0,161.0,70.0,1.9704364998640174,154.0,161.0,231,91.0,46.0,0.39
07:31:18,154.0,162.0,162.45,33.0,153.0,45.0,165.14,57.0,158.23,8.449999999999989,207.0,90.0,0.5629209535947811,154.0,162.45,297,117.0,66.0,0.39
07:31:19,155.04,94.0,165.0,66.0,153.81,155.0,166.0,44.0,160.02,9.960000000000008,249.0,110.0,1.0162824410547227,155.04,165.0,359,139.0,62.0,0.39
07:31:20,157.76,51.0,165.0,84.0,155.77,96.0,166.0,56.0,161.38,7.240000000000009,147.0,140.0,1.6930947994711818,157.76,165.0,287,7.0,-72.0,0.02
07:31:21,160.88,41.0,165.0,66.0,159.67,36.0,166.0,44.0,162.94,4.1200000000000045,77.0,110.0,2.2321693484134952,160.88,165.0,187,-33.0,-100.0,-0.18
07:31:22,162.07,43.0,164.81,47.0,157.68,69.0,165.65,52.0,163.44,2.740000000000009,112.0,99.0,2.138391919175972,162.07,164.81,211,13.0,24.0,0.06
07:31:23,161.0,40.0,164.37,35.0,156.94,66.0,165.57,28.0,162.69,3.3700000000000045,106.0,63.0,1.3868958143989556,161.0,164.37,169,43.0,-42.0,0.25
07:31:24,157.0,48.0,163.0,6.0,155.0,12.0,165.0,24.0,160.0,6.0,60.0,30.0,1.394381583354191,157.0,163.0,90,30.0,-79.0,0.33
07:31:25,157.75,64.0,163.0,8.0,155.38,16.0,165.0,32.0,160.38,5.25,80.0,40.0,1.5809174551497818,157.75,163.0,120,40.0,30.0,0.33
07:31:26,158.0,96.0,159.5,40.0,156.0,24.0,164.48,27.0,158.75,1.5,120.0,67.0,1.952119361103961,158.0,159.5,187,53.0,67.0,0.28
07:31:27,158.0,64.0,162.56,27.0,156.0,16.0,165.5,24.0,160.28,4.560000000000002,80.0,51.0,1.4264816858259004,158.0,162.56,131,29.0,-56.0,0.22
07:31:28,158.87,62.0,165.0,70.0,157.95,74.0,166.0,28.0,161.94,6.1299999999999955,136.0,98.0,1.1384638773350022,158.87,165.0,234,38.0,103.0,0.16
07:31:29,159.5,36.0,165.0,42.0,158.0,48.0,166.0,18.0,162.25,5.5,84.0,60.0,1.4159272580174507,159.5,165.0,144,24.0,-90.0,0.17
07:31:30,161.8,50.0,165.0,70.0,159.86,58.0,166.0,30.0,163.4,3.1999999999999886,108.0,100.0,1.8208596870700993,161.8,165.0,208,8.0,64.0,0.04
07:31:31,163.31,52.0,165.0,70.0,162.5,48.0,166.0,30.0,164.15,1.6899999999999977,100.0,100.0,1.4824742830812925,163.31,165.0,200,0.0,-8.0,0.0
07:31:32,163.21,38.0,165.0,29.0,160.27,22.0,166.0,21.0,164.11,1.789999999999992,60.0,50.0,1.0315279928327992,163.21,165.0,110,10.0,-90.0,0.09
07:31:33,160.6,30.0,164.72,29.0,156.11,54.0,165.71,21.0,162.66,4.1200000000000045,84.0,50.0,0.851428211887361,160.6,164.72,134,34.0,24.0,0.25
07:31:34,158.9,21.0,168.0,22.0,157.32,44.0,412.06,49.0,163.45,9.099999999999994,65.0,71.0,0.6119885619828062,158.9,168.0,136,-6.0,2.0,-0.04
07:31:35,162.55,22.0,167.11,18.0,161.0,11.0,406.0,36.0,164.83,4.560000000000002,33.0,54.0,0.8206095295558592,162.55,167.11,87,-21.0,-49.0,-0.24
07:31:36,162.38,13.0,167.08,49.0,158.18,78.0,248.36,28.0,164.73,4.700000000000017,91.0,77.0,0.911361618677201,162.38,167.08,168,14.0,81.0,0.08
07:31:37,162.47,15.0,166.3,33.0,161.0,15.0,232.96,73.0,164.38,3.8300000000000125,30.0,106.0,0.9305643448993468,162.47,166.3,136,-76.0,-32.0,-0.56
07:31:38,164.76,76.0,221.95,38.0,162.25,16.0,423.36,66.0,193.36,57.19,92.0,104.0,12.986202293203393,164.76,221.95000000000002,196,-12.0,60.0,-0.06
07:31:39,164.0,8.0,221.0,33.0,161.0,8.0,403.26,38.0,192.5,57.0,16.0,71.0,15.495304127380132,164.0,221.0,87,-55.0,-109.0,-0.63
07:31:40,162.4,20.0,165.0,26.0,157.4,94.0,241.0,50.0,163.7,2.5999999999999943,114.0,76.0,15.705039955377503,162.4,165.0,190,38.0,103.0,0.2
07:31:41,163.89,28.0,215.6,25.0,162.6,15.0,450.46,59.0,189.75,51.71000000000001,43.0,84.0,15.303212734586362,163.89000000000001,215.6,127,-41.0,-63.0,-0.32
07:31:42,163.0,6.0,346.29,21.0,162.0,12.0,454.0,24.0,254.64,183.29000000000002,18.0,45.0,33.54586859808544,163.0,346.29,63,-27.0,-64.0,-0.43
07:31:43,164.0,11.0,207.24,38.0,161.27,22.0,362.68,41.0,185.62,43.24000000000001,33.0,79.0,34.03411406221725,164.0,207.24,112,-46.0,49.0,-0.41
07:31:44,164.34,70.0,221.55,55.0,163.63,43.0,354.55,38.0,192.94,57.21000000000001,113.0,93.0,34.01935331542935,164.34,221.55,206,20.0,94.0,0.1
07:31:45,171.24,41.0,326.98,41.0,165.2,46.0,539.76,37.0,249.11,155.74,87.0,78.0,34.35288736045375,171.24,326.98,165,9.0,-41.0,0.05
07:31:46,174.77,52.0,286.4,20.0,172.21,78.0,326.62,16.0,230.58,111.62999999999997,130.0,36.0,31.78150279643849,174.77,286.4,166,94.0,1.0,0.57
07:31:49,174.71,85.0,249.89,19.0,173.93,71.0,286.73,37.0,212.3,75.17999999999998,156.0,56.0,13.118328018464545,174.71,249.89,212,100.0,41.0,0.47
07:31:50,174.0,110.0,223.6,10.0,173.0,10.0,263.25,44.0,198.8,49.599999999999994,120.0,54.0,13.587410349291225,174.0,223.6,174,66.0,-38.0,0.38
07:31:51,174.0,66.0,223.0,6.0,173.0,6.0,399.33,18.0,198.5,49.0,72.0,24.0,14.541962728601078,174.0,223.0,96,48.0,-78.0,0.5
07:31:52,174.0,126.0,221.69,13.0,173.0,12.0,324.89,18.0,197.85,47.69,138.0,31.0,12.858333873407544,174.0,221.69,169,107.0,73.0,0.63
07:31:53,174.0,138.0,217.81,21.0,173.0,16.0,218.56,27.0,195.9,43.81,154.0,48.0,6.598636222736996,174.0,217.81,202,106.0,33.0,0.52
07:31:54,174.0,60.0,214.5,10.0,173.0,10.0,217.79,19.0,194.25,40.5,70.0,29.0,1.9343603593991985,174.0,214.5,99,41.0,-103.0,0.41
07:31:55,174.0,61.0,210.53,15.0,172.18,34.0,211.58,12.0,192.27,36.53,95.0,27.0,2.566871636840124,174.0,210.53,122,68.0,23.0,0.56
07:31:56,174.0,56.0,208.25,8.0,172.0,56.0,209.71,14.0,191.12,34.25,112.0,22.0,2.710898375080394,174.0,208.25,134,90.0,12.0,0.67
07:31:57,174.0,98.0,202.58,19.0,172.0,98.0,205.07,14.0,188.29,28.580000000000013,196.0,33.0,2.9246418584183163,174.0,202.58,229,163.0,95.0,0.71
07:31:58,174.0,98.0,198.58,24.0,172.0,98.0,200.67,18.0,186.29,24.580000000000013,196.0,42.0,3.169081885974473,174.0,198.58,238,154.0,9.0,0.65
07:31:59,174.0,71.0,193.5,16.0,172.0,91.0,195.95,20.0,183.75,19.5,162.0,36.0,3.480169536101705,174.0,193.5,198,126.0,-40.0,0.64
07:32:00,174.0,45.0,189.11,9.0,172.0,63.0,190.6,15.0,181.56,15.110000000000014,108.0,24.0,3.7454866172513634,174.0,189.11,132,84.0,-66.0,0.64
07:32:01,174.0,68.0,184.94,18.0,171.62,34.0,185.84,19.0,179.47,10.939999999999998,102.0,37.0,3.5391835216625456,174.0,184.94,139,65.0,7.0,0.47
07:32:02,172.42,24.0,182.1,20.0,168.38,71.0,183.18,11.0,177.26,9.680000000000007,95.0,31.0,3.534505623139738,172.42,182.1,126,64.0,-13.0,0.51
07:32:03,172.0,26.0,174.26,35.0,169.0,42.0,179.69,16.0,173.13,2.259999999999991,68.0,51.0,4.087044164185766,172.0,174.26,119,17.0,-7.0,0.14
07:32:04,169.82,74.0,172.77,43.0,168.57,82.0,176.14,44.0,171.3,2.950000000000017,156.0,87.0,4.283378339582368,169.82,172.77,243,69.0,124.0,0.28
07:32:05,168.85,59.0,177.26,38.0,167.25,132.0,294.81,32.0,173.06,8.409999999999997,191.0,70.0,3.388115995653385,168.85,177.26,261,121.0,18.0,0.46
07:32:06,168.84,38.0,279.44,32.0,167.27,90.0,367.0,36.0,224.14,110.6,128.0,68.0,22.66898365608851,168.84,279.44,196,60.0,-65.0,0.31
07:32:07,168.95,38.0,284.4,40.0,167.79,34.0,377.0,40.0,226.67,115.44999999999999,72.0,80.0,29.00215940236199,168.95,284.4,152,-8.0,-44.0,-0.05
07:32:08,168.0,14.0,281.0,28.0,167.0,49.0,378.92,26.0,224.5,113.0,63.0,54.0,29.010128920775596,168.0,281.0,117,9.0,-35.0,0.08
07:32:09,169.18,28.0,261.84,19.0,167.21,57.0,295.71,38.0,215.51,92.65999999999997,85.0,57.0,22.60791520684794,169.18,261.84,142,28.0,25.0,0.2
07:32:10,170.92,39.0,219.15,41.0,168.0,34.0,252.39,18.0,195.03,48.23000000000002,73.0,59.0,13.090979718876241,170.92,219.14999999999998,132,14.0,-10.0,0.11
07:32:11,171.0,33.0,223.68,38.0,168.0,22.0,224.59,17.0,197.34,52.68000000000001,55.0,55.0,14.887032948174253,171.0,223.68,110,0.0,-22.0,0.0
07:32:12,171.0,39.0,221.75,16.0,168.0,26.0,222.98,49.0,196.38,50.75,65.0,65.0,13.418862470419098,171.0,221.75,130,0.0,20.0,0.0
07:32:13,171.88,52.0,220.91,57.0,170.77,52.0,221.39,33.0,196.4,49.03,104.0,90.0,8.635882699528672,171.88,220.90999999999997,194,14.0,64.0,0.07
07:32:14,172.0,11.0,218.54,41.0,171.0,33.0,220.29,14.0,195.27,46.53999999999999,44.0,55.0,0.940547712780234,172.0,218.54,99,-11.0,-95.0,-0.11
07:32:15,169.6,5.0,203.4,20.0,167.8,30.0,213.88,17.0,186.5,33.80000000000001,35.0,37.0,4.464540289885968,169.6,203.4,72,-2.0,-27.0,-0.03
07:32:16,168.0,15.0,196.76,21.0,167.0,120.0,198.63,30.0,182.38,28.75999999999999,135.0,51.0,6.522015026049337,168.0,196.76,186,84.0,114.0,0.45
07:32:17,168.0,13.0,193.38,52.0,167.0,104.0,194.53,19.0,180.69,25.379999999999995,117.0,71.0,7.252170020070649,168.0,193.38,188,46.0,2.0,0.24
07:32:23,174.41,73.0,176.5,16.0,172.3,56.0,178.27,22.0,175.46,2.0900000000000034,129.0,38.0,2.2240908254848235,174.41,176.5,167,91.0,-57.0,0.54
07:32:24,170.0,39.0,188.32,28.0,168.65,23.0,243.64,25.0,179.16,18.319999999999993,62.0,53.0,1.7458464995541592,170.0,188.32,115,9.0,-52.0,0.08
07:32:26,167.2,56.0,338.0,24.0,152.97,70.0,627.72,39.0,252.6,170.8,126.0,63.0,64.68475848296899,167.2,338.0,189,63.0,9.0,0.33
07:32:27,167.0,156.0,310.88,24.0,128.92,26.0,500.62,48.0,238.94,143.88,182.0,72.0,60.069757948572054,167.0,310.88,254,110.0,65.0,0.43
07:32:28,167.26,53.0,410.3,37.0,166.21,81.0,531.25,53.0,288.78,243.04000000000002,134.0,90.0,53.740120766518984,167.26,410.3,224,44.0,-30.0,0.2
07:32:29,169.0,10.0,247.12,48.0,167.0,110.0,451.5,36.0,208.06,78.12,120.0,84.0,44.07159947176921,169.0,247.12,204,36.0,-20.0,0.18
07:32:30,169.4,15.0,250.63,43.0,167.04,101.0,311.67,36.0,210.01,81.22999999999999,116.0,79.0,33.38569034781277,169.4,250.63,195,37.0,-9.0,0.19
07:32:31,171.0,36.0,211.6,40.0,169.0,12.0,256.27,44.0,191.3,40.599999999999994,48.0,84.0,38.3416616749983,171.0,211.6,132,-36.0,-63.0,-0.27
07:32:32,172.92,39.0,256.0,52.0,169.0,37.0,402.23,65.0,214.46,83.08000000000001,76.0,117.0,38.064521801804254,172.92,256.0,193,-41.0,61.0,-0.21
07:32:33,173.3,30.0,255.0,40.0,169.0,70.0,403.78,46.0,214.15,81.69999999999999,100.0,86.0,9.508834313417548,173.3,255.0,186,14.0,-7.0,0.08
07:32:34,170.25,48.0,214.53,53.0,167.93,60.0,294.43,56.0,192.39,44.28,108.0,109.0,11.657283988992715,170.25,214.53,217,-1.0,31.0,-0.0
07:32:35,169.0,22.0,245.29,55.0,167.0,48.0,315.17,60.0,207.15,76.28999999999999,70.0,115.0,11.383960207240087,169.0,245.29,185,-45.0,-32.0,-0.24
07:32:36,167.15,13.0,318.79,58.0,149.56,32.0,348.38,65.0,242.97,151.64000000000001,45.0,123.0,18.39265288097478,167.15000000000003,318.79,168,-78.0,-17.0,-0.46
07:32:37,170.94,16.0,270.0,47.0,136.28,29.0,297.93,44.0,220.47,99.06,45.0,91.0,18.60706532476388,170.94,270.0,136,-46.0,-32.0,-0.34
07:32:41,171.28,71.0,188.28,18.0,169.53,30.0,188.64,33.0,179.78,17.0,101.0,51.0,16.471695419719918,171.28,188.28,152,50.0,48.0,0.33
07:32:42,171.0,66.0,184.18,17.0,167.0,23.0,184.78,23.0,177.59,13.180000000000007,89.0,40.0,10.736686174049156,171.0,184.18,129,49.0,-23.0,0.38
07:32:43,171.0,60.0,178.13,30.0,167.0,40.0,180.2,10.0,174.57,7.1299999999999955,100.0,40.0,6.28439893705164,171.0,178.13,140,60.0,11.0,0.43
07:32:44,171.0,48.0,177.83,24.0,167.0,32.0,178.33,24.0,174.42,6.8300000000000125,80.0,48.0,4.397673248436566,171.0,177.83,128,32.0,-12.0,0.25
07:32:45,171.0,48.0,175.63,35.0,167.0,56.0,177.83,42.0,173.31,4.6299999999999955,104.0,77.0,2.672644757541434,171.0,175.63,181,27.0,53.0,0.15
07:32:46,167.62,52.0,172.1,21.0,166.33,49.0,172.83,18.0,169.86,4.47999999999999,101.0,39.0,2.7835498917772243,167.62,172.1,140,62.0,-41.0,0.44
07:32:47,167.0,26.0,169.75,12.0,166.0,30.0,470.45,33.0,168.38,2.75,56.0,45.0,2.8197109780990774,167.0,169.75,101,11.0,-39.0,0.11
07:32:48,167.0,23.0,345.23,31.0,166.0,30.0,570.44,36.0,256.11,178.23000000000002,53.0,67.0,37.92203620587926,167.0,345.23,120,-14.0,19.0,-0.12
07:32:49,172.74,47.0,355.95,41.0,167.46,26.0,385.72,50.0,264.35,183.20999999999998,73.0,91.0,49.25679313556683,172.74,355.95,164,-18.0,44.0,-0.11
07:32:50,174.0,106.0,280.29,42.0,171.0,71.0,340.0,40.0,227.14,106.29000000000002,177.0,82.0,45.990154054971676,174.0,280.29,259,95.0,95.0,0.37
07:32:51,174.0,98.0,267.2,40.0,171.0,70.0,273.23,31.0,220.6,93.19999999999999,168.0,71.0,37.81269403256043,174.0,267.2,239,97.0,-20.0,0.41
07:32:54,174.06,93.0,253.08,26.0,171.84,97.0,255.0,52.0,213.57,79.02000000000001,190.0,78.0,5.224188932267554,174.06,253.07999999999998,268,112.0,122.0,0.42
07:32:55,174.0,90.0,232.75,16.0,171.0,70.0,254.25,32.0,203.38,58.75,160.0,48.0,7.131764858716588,174.0,232.75,208,112.0,-60.0,0.54
07:32:56,174.0,81.0,175.0,11.0,171.0,77.0,185.0,44.0,174.5,1.0,158.0,55.0,18.54134488110344,174.0,175.0,213,103.0,5.0,0.48
07:32:57,174.0,41.0,175.0,8.0,171.0,56.0,185.0,32.0,174.5,1.0,97.0,40.0,20.521686577862383,174.0,175.0,137,57.0,-76.0,0.42
07:32:58,171.05,57.0,173.5,24.0,169.93,15.0,182.76,21.0,172.28,2.4499999999999886,72.0,45.0,19.37370073063001,171.05,173.5,117,27.0,-20.0,0.23
07:32:59,171.0,59.0,172.93,41.0,169.0,11.0,180.0,14.0,171.96,1.9300000000000068,70.0,55.0,13.500736276218806,171.0,172.93,125,15.0,8.0,0.12
07:33:00,171.77,31.0,178.0,10.0,169.6,10.0,198.3,40.0,174.89,6.22999999999999,41.0,50.0,1.3885892121171923,171.77,178.0,91,-9.0,-34.0,-0.1
07:33:01,172.25,96.0,176.58,24.0,171.0,12.0,179.83,12.0,174.42,4.3300000000000125,108.0,36.0,1.3764083696375253,172.25,176.58,144,72.0,53.0,0.5
07:33:02,173.0,97.0,175.2,30.0,171.0,16.0,303.64,22.0,174.1,2.1999999999999886,113.0,52.0,1.3223085872852054,173.0,175.2,165,61.0,21.0,0.37
07:33:03,173.0,30.0,181.8,10.0,171.0,10.0,502.0,40.0,177.4,8.800000000000011,40.0,50.0,1.9471466303307923,173.0,181.8,90,-10.0,-75.0,-0.11
07:33:04,172.71,35.0,182.0,13.0,167.68,31.0,581.37,51.0,177.36,9.289999999999992,66.0,64.0,1.6185116619935058,172.71,182.0,130,2.0,40.0,0.02
07:33:05,168.0,9.0,182.0,9.0,167.0,90.0,452.0,32.0,175.0,14.0,99.0,41.0,1.6065739945638942,168.0,182.0,140,58.0,10.0,0.41
07:33:06,167.16,38.0,182.0,10.0,166.88,68.0,332.42,43.0,174.58,14.840000000000003,106.0,53.0,1.5771239646930055,167.16,182.0,159,53.0,19.0,0.33
07:33:07,170.73,189.0,180.0,38.0,167.29,112.0,243.64,44.0,175.37,9.27000000000001,301.0,82.0,1.3422071375197862,170.73,180.0,383,219.0,180.0,0.57
07:33:08,171.0,167.0,177.23,39.0,167.0,104.0,180.73,37.0,174.12,6.22999999999999,271.0,76.0,1.2498319887124096,171.0,177.23,347,195.0,-36.0,0.56
07:33:09,171.44,72.0,175.04,46.0,170.52,84.0,176.0,42.0,173.24,3.5999999999999943,156.0,88.0,0.8273572384456976,171.44,175.04,244,68.0,-103.0,0.28
07:33:10,171.42,83.0,173.41,59.0,169.79,132.0,176.13,38.0,172.41,1.990000000000009,215.0,97.0,1.1530091066458665,171.42,173.41,312,118.0,68.0,0.38
07:33:11,171.0,112.0,174.93,30.0,167.0,152.0,444.0,30.0,172.97,3.930000000000007,264.0,60.0,1.155798425335563,171.0,174.93,324,204.0,12.0,0.63
07:33:12,172.11,152.0,179.22,18.0,169.58,124.0,277.14,42.0,175.66,7.109999999999985,276.0,60.0,1.2673397334606795,172.11,179.22,336,216.0,12.0,0.64
07:33:13,173.38,96.0,182.0,14.0,172.46,148.0,424.83,60.0,177.69,8.620000000000005,244.0,74.0,2.222730303030144,173.38,182.0,318,170.0,-18.0,0.53
07:33:14,174.0,24.0,182.0,6.0,173.0,72.0,314.67,30.0,178.0,8.0,96.0,36.0,2.5933626819264775,174.0,182.0,132,60.0,-180.0,0.45
07:33:15,174.0,40.0,182.0,25.0,173.0,120.0,291.5,50.0,178.0,8.0,160.0,75.0,2.1838108892505694,174.0,182.0,235,85.0,103.0,0.36
07:33:16,174.0,24.0,182.0,6.0,173.0,72.0,256.0,30.0,178.0,8.0,96.0,36.0,1.0206860438008347,174.0,182.0,132,60.0,-103.0,0.45
07:33:17,173.29,56.0,182.0,9.0,172.09,88.0,254.89,35.0,177.64,8.710000000000008,144.0,44.0,0.18433664858070503,173.29,182.0,188,100.0,56.0,0.53
07:33:18,173.0,72.0,252.31,16.0,171.0,96.0,371.62,48.0,212.66,79.31,168.0,64.0,15.541454243410207,173.0,252.31,232,104.0,44.0,0.45
07:33:19,173.0,24.0,177.0,4.0,171.0,32.0,378.5,16.0,175.0,4.0,56.0,20.0,15.925664821288088,173.0,177.0,76,36.0,-156.0,0.47
07:33:20,173.0,45.0,175.75,16.0,171.0,72.0,279.46,13.0,174.38,2.75,117.0,29.0,16.357820148174163,173.0,175.75,146,88.0,70.0,0.6
07:33:21,171.34,29.0,173.94,31.0,168.04,154.0,175.5,20.0,172.64,2.5999999999999943,183.0,51.0,16.975296168256154,171.33999999999997,173.94,234,132.0,88.0,0.56
07:33:22,171.0,36.0,172.18,33.0,167.0,209.0,175.61,18.0,171.59,1.1800000000000068,245.0,51.0,17.608911948215642,171.0,172.18,296,194.0,62.0,0.66
07:33:23,168.13,78.0,172.0,30.0,166.92,166.0,177.0,10.0,170.06,3.8700000000000045,244.0,40.0,2.0194009012595164,168.13,172.0,284,204.0,-12.0,0.72
07:33:24,169.04,69.0,172.0,36.0,167.08,150.0,177.0,12.0,170.52,2.960000000000008,219.0,48.0,1.7367268063824313,169.04,172.0,267,171.0,-17.0,0.64
07:33:25,170.16,37.0,192.92,26.0,169.04,75.0,233.79,34.0,181.54,22.75999999999999,112.0,60.0,4.729661721519613,170.16,192.92000000000002,172,52.0,-95.0,0.3
07:33:26,170.86,28.0,177.0,11.0,168.83,36.0,241.54,26.0,173.93,6.139999999999986,64.0,37.0,4.721882040035304,170.85999999999999,177.0,101,27.0,-71.0,0.27
07:33:27,167.35,75.0,175.55,33.0,166.6,67.0,198.46,13.0,171.45,8.200000000000017,142.0,46.0,4.736639103838076,167.35,175.55,188,96.0,87.0,0.51
07:33:28,169.86,14.0,175.0,42.0,167.03,170.0,176.29,14.0,172.43,5.139999999999986,184.0,56.0,4.413924557580039,169.85999999999999,175.0,240,128.0,52.0,0.53
07:33:29,170.45,20.0,173.16,61.0,168.19,74.0,174.06,89.0,171.81,2.710000000000008,94.0,150.0,4.193771572225682,170.45,173.16,244,-56.0,4.0,-0.23
07:33:30,167.82,34.0,173.64,70.0,166.68,109.0,176.0,14.0,170.73,5.819999999999993,143.0,84.0,1.2079735096464452,167.82,173.64,227,59.0,-17.0,0.26
07:33:31,169.0,15.0,171.81,47.0,167.0,90.0,172.87,39.0,170.4,2.8100000000000023,105.0,86.0,0.8176062622113927,169.0,171.81,191,19.0,-36.0,0.1
07:33:32,167.23,53.0,170.01,76.0,166.4,94.0,170.96,54.0,168.62,2.780000000000001,147.0,130.0,1.4658001228022477,167.22999999999996,170.01,277,17.0,86.0,0.06
07:33:33,166.0,62.0,168.4,30.0,165.0,75.0,170.0,60.0,167.2,2.4000000000000057,137.0,90.0,1.8307020511286654,166.0,168.4,227,47.0,-50.0,0.21
07:33:34,165.83,59.0,167.44,27.0,164.74,54.0,191.65,20.0,166.64,1.6099999999999852,113.0,47.0,1.837748622637566,165.83,167.44,160,66.0,-67.0,0.41
07:33:35,166.0,55.0,175.55,11.0,164.08,62.0,252.0,55.0,170.77,9.550000000000011,117.0,66.0,1.8487509296836855,166.0,175.55,183,51.0,23.0,0.28
07:33:36,166.0,10.0,175.0,2.0,164.0,10.0,499.0,8.0,170.5,9.0,20.0,10.0,1.871785244093538,166.0,175.0,30,10.0,-153.0,0.33
07:33:37,166.0,35.0,175.0,7.0,164.0,35.0,321.09,33.0,170.5,9.0,70.0,40.0,2.0228741928272505,166.0,175.0,110,30.0,80.0,0.27
07:33:38,166.0,55.0,167.0,22.0,164.0,55.0,175.82,11.0,166.5,1.0,110.0,33.0,2.2051575907418557,166.0,167.0,143,77.0,33.0,0.54
07:33:39,165.14,14.0,167.0,14.0,163.32,31.0,176.0,7.0,166.07,1.8600000000000136,45.0,21.0,2.365411169333227,165.14000000000001,167.0,66,24.0,-77.0,0.36
07:33:40,165.0,44.0,167.0,22.0,161.42,57.0,176.0,11.0,166.0,2.0,101.0,33.0,2.3684340818367637,165.0,167.0,134,68.0,68.0,0.51
07:33:41,165.0,36.0,166.0,27.0,161.36,33.0,167.0,18.0,165.5,1.0,69.0,45.0,2.0357995972112484,165.0,166.0,114,24.0,-20.0,0.21
07:33:42,162.67,36.0,166.05,37.0,160.85,41.0,167.6,15.0,164.36,3.380000000000024,77.0,52.0,0.8218150643574795,162.67,166.05,129,25.0,15.0,0.19
07:33:43,161.0,49.0,165.22,23.0,160.0,14.0,167.0,14.0,163.11,4.219999999999999,63.0,37.0,1.2625648498214062,161.0,165.22,100,26.0,-29.0,0.26
07:33:44,161.0,70.0,164.36,28.0,160.0,20.0,167.0,20.0,162.68,3.3600000000000136,90.0,48.0,1.446513048680944,161.0,164.35999999999999,138,42.0,38.0,0.3
07:33:45,162.0,20.0,169.0,15.0,161.0,70.0,276.7,40.0,165.5,7.0,90.0,55.0,1.313354483756838,162.0,169.0,145,35.0,7.0,0.24
07:33:46,162.33,18.0,172.0,9.0,159.43,70.0,334.0,36.0,167.17,9.669999999999987,88.0,45.0,1.8284228176229707,162.33,172.0,133,43.0,-12.0,0.32
07:33:47,163.5,24.0,172.0,12.0,160.0,24.0,343.75,53.0,167.75,8.5,48.0,65.0,2.3012540059725315,163.5,172.0,113,-17.0,-20.0,-0.15
07:33:48,164.8,40.0,171.16,32.0,162.15,40.0,199.88,88.0,167.98,6.359999999999985,80.0,120.0,2.2017561172857163,164.8,171.16,200,-40.0,87.0,-0.2
07:33:49,165.0,14.0,169.0,35.0,163.0,14.0,170.86,7.0,167.0,4.0,28.0,42.0,0.9707986402985398,165.0,169.0,70,-14.0,-130.0,-0.2
07:33:50,166.96,46.0,168.43,70.0,165.93,28.0,171.0,14.0,167.69,1.4699999999999989,74.0,84.0,0.4142100916270609,166.96,168.43,158,-10.0,88.0,-0.06
07:33:51,166.74,31.0,168.59,27.0,160.72,69.0,277.04,27.0,167.67,1.8499999999999943,100.0,54.0,0.36683783884128424,166.74,168.59,154,46.0,-4.0,0.3
07:33:52,162.31,52.0,172.0,11.0,159.92,114.0,419.79,28.0,167.15,9.689999999999998,166.0,39.0,0.4086196275335805,162.31,172.0,205,127.0,51.0,0.62
07:33:55,163.18,34.0,394.0,34.0,161.67,46.0,425.19,32.0,278.59,230.82,80.0,66.0,93.42163946324241,163.18,394.0,146,14.0,-54.0,0.1
07:33:56,165.83,12.0,187.69,13.0,164.89,9.0,203.0,15.0,176.76,21.859999999999985,21.0,28.0,91.14598279683013,165.83,187.69,49,-7.0,-97.0,-0.14
07:33:57,169.45,31.0,186.6,15.0,169.1,30.0,188.0,45.0,178.03,17.150000000000006,61.0,60.0,88.29521629171114,169.45,186.6,121,1.0,72.0,0.01
07:33:58,171.43,14.0,185.64,14.0,169.09,55.0,188.0,42.0,178.54,14.20999999999998,69.0,56.0,75.06085750909078,171.43,185.64000000000001,125,13.0,4.0,0.1
07:33:59,173.38,16.0,182.97,40.0,168.14,86.0,185.0,24.0,178.18,9.590000000000003,102.0,64.0,45.04500138750147,173.38,182.97,166,38.0,41.0,0.23
07:34:00,168.29,83.0,179.08,25.0,166.47,19.0,180.11,19.0,173.68,10.79000000000002,102.0,44.0,1.9935947431707457,168.29,179.08,146,58.0,-20.0,0.4
07:34:01,168.0,65.0,171.36,28.0,166.0,20.0,174.67,24.0,169.68,3.3600000000000136,85.0,52.0,3.870893953597444,168.0,171.35999999999999,137,33.0,-9.0,0.24
07:34:02,167.86,29.0,169.05,22.0,165.67,15.0,171.2,10.0,168.45,1.1899999999999977,44.0,32.0,4.669558865674171,167.86,169.05,76,12.0,-61.0,0.16
07:34:03,166.0,20.0,169.36,11.0,94.8,40.0,173.61,28.0,167.68,3.3600000000000136,60.0,39.0,4.375394839325376,166.0,169.36,99,21.0,23.0,0.21
07:34:04,136.21,57.0,167.74,27.0,79.68,65.0,170.11,36.0,151.98,31.53,122.0,63.0,8.328834252162332,136.21,167.74,185,59.0,86.0,0.32
07:34:11,140.5,32.0,160.88,50.0,121.79,56.0,163.19,26.0,150.69,20.379999999999995,88.0,76.0,6.245496777677563,140.5,160.88,164,12.0,14.0,0.07
07:34:12,142.26,57.0,164.94,17.0,142.44,27.0,166.55,11.0,153.6,22.680000000000007,84.0,28.0,7.7561117836182705,142.26,164.94,112,56.0,-52.0,0.5
07:34:13,145.57,112.0,161.53,34.0,143.31,32.0,165.33,12.0,153.55,15.960000000000008,144.0,46.0,6.827295950812746,145.57,161.53,190,98.0,78.0,0.52
07:34:14,146.64,39.0,161.0,20.0,146.06,51.0,213.25,16.0,153.82,14.360000000000014,90.0,36.0,2.664539359811734,146.64,161.0,126,54.0,-64.0,0.43
07:34:15,154.45,29.0,278.09,32.0,150.48,63.0,409.58,31.0,216.27,123.63999999999999,92.0,63.0,28.362505707359382,154.45,278.09,155,29.0,29.0,0.19
07:34:16,171.25,28.0,356.54,28.0,170.97,68.0,446.5,30.0,263.89,185.29000000000002,96.0,58.0,50.24108010383541,171.25,356.54,154,38.0,-1.0,0.25
07:34:17,173.14,21.0,197.0,9.0,171.17,72.0,399.07,43.0,185.07,23.860000000000014,93.0,52.0,46.66259958467819,173.14,197.0,145,41.0,-9.0,0.28
07:34:21,174.0,9.0,297.0,30.0,171.29,38.0,348.33,18.0,235.5,123.0,47.0,48.0,52.091419159013526,174.0,297.0,95,-1.0,1.0,-0.01
07:34:26,174.5,6.0,180.25,20.0,171.31,39.0,193.21,28.0,177.38,5.75,45.0,48.0,26.1466426143018,174.5,180.25,93,-3.0,25.0,-0.03
07:34:27,173.0,6.0,177.0,18.0,171.0,66.0,190.0,30.0,175.0,4.0,72.0,48.0,27.307515815247946,173.0,177.0,120,24.0,27.0,0.2
07:34:28,173.0,8.0,325.62,34.0,171.0,88.0,586.6,30.0,249.31,152.62,96.0,64.0,31.924862098371204,173.0,325.62,160,32.0,40.0,0.2
07:34:29,173.0,9.0,276.45,33.0,168.23,142.0,298.92,39.0,224.73,103.44999999999999,151.0,72.0,31.99548046209055,173.0,276.45,223,79.0,63.0,0.35
07:34:30,172.29,17.0,226.52,50.0,169.21,82.0,238.34,62.0,199.41,54.23000000000002,99.0,112.0,31.806539107548602,172.29,226.52,211,-13.0,-12.0,-0.06
07:34:31,168.61,79.0,222.0,39.0,167.93,75.0,258.16,63.0,195.3,53.389999999999986,154.0,102.0,28.756193245977816,168.61,222.0,256,52.0,45.0,0.2
07:34:32,174.0,4.0,222.0,12.0,168.0,20.0,323.0,12.0,198.0,48.0,24.0,24.0,23.336530376215368,174.0,222.0,48,0.0,-180.0,0.0
07:34:33,168.38,48.0,221.42,36.0,167.45,33.0,318.6,42.0,194.9,53.03999999999999,81.0,78.0,12.585367296984888,168.38,221.42,159,3.0,111.0,0.02
07:34:34,168.0,132.0,219.5,38.0,167.0,24.0,260.38,58.0,193.75,51.5,156.0,96.0,2.3463098687116446,168.0,219.5,252,60.0,93.0,0.24
07:34:35,168.0,158.0,214.67,36.0,167.0,24.0,301.5,46.0,191.33,46.66999999999999,182.0,82.0,2.4258874664775285,168.0,214.67,264,100.0,12.0,0.38
07:34:36,169.7,37.0,217.0,45.0,168.17,143.0,219.0,45.0,193.35,47.30000000000001,180.0,90.0,2.453065429215564,169.7,217.0,270,90.0,6.0,0.33
07:34:37,172.79,14.0,212.59,32.0,168.39,124.0,215.94,35.0,192.69,39.80000000000001,138.0,67.0,1.3202196786943843,172.79,212.59,205,71.0,-65.0,0.35
07:34:38,168.91,44.0,209.93,30.0,167.5,144.0,211.21,29.0,189.42,41.02000000000001,188.0,59.0,1.7612552342040697,168.91,209.93,247,129.0,42.0,0.52
07:34:39,169.0,16.0,203.94,32.0,168.0,96.0,204.0,30.0,186.47,34.94,112.0,62.0,2.7793560405263458,169.0,203.94,174,50.0,-73.0,0.29
07:34:40,169.0,9.0,197.46,24.0,168.0,54.0,198.36,14.0,183.23,28.460000000000008,63.0,38.0,4.254517598977496,169.0,197.46,101,25.0,-73.0,0.25
07:34:41,167.68,37.0,194.96,23.0,166.73,64.0,195.94,35.0,181.32,27.28,101.0,58.0,4.590460761188095,167.68,194.96,159,43.0,58.0,0.27
07:34:42,168.0,96.0,191.33,49.0,166.07,121.0,192.45,40.0,179.66,23.330000000000013,217.0,89.0,3.9397398391271685,168.0,191.33,306,128.0,147.0,0.42
07:34:43,169.31,139.0,186.0,34.0,168.54,105.0,187.5,34.0,177.65,16.689999999999998,244.0,68.0,3.383656306424197,169.31,186.0,312,176.0,6.0,0.56
07:34:44,171.59,138.0,183.26,46.0,170.01,152.0,184.91,33.0,177.42,11.669999999999987,290.0,79.0,2.4681025100273106,171.59,183.26,369,211.0,57.0,0.57
07:34:45,173.07,153.0,181.53,76.0,171.59,96.0,182.08,71.0,177.3,8.460000000000008,249.0,147.0,1.7665220066566811,173.07,181.53,396,102.0,27.0,0.26
07:34:46,174.0,82.0,177.56,27.0,173.0,39.0,179.46,26.0,175.78,3.5600000000000023,121.0,53.0,1.3850703953235,174.0,177.56,174,68.0,-180.0,0.39
07:34:47,173.67,36.0,175.94,32.0,171.67,108.0,178.56,32.0,174.8,2.2700000000000102,144.0,64.0,1.2426584406026124,173.67,175.94,208,80.0,34.0,0.38
07:34:48,171.07,168.0,176.21,28.0,170.6,45.0,177.17,24.0,173.64,5.140000000000015,213.0,52.0,1.6232436662437253,171.07,176.21,265,161.0,57.0,0.61
07:34:49,171.0,216.0,173.41,34.0,169.0,12.0,174.58,24.0,172.21,2.4099999999999966,228.0,58.0,1.9525316898835863,171.0,173.41,286,170.0,21.0,0.59
07:34:50,171.0,202.0,172.55,44.0,169.0,13.0,203.65,34.0,171.77,1.5500000000000114,215.0,78.0,1.6931479557318252,171.0,172.55,293,137.0,7.0,0.47
07:34:51,171.0,120.0,173.0,20.0,169.0,10.0,237.0,40.0,172.0,2.0,130.0,60.0,1.2960825590981302,171.0,173.0,190,70.0,-103.0,0.37
07:34:52,171.93,43.0,373.62,26.0,170.88,51.0,513.0,31.0,272.77,201.69,94.0,57.0,44.890525392336535,171.93,373.62,151,37.0,-39.0,0.25
07:34:53,171.0,87.0,310.9,21.0,169.0,9.0,424.25,44.0,240.95,139.89999999999998,96.0,65.0,47.825658385431765,171.0,310.9,161,31.0,10.0,0.19
07:34:54,171.0,135.0,283.81,37.0,169.0,15.0,373.43,35.0,227.41,112.81,150.0,72.0,44.3368199130252,171.0,283.81,222,78.0,61.0,0.35
07:34:55,171.0,90.0,354.46,26.0,169.0,10.0,479.8,10.0,262.73,183.45999999999998,100.0,36.0,39.55182827632677,171.0,354.46,136,64.0,-86.0,0.47
07:34:56,171.0,81.0,359.15,33.0,169.0,9.0,513.89,9.0,265.08,188.14999999999998,90.0,42.0,18.897077022652347,171.0,359.15,132,48.0,-4.0,0.36
07:34:57,171.0,126.0,179.0,56.0,169.0,14.0,378.36,14.0,175.0,8.0,140.0,70.0,36.619107444065875,171.0,179.0,210,70.0,78.0,0.33
07:34:58,171.0,81.0,271.0,36.0,169.0,9.0,531.53,17.0,221.0,100.0,90.0,53.0,36.79086068577409,171.0,271.0,143,37.0,-67.0,0.26
07:34:59,171.0,81.0,354.73,15.0,169.0,9.0,455.85,26.0,262.87,183.73000000000002,90.0,41.0,39.4309894626047,171.0,354.7300000000001,131,49.0,-12.0,0.37
07:35:00,171.0,76.0,412.88,17.0,169.0,9.0,498.97,31.0,291.94,241.88,85.0,48.0,45.785665005545646,171.0,412.88,133,37.0,2.0,0.28
07:35:01,171.0,56.0,402.78,18.0,169.0,14.0,473.27,33.0,286.89,231.77999999999997,70.0,51.0,49.29811000434044,171.0,402.78,121,19.0,-12.0,0.16
07:35:02,172.74,43.0,304.08,12.0,170.48,27.0,408.75,20.0,238.41,131.33999999999997,70.0,32.0,30.57104136270239,172.74,304.08,102,38.0,-19.0,0.37
07:35:03,171.0,50.0,303.81,16.0,169.0,14.0,460.5,42.0,237.41,132.81,64.0,58.0,25.819172721062593,171.0,303.81,122,6.0,20.0,0.05
07:35:04,171.0,16.0,294.55,20.0,169.0,8.0,295.8,10.0,232.78,123.55000000000001,24.0,30.0,29.278829040794264,171.0,294.55,54,-6.0,-68.0,-0.11
07:35:05,167.14,37.0,228.57,21.0,166.05,84.0,230.33,9.0,197.85,61.43000000000001,121.0,30.0,31.732428523515825,167.14,228.57000000000002,151,91.0,97.0,0.6
07:35:06,168.0,75.0,226.88,33.0,167.0,60.0,227.41,27.0,197.44,58.879999999999995,135.0,60.0,21.224480441226948,168.0,226.88,195,75.0,44.0,0.38
07:35:07,169.25,60.0,221.27,33.0,167.0,48.0,222.75,12.0,195.26,52.02000000000001,108.0,45.0,21.03455894474656,169.25,221.27,153,63.0,-42.0,0.41
07:35:08,171.63,54.0,219.32,22.0,167.0,48.0,220.95,21.0,195.47,47.69,102.0,43.0,16.263494396961857,171.63,219.32,145,59.0,-8.0,0.41
07:35:09,172.77,26.0,215.47,15.0,170.12,32.0,217.93,15.0,194.12,42.69999999999999,58.0,30.0,1.5696400861351751,172.77,215.47,88,28.0,-57.0,0.32
07:35:10,173.0,23.0,211.61,18.0,168.67,30.0,212.36,22.0,192.31,38.610000000000014,53.0,40.0,1.8855105409414719,173.0,211.61,93,13.0,5.0,0.14
07:35:11,173.47,17.0,208.24,17.0,170.43,28.0,210.78,27.0,190.85,34.77000000000001,45.0,44.0,1.9842807261071016,173.47,208.24,89,1.0,-4.0,0.01
07:35:12,173.27,11.0,202.65,17.0,167.95,38.0,206.13,15.0,187.96,29.379999999999995,49.0,32.0,2.922955695866552,173.27,202.65,81,17.0,-8.0,0.21
07:35:13,173.0,8.0,200.0,24.0,167.0,32.0,202.25,8.0,186.5,27.0,40.0,32.0,3.1160503847012953,173.0,200.0,72,8.0,-9.0,0.11
07:35:14,173.0,14.0,199.0,14.0,167.0,56.0,200.0,42.0,186.0,26.0,70.0,56.0,2.753603094128786,173.0,199.0,126,14.0,54.0,0.11
07:35:15,173.0,13.0,197.04,27.0,167.0,52.0,198.78,27.0,185.02,24.039999999999992,65.0,54.0,2.2671965067003628,173.0,197.04,119,11.0,-7.0,0.09
07:35:16,173.0,14.0,193.54,24.0,167.92,24.0,195.32,22.0,183.27,20.539999999999992,38.0,46.0,1.7458808664948944,173.0,193.54,84,-8.0,-35.0,-0.1
07:35:17,167.86,28.0,188.88,26.0,166.17,70.0,190.5,18.0,178.37,21.019999999999982,98.0,44.0,3.293139839118763,167.85999999999999,188.88,142,54.0,58.0,0.38
07:35:18,169.46,26.0,186.63,27.0,166.27,59.0,187.18,17.0,178.05,17.169999999999987,85.0,44.0,3.721957818136787,169.46,186.63,129,41.0,-13.0,0.32
07:35:19,173.7,80.0,181.0,24.0,170.0,32.0,182.21,24.0,177.35,7.300000000000011,112.0,48.0,3.483047516182907,173.7,181.0,160,64.0,31.0,0.4
07:35:20,173.64,22.0,176.22,36.0,170.43,28.0,178.79,38.0,174.93,2.5800000000000125,50.0,74.0,3.0407038658813677,173.64,176.22,124,-24.0,-36.0,-0.19
07:35:21,170.73,37.0,176.97,33.0,168.68,31.0,178.37,35.0,173.85,6.240000000000009,68.0,68.0,2.006788479133762,170.73,176.97,136,0.0,12.0,0.0
07:35:22,169.65,55.0,173.04,26.0,165.63,57.0,191.41,41.0,171.35,3.3899999999999864,112.0,67.0,2.7119513269936464,169.65,173.04,179,45.0,43.0,0.25
07:35:23,166.2,100.0,170.82,11.0,156.79,63.0,198.13,45.0,168.51,4.6200000000000045,163.0,56.0,3.393246233325936,166.2,170.82,219,107.0,40.0,0.49
07:35:24,167.0,260.0,169.23,13.0,166.0,104.0,170.23,13.0,168.12,2.2299999999999898,364.0,26.0,3.0645097487165436,167.0,169.23,390,338.0,171.0,0.87
07:35:25,167.0,329.0,168.0,17.0,166.0,336.0,379.69,32.0,167.5,1.0,665.0,49.0,2.672064744720299,167.0,168.0,714,616.0,180.0,0.86
07:35:26,167.75,96.0,218.5,16.0,166.27,157.0,264.59,32.0,193.12,50.75,253.0,48.0,10.944969163957525,167.75,218.5,301,205.0,-180.0,0.68
07:35:27,167.82,88.0,213.0,8.0,166.27,157.0,245.12,40.0,190.41,45.18000000000001,245.0,48.0,13.033148890424945,167.82,213.0,293,197.0,-8.0,0.67
07:35:28,168.02,82.0,213.0,9.0,166.33,171.0,230.56,45.0,190.51,44.97999999999999,253.0,54.0,12.939125550051264,168.02,213.0,307,199.0,14.0,0.65
07:35:29,174.0,33.0,211.35,23.0,168.0,22.0,215.35,23.0,192.67,37.349999999999994,55.0,46.0,10.88205725035457,174.0,211.35,101,9.0,-180.0,0.09
07:35:30,174.0,39.0,208.52,31.0,169.88,16.0,208.76,21.0,191.26,34.52000000000001,55.0,52.0,1.2424693155162125,174.0,208.52,107,3.0,6.0,0.03
07:35:31,172.67,27.0,204.07,29.0,167.31,91.0,206.04,23.0,188.37,31.400000000000006,118.0,52.0,1.5594806827910257,172.66999999999996,204.07,170,66.0,63.0,0.39
07:35:32,169.86,80.0,202.0,36.0,166.33,206.0,204.0,12.0,185.93,32.139999999999986,286.0,48.0,2.6401174216306074,169.86,202.0,334,238.0,164.0,0.71
07:35:36,171.0,54.0,195.61,18.0,166.0,297.0,196.82,28.0,183.31,24.610000000000014,351.0,46.0,2.1462944811917937,171.0,195.61,397,305.0,170.0,0.77
07:35:37,171.0,60.0,191.38,16.0,166.0,330.0,192.26,19.0,181.19,20.379999999999995,390.0,35.0,3.2678004835046788,171.0,191.38,425,355.0,28.0,0.84
07:35:38,171.0,66.0,187.48,21.0,166.0,363.0,189.38,13.0,179.24,16.47999999999999,429.0,34.0,3.7991051577959145,171.0,187.48,463,395.0,38.0,0.85
07:35:39,171.0,48.0,184.39,23.0,166.0,264.0,185.08,12.0,177.7,13.389999999999986,312.0,35.0,3.5563984591141464,171.0,184.38999999999996,347,277.0,-116.0,0.8
07:35:40,171.0,66.0,181.46,26.0,166.0,363.0,182.48,27.0,176.23,10.460000000000008,429.0,53.0,2.800308911528753,171.0,181.46,482,376.0,135.0,0.78
07:35:41,172.0,18.0,176.07,43.0,170.11,108.0,177.54,48.0,174.03,4.069999999999993,126.0,91.0,2.746774471991733,172.0,176.07,217,35.0,-180.0,0.16
07:35:42,168.64,50.0,173.09,53.0,166.24,284.0,174.38,52.0,170.87,4.450000000000017,334.0,105.0,3.2746495995729683,168.64,173.09,439,229.0,180.0,0.52
07:35:43,167.0,65.0,172.08,25.0,166.0,429.0,173.12,32.0,169.54,5.0800000000000125,494.0,57.0,3.4576335838231147,167.0,172.08,551,437.0,112.0,0.79
07:35:44,167.0,146.0,168.2,20.0,166.0,276.0,170.5,16.0,167.6,1.1999999999999886,422.0,36.0,3.4678422686130808,167.0,168.2,458,386.0,-93.0,0.84
07:35:45,166.07,74.0,240.0,12.0,164.6,129.0,411.6,10.0,203.03,73.93,203.0,22.0,14.730659523591765,166.07,240.0,225,181.0,-180.0,0.8
07:35:46,166.0,230.0,311.18,11.0,163.0,182.0,325.2,20.0,238.59,145.18,412.0,31.0,30.891220921161363,166.0,311.18,443,381.0,180.0,0.86
07:35:47,166.18,252.0,250.74,27.0,164.06,195.0,315.42,19.0,208.46,84.56,447.0,46.0,29.64307052246789,166.18,250.74,493,401.0,50.0,0.81
07:35:48,167.0,165.0,268.64,14.0,166.0,253.0,282.97,31.0,217.82,101.63999999999999,418.0,45.0,25.90947220612596,167.0,268.64,463,373.0,-30.0,0.81
07:35:49,167.0,120.0,241.0,16.0,166.0,184.0,246.0,8.0,204.0,74.0,304.0,24.0,14.74424463985932,167.0,241.0,328,280.0,-135.0,0.85
07:35:50,167.0,105.0,240.31,16.0,166.0,161.0,263.5,8.0,203.66,73.31,266.0,24.0,14.62521384459114,167.0,240.31,290,242.0,-38.0,0.83
07:35:51,167.39,89.0,237.72,36.0,166.71,177.0,238.94,36.0,202.56,70.33000000000001,266.0,72.0,6.2972851293246315,167.39,237.72,338,194.0,48.0,0.57
07:35:52,171.1,110.0,235.19,43.0,167.54,164.0,236.85,47.0,203.14,64.09,274.0,90.0,6.498513676219518,171.1,235.19,364,184.0,26.0,0.51
07:35:53,174.0,26.0,234.15,65.0,172.02,110.0,236.0,13.0,204.08,60.150000000000006,136.0,78.0,0.6372754506564329,174.0,234.15,214,58.0,-150.0,0.27
07:35:54,174.0,26.0,233.38,65.0,173.0,104.0,236.0,13.0,203.69,59.379999999999995,130.0,78.0,0.5882006460463118,174.0,233.38,208,52.0,-6.0,0.25
07:35:55,174.0,28.0,220.06,54.0,173.0,112.0,226.4,45.0,197.03,46.06,140.0,99.0,2.8916517771004093,174.0,220.06,239,41.0,31.0,0.17
07:35:56,174.0,26.0,213.77,53.0,173.0,104.0,215.6,25.0,193.89,39.77000000000001,130.0,78.0,4.6261571525409995,174.0,213.77000000000004,208,52.0,-31.0,0.25
07:35:57,174.0,50.0,205.72,67.0,173.0,120.0,209.19,43.0,189.86,31.72,170.0,110.0,6.184953516397967,174.0,205.72,280,60.0,72.0,0.21
07:35:58,174.0,70.0,192.85,26.0,173.0,80.0,194.88,34.0,183.42,18.849999999999994,150.0,60.0,7.603858888748494,174.0,192.84999999999997,210,90.0,-70.0,0.43
07:35:59,174.0,41.0,192.0,40.0,173.0,64.0,194.0,8.0,183.0,18.0,105.0,48.0,6.230991092915747,174.0,192.0,153,57.0,-57.0,0.37
07:36:00,171.58,62.0,188.81,52.0,172.46,48.0,191.0,20.0,180.19,17.22999999999999,110.0,72.0,5.624461752024992,171.58,188.81,182,38.0,29.0,0.21
07:36:01,167.0,201.0,187.04,52.0,166.0,39.0,187.98,47.0,177.02,20.039999999999992,240.0,99.0,4.754904836060203,167.0,187.04,339,141.0,157.0,0.42
07:36:02,167.0,123.0,184.17,24.0,166.0,59.0,185.39,33.0,175.58,17.169999999999987,182.0,57.0,3.5008741765430313,167.0,184.17,239,125.0,-100.0,0.52
07:36:03,167.53,118.0,180.2,35.0,166.07,162.0,180.37,68.0,173.87,12.669999999999987,280.0,103.0,3.6621946971705452,167.53,180.2,383,177.0,144.0,0.46
07:36:05,173.43,42.0,187.94,34.0,166.76,71.0,299.07,14.0,180.68,14.509999999999991,113.0,48.0,2.5103127295185663,173.43,187.94,161,65.0,-43.0,0.4
07:36:06,167.0,60.0,352.77,26.0,166.0,170.0,423.62,24.0,259.88,185.76999999999998,230.0,50.0,37.292446286077826,167.0,352.77000000000004,280,180.0,119.0,0.64
07:36:07,167.0,72.0,228.82,39.0,166.0,171.0,241.3,27.0,197.91,61.81999999999999,243.0,66.0,35.94975980448276,167.0,228.82,309,177.0,29.0,0.57
07:36:08,167.0,72.0,212.32,25.0,166.0,160.0,224.42,33.0,189.66,45.31999999999999,232.0,58.0,33.96223240601253,167.0,212.32,290,174.0,-19.0,0.6
07:36:09,167.0,60.0,208.14,28.0,166.0,142.0,213.64,22.0,187.57,41.139999999999986,202.0,50.0,32.30854144030662,167.0,208.14000000000001,252,152.0,-38.0,0.6
07:36:10,167.0,93.0,207.32,38.0,166.0,272.0,208.17,47.0,187.16,40.31999999999999,365.0,85.0,31.296477916852105,167.0,207.32,450,280.0,180.0,0.62
07:36:11,168.17,48.0,205.6,25.0,167.0,36.0,206.57,35.0,186.88,37.43000000000001,84.0,60.0,4.6436548105987,168.17,205.6,144,24.0,-180.0,0.17
07:36:12,170.35,34.0,202.62,32.0,167.29,42.0,205.16,43.0,186.49,32.27000000000001,76.0,75.0,1.2426866057031831,170.35,202.62,151,1.0,7.0,0.01
07:36:13,166.0,118.0,200.38,16.0,164.0,16.0,202.0,24.0,183.19,34.379999999999995,134.0,40.0,1.7598494253750192,166.0,200.38,174,94.0,23.0,0.54
07:36:14,166.51,103.0,197.54,39.0,165.82,132.0,198.34,41.0,182.03,31.03,235.0,80.0,2.3666748826130886,166.51,197.54,315,155.0,141.0,0.49
07:36:15,171.0,34.0,195.49,35.0,166.0,148.0,196.91,33.0,183.24,24.49000000000001,182.0,68.0,2.1759664519451856,171.0,195.49,250,114.0,-65.0,0.46
07:36:16,171.64,28.0,189.04,56.0,168.92,73.0,192.0,40.0,180.34,17.400000000000006,101.0,96.0,2.2513040665333683,171.64000000000001,189.04,197,5.0,-53.0,0.03
07:36:17,174.0,16.0,188.0,23.0,173.0,8.0,188.86,28.0,181.0,14.0,24.0,51.0,1.2944303766478287,174.0,188.0,75,-27.0,-122.0,-0.36
07:36:18,174.0,26.0,183.79,28.0,173.0,13.0,185.09,46.0,178.89,9.789999999999992,39.0,74.0,1.651983656089815,174.0,183.79,113,-35.0,38.0,-0.31
07:36:19,173.92,24.0,180.19,42.0,172.47,15.0,180.95,38.0,177.05,6.27000000000001,39.0,80.0,2.3180660042343275,173.92,180.19,119,-41.0,6.0,-0.34
07:36:20,173.0,13.0,176.89,36.0,171.0,26.0,178.24,42.0,174.94,3.8899999999999864,39.0,78.0,2.4773029689533903,173.0,176.89,117,-39.0,-2.0,-0.33
07:36:21,171.32,19.0,174.23,43.0,168.71,42.0,175.45,44.0,172.77,2.9099999999999966,61.0,87.0,3.228258044206471,171.32,174.23,148,-26.0,31.0,-0.18
07:36:22,169.0,11.0,171.77,26.0,167.0,55.0,173.22,36.0,170.38,2.7700000000000102,66.0,62.0,3.3714729718598857,169.0,171.77,128,4.0,-20.0,0.03
07:36:23,167.0,51.0,169.36,25.0,166.0,72.0,324.03,37.0,168.18,2.3600000000000136,123.0,62.0,3.5267307807627835,167.0,169.36,185,61.0,57.0,0.33
07:36:24,166.03,62.0,168.17,23.0,149.56,54.0,280.6,15.0,167.1,2.1399999999999864,116.0,38.0,3.2276895761485065,166.03,168.17,154,78.0,-31.0,0.51
07:36:25,166.49,43.0,181.75,12.0,153.78,63.0,444.33,18.0,174.12,15.259999999999991,106.0,30.0,2.9670524093749333,166.49,181.75,136,76.0,-18.0,0.56
07:36:26,167.0,24.0,180.62,8.0,166.0,32.0,392.12,8.0,173.81,13.620000000000005,56.0,16.0,3.192948480633191,167.0,180.62,72,40.0,-64.0,0.56
07:36:27,167.0,30.0,177.64,14.0,166.0,40.0,202.62,42.0,172.32,10.639999999999986,70.0,56.0,3.258800392779249,167.0,177.64000000000001,126,14.0,54.0,0.11
07:36:28,167.0,33.0,175.83,23.0,166.0,44.0,333.94,51.0,171.41,8.830000000000013,77.0,74.0,2.8250433624953177,167.0,175.83,151,3.0,25.0,0.02
07:36:29,164.95,43.0,175.0,12.0,154.44,50.0,345.0,60.0,169.98,10.050000000000011,93.0,72.0,1.7148964983285273,164.95,175.0,165,21.0,14.0,0.13
07:36:30,158.0,48.0,163.94,16.0,68.17,30.0,300.85,20.0,160.97,5.939999999999998,78.0,36.0,5.073753048777276,158.0,163.94,114,42.0,-51.0,0.37
07:36:31,137.75,51.0,164.0,31.0,100.8,55.0,285.97,30.0,150.87,26.25,106.0,61.0,9.155711332276258,137.75,164.0,167,45.0,53.0,0.27
07:36:32,160.59,51.0,163.74,19.0,150.58,26.0,202.5,16.0,162.16,3.1500000000000057,77.0,35.0,8.236830094154538,160.59,163.74,112,42.0,-55.0,0.38
07:36:33,160.92,50.0,162.0,50.0,90.11,38.0,164.0,20.0,161.46,1.0800000000000125,88.0,70.0,6.796629311649111,160.92,162.0,158,18.0,46.0,0.11
07:36:34,162.08,39.0,195.5,20.0,160.31,13.0,230.04,45.0,178.79,33.41999999999999,52.0,65.0,10.044234664720335,162.08,195.5,117,-13.0,-41.0,-0.11
07:36:35,171.5,30.0,191.07,15.0,166.62,26.0,195.42,24.0,181.28,19.569999999999993,56.0,39.0,12.817740440497845,171.5,191.07,95,17.0,-22.0,0.18
07:36:36,146.33,39.0,188.17,24.0,131.42,24.0,190.0,12.0,167.25,41.839999999999975,63.0,36.0,9.304373702725904,146.33,188.17,99,27.0,4.0,0.27
07:36:37,127.43,14.0,184.57,7.0,61.7,20.0,189.2,5.0,156.0,57.139999999999986,34.0,12.0,10.90351915667488,127.42999999999999,184.57,46,22.0,-53.0,0.48
07:36:38,158.76,68.0,187.95,21.0,135.43,67.0,189.67,12.0,173.36,29.189999999999998,135.0,33.0,10.129537501780554,158.76,187.95,168,102.0,122.0,0.61
07:36:39,156.56,72.0,186.0,10.0,122.19,21.0,187.0,17.0,171.28,29.439999999999998,93.0,27.0,9.268105523783007,156.56,186.0,120,66.0,-48.0,0.55
07:36:40,155.0,56.0,182.44,9.0,126.0,7.0,183.33,12.0,168.72,27.439999999999998,63.0,21.0,6.750379248603325,155.0,182.44,84,42.0,-36.0,0.5
07:36:41,156.25,24.0,180.2,15.0,152.21,61.0,182.33,21.0,168.22,23.94999999999999,85.0,36.0,6.761721674246479,156.25,180.2,121,49.0,37.0,0.4
07:36:42,158.07,28.0,167.57,46.0,122.8,20.0,178.4,20.0,162.82,9.5,48.0,66.0,3.969105692719217,158.07,167.57,114,-18.0,-7.0,-0.16
07:36:43,158.7,33.0,161.75,73.0,104.95,42.0,165.08,52.0,160.23,3.0500000000000114,75.0,125.0,4.563110781032303,158.7,161.75,200,-50.0,86.0,-0.25
07:36:44,134.75,12.0,160.74,19.0,86.0,36.0,161.75,32.0,147.74,25.99000000000001,48.0,51.0,8.514239836883153,134.75,160.74,99,-3.0,-101.0,-0.03
07:36:50,138.67,36.0,238.76,41.0,137.51,35.0,213.37,43.0,188.71,100.09,71.0,84.0,23.034084527064547,138.67,238.76,155,-13.0,66.0,-0.08
07:36:51,141.24,33.0,164.0,36.0,140.33,36.0,206.0,60.0,152.62,22.75999999999999,69.0,96.0,22.486330291978668,141.24,164.0,165,-27.0,10.0,-0.16
07:36:52,144.44,32.0,164.0,27.0,142.27,22.0,264.67,45.0,154.22,19.560000000000002,54.0,72.0,20.036614734030355,144.44,164.0,126,-18.0,-39.0,-0.14
07:36:53,145.18,44.0,165.51,37.0,143.94,34.0,313.3,27.0,155.35,20.329999999999984,78.0,64.0,17.473856758024727,145.18,165.51,142,14.0,16.0,0.1
07:36:57,154.21,38.0,171.48,42.0,95.8,49.0,254.55,42.0,162.84,17.269999999999982,87.0,84.0,4.1605588566877545,154.21,171.48,171,3.0,-11.0,0.02
07:36:58,159.62,42.0,224.55,22.0,140.29,35.0,258.47,15.0,192.08,64.93,77.0,37.0,16.71572702576742,159.62,224.55,114,40.0,-57.0,0.35
07:36:59,166.53,60.0,235.0,24.0,164.46,35.0,328.3,27.0,200.77,68.47,95.0,51.0,22.073977212998614,166.53,235.0,146,44.0,32.0,0.3
07:37:00,168.18,44.0,238.19,21.0,165.0,48.0,292.7,33.0,203.19,70.00999999999999,92.0,54.0,22.282597918555027,168.18,238.19,146,38.0,0.0,0.26
07:37:01,172.62,37.0,209.43,47.0,169.68,88.0,236.4,42.0,191.02,36.81,125.0,89.0,16.07015401295211,172.62,209.43,214,36.0,68.0,0.17
07:37:02,174.0,45.0,205.75,63.0,170.91,132.0,207.93,43.0,189.87,31.75,177.0,106.0,6.130002446982125,174.0,205.75,283,71.0,69.0,0.25
07:37:03,174.0,22.0,204.83,60.0,169.0,72.0,206.73,37.0,189.42,30.830000000000013,94.0,97.0,6.587034993075892,174.0,204.83,191,-3.0,-92.0,-0.02
07:37:04,174.0,15.0,204.78,45.0,169.0,54.0,207.0,18.0,189.39,30.78,69.0,63.0,5.968908610458343,174.0,204.78,132,6.0,-59.0,0.05
07:37:05,174.0,20.0,200.65,48.0,169.0,72.0,203.0,36.0,187.32,26.650000000000006,92.0,84.0,1.3390407013979082,174.0,200.65,176,8.0,44.0,0.05
07:37:06,169.44,75.0,196.04,49.0,167.37,98.0,198.57,46.0,182.74,26.599999999999994,173.0,95.0,2.968917311074572,169.44,196.04,268,78.0,92.0,0.29
07:37:07,171.0,69.0,192.32,63.0,169.0,90.0,196.5,38.0,181.66,21.319999999999993,159.0,101.0,3.685712956809891,171.0,192.32,260,58.0,-8.0,0.22
07:37:08,171.0,60.0,188.25,67.0,169.0,90.0,189.96,23.0,179.63,17.25,150.0,90.0,4.0658664513230125,171.0,188.25,240,60.0,-20.0,0.25
07:37:09,171.0,48.0,185.48,44.0,169.0,72.0,187.0,28.0,178.24,14.47999999999999,120.0,72.0,3.488784888753009,171.0,185.48,192,48.0,-48.0,0.25
07:37:10,171.0,44.0,182.52,27.0,169.0,84.0,183.73,30.0,176.76,11.52000000000001,128.0,57.0,2.439627020671163,171.0,182.52,185,71.0,-7.0,0.38
07:37:11,171.0,21.0,180.35,20.0,169.0,42.0,181.8,10.0,175.68,9.349999999999994,63.0,30.0,2.3587030334459658,171.0,180.35,93,33.0,-92.0,0.35
07:37:12,171.0,48.0,178.08,60.0,169.0,96.0,178.64,36.0,174.54,7.0800000000000125,144.0,96.0,2.0187619968648174,171.0,178.08,240,48.0,147.0,0.2
07:37:13,171.0,33.0,174.73,30.0,169.14,28.0,177.42,45.0,172.87,3.7299999999999898,61.0,75.0,2.055266406085618,171.0,174.73,136,-14.0,-104.0,-0.1
07:37:14,171.0,26.0,172.61,41.0,170.0,26.0,173.64,44.0,171.8,1.6100000000000136,52.0,85.0,2.0189105973228614,171.0,172.61,137,-33.0,1.0,-0.24
07:37:15,170.5,16.0,172.86,28.0,169.0,16.0,347.83,24.0,171.68,2.3600000000000136,32.0,52.0,1.7507369876658632,170.5,172.85999999999999,84,-20.0,-53.0,-0.24
07:37:16,170.0,24.0,173.35,40.0,168.0,24.0,216.83,53.0,171.68,3.3499999999999943,48.0,93.0,1.238176077938983,170.0,173.35,141,-45.0,57.0,-0.32
07:37:17,167.46,37.0,169.54,39.0,166.73,82.0,187.97,40.0,168.5,2.079999999999984,119.0,79.0,1.6464750225797427,167.46,169.54,198,40.0,57.0,0.2
07:37:18,167.0,38.0,169.0,18.0,166.0,54.0,265.84,19.0,168.0,2.0,92.0,37.0,1.9094292340848307,167.0,169.0,129,55.0,-69.0,0.43
07:37:19,167.0,20.0,168.0,10.0,166.0,30.0,280.0,6.0,167.5,1.0,50.0,16.0,2.046391946811926,167.0,168.0,66,34.0,-63.0,0.52
07:37:20,167.0,20.0,342.71,17.0,166.0,60.0,482.33,24.0,254.85,175.70999999999998,80.0,41.0,38.463712509324914,167.0,342.71,121,39.0,55.0,0.32
07:37:22,167.41,17.0,301.2,20.0,163.78,32.0,526.73,22.0,234.31,133.79,49.0,42.0,79.84623378719915,167.41,301.2,91,7.0,-64.0,0.08
07:37:23,169.0,80.0,216.4,10.0,168.0,10.0,250.0,14.0,192.7,47.400000000000006,90.0,24.0,75.1104789626592,169.0,216.4,114,66.0,23.0,0.58
07:37:24,168.5,32.0,214.03,31.0,166.05,84.0,272.0,22.0,191.27,45.53,116.0,53.0,69.75888280355467,168.5,214.03,169,63.0,55.0,0.37
07:37:25,168.0,18.0,213.44,45.0,166.0,108.0,348.25,16.0,190.72,45.44,126.0,61.0,73.73554414256436,168.0,213.44,187,65.0,18.0,0.35
07:37:26,168.0,26.0,211.23,65.0,166.0,52.0,328.58,19.0,189.62,43.22999999999999,78.0,84.0,19.365955437313563,168.0,211.23,162,-6.0,-25.0,-0.04
07:37:27,167.27,30.0,201.6,65.0,162.56,45.0,259.57,37.0,184.43,34.329999999999984,75.0,102.0,3.173053734181286,167.27,201.6,177,-27.0,15.0,-0.15
07:37:28,167.7,20.0,208.5,50.0,166.0,30.0,232.3,10.0,188.1,40.80000000000001,50.0,60.0,2.7405601617188853,167.7,208.5,110,-10.0,-67.0,-0.09
07:37:29,169.0,22.0,206.67,43.0,166.0,33.0,209.57,35.0,187.84,37.66999999999999,55.0,78.0,2.382355976759087,169.0,206.67,133,-23.0,23.0,-0.17
07:37:30,169.62,24.0,202.22,69.0,166.0,45.0,204.18,51.0,185.92,32.599999999999994,69.0,120.0,2.0239614620833337,169.62,202.22,189,-51.0,56.0,-0.27
07:37:31,167.36,11.0,202.0,55.0,152.99,82.0,203.0,33.0,184.68,34.639999999999986,93.0,88.0,1.7190927839989303,167.36,202.0,181,5.0,-8.0,0.03
07:37:32,166.4,10.0,200.78,45.0,151.12,129.0,203.0,27.0,183.59,34.379999999999995,139.0,72.0,1.9588976491886883,166.4,200.78,211,67.0,30.0,0.32
07:37:33,172.17,36.0,195.73,41.0,167.6,15.0,200.71,35.0,183.95,23.560000000000002,51.0,76.0,1.7257549072785165,172.17,195.73,127,-25.0,-84.0,-0.2
07:37:34,168.29,42.0,197.47,59.0,166.8,25.0,199.17,69.0,182.88,29.180000000000007,67.0,128.0,1.158201191501079,168.29,197.47,195,-61.0,68.0,-0.31
07:37:35,169.47,34.0,196.0,35.0,168.5,48.0,197.0,21.0,182.74,26.53,82.0,56.0,0.7971637222011763,169.47,196.0,138,26.0,-57.0,0.19
07:37:36,169.74,47.0,195.45,44.0,168.77,78.0,196.23,52.0,182.6,25.70999999999998,125.0,96.0,0.586745259881199,169.74,195.45,221,29.0,83.0,0.13
07:37:37,170.42,57.0,192.07,75.0,168.08,148.0,193.23,77.0,181.24,21.650000000000006,205.0,152.0,0.9664988360015742,170.42,192.07,357,53.0,136.0,0.15
07:37:38,171.63,57.0,175.7,61.0,168.0,152.0,178.0,83.0,173.67,4.069999999999993,209.0,144.0,3.9436379144122355,171.63,175.7,353,65.0,-4.0,0.18
07:37:39,172.0,33.0,174.92,48.0,168.0,66.0,194.52,54.0,173.46,2.9199999999999875,99.0,102.0,4.762690416139506,172.0,174.92,201,-3.0,-152.0,-0.01
07:37:40,173.27,55.0,189.87,75.0,168.54,93.0,283.07,69.0,181.57,16.599999999999994,148.0,144.0,4.540723510629857,173.27,189.87,292,4.0,91.0,0.01
07:37:45,174.5,60.0,186.37,38.0,173.38,48.0,187.44,32.0,180.43,11.870000000000005,108.0,70.0,2.114395894811025,174.5,186.37,178,38.0,34.0,0.21
07:37:46,174.01,81.0,185.0,27.0,172.15,26.0,186.0,36.0,179.51,10.990000000000009,107.0,63.0,2.3965871567694075,174.01,185.0,170,44.0,-8.0,0.26
07:37:47,174.0,70.0,183.77,26.0,171.0,18.0,185.35,23.0,178.88,9.77000000000001,88.0,49.0,2.264475656744949,174.0,183.77,137,39.0,-33.0,0.28
07:37:48,174.0,108.0,182.37,43.0,171.0,52.0,183.5,48.0,178.19,8.370000000000005,160.0,91.0,1.7959760577437751,174.0,182.37,251,69.0,114.0,0.27
07:37:49,173.29,68.0,181.29,51.0,170.82,44.0,182.43,47.0,177.29,8.0,112.0,98.0,1.2043255373807498,173.29,181.29,210,14.0,-41.0,0.07
07:37:50,174.88,33.0,180.92,48.0,171.37,27.0,182.0,36.0,177.9,6.039999999999992,60.0,84.0,0.8628615184296732,174.88,180.92,144,-24.0,-66.0,-0.17
07:37:52,173.0,10.0,348.29,28.0,171.0,40.0,353.36,22.0,260.64,175.29000000000002,50.0,50.0,37.131460649966456,173.0,348.29,100,0.0,-48.0,0.0
07:37:53,172.75,8.0,265.4,20.0,170.21,38.0,292.1,20.0,219.07,92.64999999999998,46.0,40.0,37.21943269315128,172.75,265.4,86,6.0,-14.0,0.07
07:37:54,168.0,84.0,261.0,42.0,166.46,26.0,264.14,42.0,214.5,93.0,110.0,84.0,34.5697649688283,168.0,261.0,194,26.0,108.0,0.13
07:37:55,173.22,46.0,260.1,30.0,167.32,44.0,290.71,42.0,216.66,86.88000000000002,90.0,72.0,29.606400828199956,173.22,260.1,162,18.0,-32.0,0.11
07:37:56,174.0,32.0,202.0,24.0,168.0,16.0,234.29,28.0,188.0,28.0,48.0,52.0,26.065421155240177,174.0,202.0,100,-4.0,-62.0,-0.04
07:37:57,174.0,20.0,200.78,27.0,168.0,18.0,257.0,45.0,187.39,26.78,38.0,72.0,15.993793483724376,174.0,200.78,110,-34.0,10.0,-0.31
07:37:58,174.0,18.0,199.2,15.0,168.0,18.0,227.08,25.0,186.6,25.19999999999999,36.0,40.0,15.499945161193846,174.0,199.2,76,-4.0,-34.0,-0.05
07:37:59,174.0,16.0,197.25,24.0,168.0,16.0,199.0,8.0,185.62,23.25,32.0,32.0,13.337780175126952,174.0,197.25,64,0.0,-12.0,0.0
07:38:00,174.0,24.0,193.83,18.0,168.0,24.0,195.9,30.0,183.92,19.830000000000013,48.0,48.0,1.6042693040764238,174.0,193.83,96,0.0,32.0,0.0
07:38:01,174.0,20.0,188.3,30.0,168.0,20.0,190.55,22.0,181.15,14.300000000000011,40.0,52.0,2.481175124814908,174.0,188.3,92,-12.0,-4.0,-0.13
07:38:02,174.0,28.0,185.88,16.0,168.48,31.0,187.15,40.0,179.94,11.879999999999995,59.0,56.0,2.8487857062261925,174.0,185.88,115,3.0,23.0,0.03
07:38:03,172.75,24.0,181.94,18.0,170.69,39.0,183.92,13.0,177.35,9.189999999999998,63.0,31.0,3.262028509991399,172.75,181.94,94,32.0,-21.0,0.34
07:38:04,171.0,55.0,182.0,11.0,168.0,20.0,183.0,22.0,176.5,11.0,75.0,33.0,2.987686395857962,171.0,182.0,108,42.0,14.0,0.39
07:38:05,171.0,55.0,179.38,45.0,168.0,55.0,180.67,27.0,175.19,8.379999999999995,110.0,72.0,2.46228146238257,171.0,179.38,182,38.0,74.0,0.21
07:38:06,171.0,75.0,177.62,64.0,168.0,75.0,178.6,35.0,174.31,6.6200000000000045,150.0,99.0,2.1762054130966835,171.0,177.62,249,51.0,67.0,0.2
07:38:07,171.0,40.0,174.62,40.0,168.0,40.0,176.0,16.0,172.81,3.6200000000000045,80.0,56.0,1.7896703607060633,171.0,174.62,136,24.0,-113.0,0.18
07:38:08,171.0,76.0,174.0,65.0,168.0,56.0,176.0,26.0,172.5,3.0,132.0,91.0,1.6647131885068824,171.0,174.0,223,41.0,87.0,0.18
07:38:09,171.0,84.0,173.23,47.0,168.76,51.0,174.31,65.0,172.12,2.2299999999999898,135.0,112.0,1.3064953118889557,171.0,173.23,247,23.0,24.0,0.09
07:38:10,170.0,24.0,173.43,42.0,167.76,55.0,185.08,13.0,171.71,3.430000000000007,79.0,55.0,0.995012562728265,170.0,173.43,134,24.0,-113.0,0.18
07:38:11,168.0,48.0,179.27,56.0,167.0,204.0,271.5,32.0,173.63,11.27000000000001,252.0,88.0,0.7291981897858199,168.0,179.27,340,164.0,180.0,0.48
07:38:12,167.96,53.0,214.71,56.0,166.94,95.0,324.0,60.0,191.34,46.75,148.0,116.0,8.460245268311725,167.96,214.71,264,32.0,-76.0,0.12
07:38:13,175.0,63.0,194.32,65.0,167.0,120.0,339.53,49.0,184.66,19.319999999999993,183.0,114.0,8.84805458843884,175.0,194.32,297,69.0,33.0,0.23
07:38:21,174.09,69.0,186.0,36.0,172.78,46.0,207.0,45.0,180.04,11.909999999999997,115.0,81.0,1.3014146149468904,174.09,186.0,196,34.0,18.0,0.17
07:38:22,172.34,53.0,179.89,54.0,167.2,101.0,202.48,54.0,176.11,7.549999999999983,154.0,108.0,2.689624509108216,172.34,179.89,262,46.0,66.0,0.18
07:38:23,173.88,32.0,185.62,64.0,172.0,64.0,272.31,80.0,179.75,11.740000000000009,96.0,144.0,2.4245968737080714,173.88,185.62,240,-48.0,-22.0,-0.2
07:38:24,174.9,20.0,185.0,40.0,173.0,40.0,329.2,50.0,179.95,10.099999999999994,60.0,90.0,1.9876795516366206,174.9,185.0,150,-30.0,-90.0,-0.2
07:38:25,174.09,22.0,184.33,24.0,172.33,24.0,206.5,30.0,179.21,10.240000000000009,46.0,54.0,1.6539407486345532,174.09,184.33,100,-8.0,-50.0,-0.08
07:38:26,174.0,28.0,182.12,50.0,172.0,56.0,197.77,60.0,178.06,8.120000000000005,84.0,110.0,1.581733226556664,174.0,182.12,194,-26.0,94.0,-0.13
07:38:27,174.59,63.0,179.66,53.0,171.02,49.0,202.52,62.0,177.12,5.069999999999993,112.0,115.0,1.200154156762208,174.59,179.66,227,-3.0,33.0,-0.01
07:38:28,175.0,56.0,178.0,40.0,172.0,24.0,179.0,32.0,176.5,3.0,80.0,72.0,1.42771495754329,175.0,178.0,152,8.0,-75.0,0.05
07:38:29,175.0,112.0,177.84,77.0,170.48,63.0,178.78,67.0,176.42,2.8400000000000034,175.0,144.0,1.1769961767108705,175.0,177.84,319,31.0,167.0,0.1
07:38:30,175.0,84.0,176.62,52.0,172.0,36.0,177.71,56.0,175.81,1.6200000000000045,120.0,108.0,0.8518920119305936,175.0,176.62,228,12.0,-91.0,0.05
07:38:31,173.61,64.0,176.0,70.0,169.16,68.0,214.44,63.0,174.8,2.3899999999999864,132.0,133.0,0.8764131445787071,173.61,176.0,265,-1.0,37.0,-0.0
07:38:32,168.0,55.0,175.64,55.0,167.0,55.0,269.29,35.0,171.82,7.639999999999986,110.0,90.0,1.9397422509161002,168.0,175.64,200,20.0,-65.0,0.1
07:38:33,168.12,33.0,174.33,15.0,167.12,68.0,176.65,51.0,171.23,6.210000000000008,101.0,66.0,2.355659143422022,168.12,174.33,167,35.0,-33.0,0.21
07:38:34,168.56,18.0,171.76,17.0,167.24,66.0,183.45,44.0,170.16,3.1999999999999886,84.0,61.0,2.421183594853204,168.56,171.76,145,23.0,-22.0,0.16
07:38:35,167.27,37.0,169.94,34.0,166.19,114.0,249.92,13.0,168.61,2.6699999999999875,151.0,47.0,2.2944563626237366,167.27,169.94,198,104.0,53.0,0.53
07:38:36,163.33,61.0,232.56,16.0,144.18,57.0,449.8,25.0,197.95,69.22999999999999,118.0,41.0,12.356525806228458,163.33,232.56,159,77.0,-39.0,0.48
07:38:40,169.26,62.0,221.08,13.0,167.33,43.0,254.35,20.0,195.17,51.82000000000002,105.0,33.0,80.80002858910441,169.26,221.07999999999998,138,72.0,60.0,0.52
07:38:41,169.0,43.0,192.0,13.0,167.0,27.0,209.0,9.0,180.5,23.0,70.0,22.0,84.39978181251469,169.0,192.0,92,48.0,-46.0,0.52
07:38:42,169.91,66.0,190.36,36.0,168.4,30.0,190.33,36.0,180.14,20.450000000000017,96.0,72.0,65.44239948229317,169.91,190.36,168,24.0,76.0,0.14
07:38:43,171.27,88.0,186.75,16.0,168.4,40.0,189.89,72.0,179.01,15.47999999999999,128.0,88.0,12.944977018133622,171.27,186.75,216,40.0,48.0,0.19
07:38:44,170.26,38.0,183.71,38.0,168.14,28.0,184.04,26.0,176.99,13.450000000000017,66.0,64.0,7.289435506265221,170.26,183.71,130,2.0,-86.0,0.02
07:38:45,173.0,22.0,181.93,14.0,171.79,38.0,182.98,66.0,177.46,8.930000000000007,60.0,80.0,1.5651996677728106,173.0,181.93,140,-20.0,10.0,-0.14
07:38:46,169.0,14.0,178.42,36.0,168.0,58.0,179.11,27.0,173.71,9.419999999999987,72.0,63.0,2.4427586864024264,169.0,178.42,135,9.0,-5.0,0.07
07:38:47,168.06,48.0,173.54,41.0,148.5,60.0,174.0,26.0,170.8,5.47999999999999,108.0,67.0,3.3027155493612126,168.06,173.54,175,41.0,40.0,0.23
07:38:48,146.52,61.0,168.49,55.0,99.29,65.0,170.29,35.0,157.51,21.97,126.0,90.0,8.1630833635329,146.52,168.49,216,36.0,41.0,0.17
07:38:49,140.56,25.0,165.73,60.0,107.76,41.0,167.0,30.0,153.15,25.169999999999987,66.0,90.0,10.602298335737501,140.56,165.73,156,-24.0,-60.0,-0.15
07:38:50,138.75,12.0,163.58,19.0,125.24,46.0,163.76,33.0,151.16,24.830000000000013,58.0,52.0,10.342370617995488,138.75,163.58,110,6.0,-46.0,0.05
07:38:53,140.09,33.0,160.5,36.0,122.06,35.0,165.15,26.0,150.3,20.409999999999997,68.0,62.0,5.03371632096624,140.09,160.5,130,6.0,56.0,0.05
07:38:54,149.09,33.0,161.0,9.0,132.67,27.0,165.15,26.0,155.05,11.909999999999997,60.0,35.0,5.564377772937632,149.09,161.0,95,25.0,-35.0,0.26
07:38:55,154.67,45.0,166.45,22.0,121.02,51.0,253.45,31.0,160.56,11.780000000000001,96.0,53.0,7.85794502398461,154.67,166.45,149,43.0,54.0,0.29
07:38:56,155.67,27.0,167.0,9.0,129.22,27.0,243.0,27.0,161.33,11.330000000000013,54.0,36.0,8.177522240872756,155.66999999999996,167.0,90,18.0,-59.0,0.2
07:38:57,160.57,30.0,167.0,12.0,159.18,33.0,319.5,36.0,163.78,6.430000000000007,63.0,48.0,5.4505807030052935,160.57,167.0,111,15.0,21.0,0.14
07:38:58,165.43,42.0,328.0,33.0,164.48,65.0,451.45,33.0,246.71,162.57,107.0,66.0,38.82877966148299,165.43,328.0,173,41.0,62.0,0.24
07:38:59,170.2,35.0,282.0,36.0,168.83,36.0,345.5,36.0,226.1,111.80000000000001,71.0,72.0,41.47596569098796,170.2,282.0,143,-1.0,-30.0,-0.01
07:39:00,172.91,33.0,234.33,36.0,171.77,39.0,335.78,27.0,203.62,61.420000000000016,72.0,63.0,37.692577120701365,172.91,234.33000000000004,135,9.0,-8.0,0.07
07:39:01,174.77,13.0,233.0,24.0,173.5,20.0,541.17,18.0,203.88,58.22999999999999,33.0,42.0,30.87999222797878,174.77,233.0,75,-9.0,-60.0,-0.12
07:39:02,174.31,26.0,213.23,39.0,171.04,52.0,292.17,46.0,193.77,38.91999999999999,78.0,85.0,21.403484062181004,174.31,213.23,163,-7.0,88.0,-0.04
07:39:03,172.0,30.0,231.1,40.0,167.0,50.0,240.6,40.0,201.55,59.099999999999994,80.0,80.0,12.075915286222651,172.0,231.1,160,0.0,-3.0,0.0
07:39:04,172.0,21.0,225.77,26.0,167.0,28.0,233.43,28.0,198.88,53.77000000000001,49.0,54.0,4.184811823728711,172.0,225.77,103,-5.0,-57.0,-0.05
07:39:05,171.2,25.0,179.69,29.0,159.45,31.0,226.84,25.0,175.44,8.490000000000009,56.0,54.0,11.407012316992253,171.2,179.69,110,2.0,7.0,0.02
07:39:10,165.29,34.0,307.46,13.0,94.97,37.0,571.35,17.0,236.38,142.17,71.0,30.0,48.32513921345663,165.29,307.46,101,41.0,-7.0,0.41
07:39:11,170.87,120.0,306.96,46.0,168.67,24.0,409.55,44.0,238.91,136.08999999999997,144.0,90.0,60.49074739164648,170.87,306.96,234,54.0,133.0,0.23
07:39:12,170.0,12.0,293.14,21.0,168.0,6.0,316.29,21.0,231.57,123.13999999999999,18.0,42.0,55.68304742019793,170.0,293.14,60,-24.0,-174.0,-0.4
07:39:13,171.43,7.0,293.69,26.0,170.0,7.0,397.14,35.0,232.56,122.25999999999999,14.0,61.0,39.17762026974121,171.43,293.69,75,-47.0,15.0,-0.63
07:39:15,166.0,12.0,197.33,12.0,43.0,3.0,419.0,9.0,181.67,31.330000000000013,15.0,21.0,47.394319596340495,166.0,197.33,36,-6.0,-45.0,-0.17
07:39:16,172.67,36.0,291.09,22.0,146.58,19.0,411.31,26.0,231.88,118.41999999999999,55.0,48.0,47.52822077460993,172.67,291.09,103,7.0,67.0,0.07
07:39:20,170.5,20.0,330.96,46.0,167.16,37.0,477.81,53.0,250.73,160.45999999999998,57.0,99.0,21.36707116101993,170.5,330.96,156,-42.0,110.0,-0.27
07:39:21,171.75,60.0,273.0,48.0,170.67,72.0,308.0,60.0,222.38,101.25,132.0,108.0,24.935431217448137,171.75,273.0,240,24.0,84.0,0.1
07:39:22,171.35,37.0,271.25,48.0,170.62,37.0,297.07,56.0,221.3,99.9,74.0,104.0,26.959568431265232,171.35,271.25,178,-30.0,-62.0,-0.17
07:39:23,171.0,39.0,265.0,45.0,169.0,13.0,266.85,40.0,218.0,94.0,52.0,85.0,27.072133643288275,171.0,265.0,137,-33.0,-41.0,-0.24
07:39:24,171.0,36.0,231.31,45.0,169.0,12.0,235.1,48.0,201.16,60.31,48.0,93.0,17.84519487145048,171.0,231.31,141,-45.0,4.0,-0.32
07:39:25,170.82,33.0,191.12,42.0,167.2,25.0,191.85,47.0,180.97,20.30000000000001,58.0,89.0,17.73540019283543,170.82,191.12,147,-31.0,6.0,-0.21
07:39:26,168.12,17.0,186.47,15.0,165.55,73.0,187.8,41.0,177.29,18.349999999999994,90.0,56.0,20.350632176913255,168.12,186.47,146,34.0,-1.0,0.23
07:39:27,166.0,60.0,183.42,19.0,89.47,76.0,186.03,36.0,174.71,17.419999999999987,136.0,55.0,18.604484136895763,166.0,183.42,191,81.0,45.0,0.42
07:39:28,166.0,60.0,176.81,36.0,103.0,132.0,178.05,37.0,171.4,10.810000000000002,192.0,73.0,11.74583458082034,166.0,176.81,265,119.0,74.0,0.45
07:39:29,166.28,65.0,170.12,49.0,127.72,50.0,171.37,57.0,168.2,3.8400000000000034,115.0,106.0,4.9746386803452465,166.28,170.12000000000003,221,9.0,-44.0,0.04
07:39:35,129.0,6.0,164.33,18.0,69.0,6.0,247.76,25.0,146.67,35.33000000000001,12.0,43.0,13.682495021008636,129.0,164.33,55,-31.0,15.0,-0.56
07:39:36,154.0,24.0,307.78,45.0,144.12,25.0,461.96,46.0,230.89,153.77999999999997,49.0,91.0,48.68196863315979,154.0,307.78,140,-42.0,85.0,-0.3
07:39:37,168.38,32.0,335.29,35.0,165.64,66.0,436.07,30.0,251.83,166.91000000000003,98.0,65.0,63.20261640153821,168.38,335.29,163,33.0,23.0,0.2
07:39:38,167.64,84.0,334.64,50.0,161.0,66.0,361.4,40.0,251.14,167.0,150.0,90.0,62.02121830470615,167.64,334.64,240,60.0,77.0,0.25
07:39:39,172.08,98.0,296.96,53.0,168.31,71.0,317.63,41.0,234.52,124.87999999999997,169.0,94.0,43.71572771898054,172.08,296.96,263,75.0,23.0,0.29
07:39:40,174.0,165.0,206.85,53.0,170.0,44.0,208.24,49.0,190.42,32.849999999999994,209.0,102.0,24.978788001023048,174.0,206.85,311,107.0,48.0,0.34
07:39:41,174.0,139.0,204.45,44.0,171.14,42.0,205.23,52.0,189.23,30.44999999999999,181.0,96.0,31.451121919576156,174.0,204.45,277,85.0,-34.0,0.31
07:39:42,174.0,104.0,197.32,41.0,172.0,24.0,204.31,48.0,185.66,23.319999999999993,128.0,89.0,30.416881496958695,174.0,197.32,217,39.0,-60.0,0.18
07:39:43,174.0,72.0,199.26,19.0,171.38,26.0,200.73,30.0,186.63,25.25999999999999,98.0,49.0,20.899317452969928,174.0,199.26,147,49.0,-70.0,0.33
07:39:44,173.2,30.0,197.19,43.0,170.91,44.0,198.92,26.0,185.19,23.99000000000001,74.0,69.0,2.2896790168058923,173.2,197.19,143,5.0,-4.0,0.03
07:39:45,172.95,19.0,196.0,34.0,171.47,38.0,197.0,64.0,184.47,23.05000000000001,57.0,98.0,1.8482369977899886,172.95,196.0,155,-41.0,12.0,-0.26
07:39:48,172.0,9.0,186.19,32.0,171.0,36.0,186.85,27.0,179.09,14.189999999999998,45.0,59.0,2.494097030990607,172.0,186.19,104,-14.0,-39.0,-0.13
07:39:49,172.0,14.0,182.03,31.0,171.0,56.0,184.54,39.0,177.02,10.030000000000001,70.0,70.0,3.3630982739126654,172.0,182.03,140,0.0,36.0,0.0
07:39:50,173.59,17.0,178.93,56.0,171.0,68.0,179.62,47.0,176.26,5.340000000000003,85.0,103.0,3.569169371155218,173.59,178.93,188,-18.0,48.0,-0.1
07:39:51,171.86,28.0,175.22,41.0,170.62,52.0,176.33,45.0,173.54,3.359999999999985,80.0,86.0,3.3470912745233004,171.85999999999999,175.22,166,-6.0,-22.0,-0.04
07:39:52,171.0,44.0,173.18,55.0,170.0,44.0,260.65,23.0,172.09,2.180000000000007,88.0,78.0,2.7926600222704514,171.0,173.18,166,10.0,0.0,0.06
07:39:53,171.0,26.0,172.0,55.0,170.0,44.0,200.0,33.0,171.5,1.0,70.0,88.0,2.4649584174962955,171.0,172.0,158,-18.0,-8.0,-0.11
07:39:54,170.02,41.0,264.1,40.0,168.1,84.0,358.88,17.0,217.06,94.08000000000001,125.0,57.0,19.635047746313095,170.02,264.1,182,68.0,24.0,0.37
07:39:55,168.0,88.0,245.69,51.0,167.0,88.0,303.03,39.0,206.84,77.69,176.0,90.0,21.986852435034937,168.0,245.69,266,86.0,84.0,0.32
07:39:56,168.76,68.0,241.85,59.0,167.87,120.0,245.95,74.0,205.31,73.09,188.0,133.0,21.26778902472019,168.76,241.85,321,55.0,55.0,0.17
07:39:57,171.2,20.0,205.86,42.0,168.29,56.0,245.27,55.0,188.53,34.660000000000025,76.0,97.0,17.935165736619556,171.2,205.86,173,-21.0,-148.0,-0.12
07:39:58,169.09,46.0,241.79,43.0,167.19,53.0,245.93,54.0,205.44,72.69999999999999,99.0,97.0,10.24350184263268,169.09,241.79,196,2.0,23.0,0.01
07:39:59,168.0,78.0,241.69,52.0,167.0,104.0,246.0,65.0,204.85,73.69,182.0,117.0,7.674479135421284,168.0,241.69,299,65.0,103.0,0.22
07:40:00,168.12,68.0,241.0,48.0,167.13,92.0,246.0,60.0,204.56,72.88,160.0,108.0,7.391946293096029,168.12,241.0,268,52.0,-31.0,0.19
07:40:01,169.16,56.0,245.71,69.0,168.1,80.0,333.58,26.0,207.44,76.55000000000001,136.0,95.0,7.704052829518792,169.16,245.71000000000004,231,41.0,-37.0,0.18
07:40:02,169.51,47.0,243.56,25.0,168.07,58.0,256.24,55.0,206.54,74.05000000000001,105.0,80.0,1.2042757159471018,169.51,243.56,185,25.0,-46.0,0.14
07:40:03,170.8,90.0,197.26,31.0,169.0,15.0,233.17,71.0,184.03,26.45999999999998,105.0,102.0,9.829431824882644,170.8,197.26,207,3.0,22.0,0.01
07:40:04,171.0,60.0,185.67,42.0,169.0,10.0,187.68,38.0,178.33,14.669999999999987,70.0,80.0,13.879720818518313,171.0,185.67,150,-10.0,-57.0,-0.07
07:40:05,172.03,68.0,181.75,80.0,170.65,51.0,187.42,76.0,176.89,9.719999999999999,119.0,156.0,15.160314310726076,172.03,181.75,275,-37.0,125.0,-0.13
07:40:06,173.0,60.0,177.5,90.0,170.85,78.0,188.11,66.0,175.25,4.5,138.0,156.0,12.914136440350948,173.0,177.5,294,-18.0,19.0,-0.06
07:40:07,171.0,70.0,175.0,70.0,169.0,14.0,208.33,30.0,173.0,4.0,84.0,100.0,4.153745297920254,171.0,175.0,184,-16.0,-110.0,-0.09
07:40:08,171.0,39.0,172.67,52.0,169.0,12.0,174.0,60.0,171.84,1.6699999999999875,51.0,112.0,2.6781467472848743,171.0,172.67000000000002,163,-61.0,-21.0,-0.37
07:40:09,169.92,13.0,172.0,39.0,168.46,13.0,247.79,61.0,170.96,2.0800000000000125,26.0,100.0,2.44811560184385,169.92000000000002,172.0,126,-74.0,-37.0,-0.59
07:40:10,168.44,18.0,170.2,41.0,167.29,35.0,178.66,32.0,169.32,1.759999999999991,53.0,73.0,2.226247964623434,168.44,170.2,126,-20.0,0.0,-0.16
07:40:11,167.4,25.0,179.75,28.0,166.29,85.0,350.96,50.0,173.57,12.349999999999994,110.0,78.0,1.6890293070250975,167.4,179.75,188,32.0,62.0,0.17
07:40:12,167.0,33.0,180.55,33.0,166.0,132.0,317.02,56.0,173.77,13.550000000000011,165.0,89.0,1.85937355041687,167.0,180.55,254,76.0,66.0,0.3
07:40:13,167.0,27.0,180.0,27.0,166.0,108.0,296.78,45.0,173.5,13.0,135.0,72.0,1.9912885275595182,167.0,180.0,207,63.0,-47.0,0.3
07:40:14,166.06,53.0,179.56,27.0,164.4,20.0,310.8,25.0,172.81,13.5,73.0,52.0,1.8656178601178002,166.06,179.56,125,21.0,-82.0,0.17
07:40:15,166.0,42.0,179.0,21.0,162.0,7.0,356.0,35.0,172.5,13.0,49.0,56.0,0.5452980836122064,166.0,179.0,105,-7.0,-20.0,-0.07
07:40:16,166.92,78.0,179.0,39.0,164.57,28.0,306.1,41.0,172.96,12.080000000000013,106.0,80.0,0.517754768197291,166.92,179.0,186,26.0,81.0,0.14
07:40:17,172.59,68.0,178.82,33.0,167.1,58.0,547.87,23.0,175.7,6.22999999999999,126.0,56.0,1.2852548385403455,172.59,178.82,182,70.0,-4.0,0.38
07:40:18,174.0,102.0,176.29,28.0,169.33,36.0,207.89,38.0,175.14,2.289999999999992,138.0,66.0,1.481458740563387,174.0,176.29,204,72.0,22.0,0.35
07:40:19,167.07,41.0,175.9,20.0,164.28,61.0,501.29,21.0,171.49,8.830000000000013,102.0,41.0,1.7919598209757375,167.07,175.9,143,61.0,-61.0,0.43
07:40:20,166.79,38.0,175.17,36.0,158.55,110.0,252.09,46.0,170.98,8.379999999999995,148.0,82.0,2.1159584116875085,166.79,175.17,230,66.0,87.0,0.29
07:40:21,166.55,29.0,172.27,11.0,165.07,57.0,173.04,25.0,169.41,5.719999999999999,86.0,36.0,2.742194376770264,166.55,172.27,122,50.0,-108.0,0.41
07:40:22,166.0,48.0,170.98,53.0,162.0,96.0,171.89,18.0,168.49,4.97999999999999,144.0,71.0,2.5571605346534376,166.0,170.97999999999996,215,73.0,93.0,0.34
07:40:23,166.77,39.0,169.15,53.0,163.47,76.0,170.47,30.0,167.96,2.3799999999999955,115.0,83.0,1.5339915253963075,166.77,169.15,198,32.0,-17.0,0.16
07:40:24,166.4,20.0,169.57,14.0,163.33,48.0,218.88,16.0,167.99,3.1699999999999875,68.0,30.0,1.2693029583149216,166.4,169.57,98,38.0,-100.0,0.39
07:40:25,166.0,32.0,170.0,8.0,162.0,64.0,171.0,8.0,168.0,4.0,96.0,16.0,0.6215705913140099,166.0,170.0,112,80.0,14.0,0.71
07:40:26,166.0,36.0,167.5,10.0,162.0,80.0,306.44,18.0,166.75,1.5,116.0,28.0,0.6467379685668067,166.0,167.5,144,88.0,32.0,0.61
07:40:27,166.0,26.0,344.0,12.0,158.42,31.0,519.16,32.0,255.0,178.0,57.0,44.0,39.056581391617,166.0,344.0,101,13.0,-43.0,0.13
07:40:29,169.9,60.0,370.0,36.0,168.27,66.0,373.0,18.0,269.95,200.1,126.0,54.0,81.27331314767513,169.9,370.0,180,72.0,37.0,0.4
07:40:30,172.4,60.0,187.0,37.0,170.8,80.0,372.45,22.0,179.7,14.599999999999994,140.0,59.0,78.6532855639233,172.4,187.0,199,81.0,19.0,0.41
07:40:31,173.9,58.0,187.0,48.0,171.0,96.0,357.6,20.0,180.45,13.099999999999994,154.0,68.0,75.34314653636434,173.9,187.0,222,86.0,23.0,0.39
07:40:32,174.0,27.0,186.53,15.0,171.0,72.0,210.07,27.0,180.27,12.530000000000001,99.0,42.0,81.14023169796876,174.0,186.53,141,57.0,-81.0,0.4
07:40:33,174.0,13.0,186.0,6.0,171.0,48.0,500.5,8.0,180.0,12.0,61.0,14.0,40.180905042072155,174.0,186.0,75,47.0,-66.0,0.63
07:40:34,174.0,16.0,186.0,8.0,171.0,64.0,566.48,21.0,180.0,12.0,80.0,29.0,0.2872803508807303,174.0,186.0,109,51.0,34.0,0.47
07:40:35,174.0,28.0,185.02,41.0,171.0,112.0,219.47,15.0,179.51,11.02000000000001,140.0,56.0,0.3552886150752878,174.0,185.02,196,84.0,87.0,0.43
07:40:36,174.0,14.0,182.86,28.0,171.0,56.0,186.0,7.0,178.43,8.860000000000014,70.0,35.0,0.7309377538489178,174.0,182.85999999999999,105,35.0,-91.0,0.33
07:40:37,171.26,46.0,180.82,45.0,170.23,26.0,181.92,24.0,176.04,9.560000000000002,72.0,69.0,1.668721067165169,171.26,180.82,141,3.0,36.0,0.02
07:40:38,171.0,42.0,176.98,47.0,169.0,14.0,178.23,35.0,173.99,5.97999999999999,56.0,82.0,2.5279695409556706,171.0,176.98,138,-26.0,-3.0,-0.19
07:40:39,170.26,68.0,175.13,45.0,167.22,64.0,176.38,78.0,172.7,4.8700000000000045,132.0,123.0,2.8751921674904035,170.26,175.13,255,9.0,117.0,0.04
07:40:40,169.87,23.0,173.15,33.0,166.77,90.0,176.22,27.0,171.51,3.280000000000001,113.0,60.0,2.7500418178632393,169.87,173.15,173,53.0,-82.0,0.31
07:40:41,167.0,11.0,169.34,38.0,166.0,319.0,171.94,17.0,168.17,2.3400000000000034,330.0,55.0,2.937647017596649,167.0,169.34,385,275.0,180.0,0.71
07:40:42,166.01,176.0,168.0,11.0,165.29,76.0,354.86,14.0,167.01,1.990000000000009,252.0,25.0,2.978855484912414,166.01,168.0,277,227.0,-108.0,0.82
07:40:43,166.0,341.0,167.54,13.0,163.0,39.0,280.17,35.0,166.77,1.539999999999992,380.0,48.0,2.708453433232947,166.0,167.54,428,332.0,151.0,0.78
07:40:44,166.0,250.0,202.3,20.0,163.0,33.0,252.51,41.0,184.15,36.30000000000001,283.0,61.0,7.3082501325552425,166.0,202.3,344,222.0,-84.0,0.65
07:40:45,166.15,156.0,219.35,23.0,164.65,40.0,308.14,28.0,192.75,53.19999999999999,196.0,51.0,11.97959097799245,166.15,219.35,247,145.0,-97.0,0.59
07:40:46,168.4,240.0,200.62,24.0,166.0,220.0,238.1,49.0,184.51,32.22,460.0,73.0,11.611103306749165,168.4,200.62,533,387.0,180.0,0.73
07:40:47,173.87,158.0,325.42,24.0,169.89,284.0,439.4,35.0,249.65,151.55,442.0,59.0,31.68114076228978,173.87,325.42,501,383.0,-32.0,0.76
07:40:54,173.87,106.0,183.56,16.0,171.4,120.0,185.0,32.0,178.72,9.689999999999998,226.0,48.0,37.529288295943275,173.87,183.56,274,178.0,3.0,0.65
07:40:55,174.0,273.0,180.44,18.0,173.0,26.0,182.38,21.0,177.22,6.439999999999998,299.0,39.0,6.292465335622206,174.0,180.44,338,260.0,64.0,0.77
07:40:56,174.0,186.0,175.85,26.0,173.0,20.0,177.64,25.0,174.92,1.8499999999999943,206.0,51.0,2.6658732152905107,174.0,175.84999999999997,257,155.0,-81.0,0.6
07:40:57,174.0,102.0,276.17,18.0,173.0,20.0,381.09,22.0,225.08,102.17000000000002,122.0,40.0,21.222914031772643,174.0,276.17,162,82.0,-95.0,0.51
07:41:00,174.0,51.0,434.4,20.0,173.0,16.0,506.8,20.0,304.2,260.4,67.0,40.0,69.20961782873893,174.0,434.4,107,27.0,-75.0,0.25
07:41:01,174.0,96.0,354.38,32.0,173.0,22.0,582.12,26.0,264.19,180.38,118.0,58.0,45.06653503432581,174.0,354.38,176,60.0,69.0,0.34
07:41:02,174.0,88.0,339.58,19.0,173.0,18.0,469.44,16.0,256.79,165.57999999999998,106.0,35.0,34.61400626914085,174.0,339.58,141,71.0,-35.0,0.5
07:41:03,174.0,28.0,288.58,19.0,173.0,14.0,324.25,16.0,231.29,114.57999999999998,42.0,35.0,39.069617735525654,174.0,288.58,77,7.0,-64.0,0.09
07:41:04,174.0,22.0,287.5,18.0,173.0,12.0,308.43,14.0,230.75,113.5,34.0,32.0,30.119184583917253,174.0,287.5,66,2.0,-11.0,0.03
07:41:05,173.0,24.0,242.46,35.0,171.0,324.0,264.74,38.0,207.73,69.46000000000001,348.0,73.0,22.6535162833512,173.0,242.46,421,275.0,180.0,0.65
07:41:06,173.0,30.0,210.93,15.0,171.0,405.0,234.06,33.0,191.97,37.93000000000001,435.0,48.0,24.81981224747766,173.0,210.93,483,387.0,62.0,0.8
07:41:07,173.0,18.0,209.89,9.0,171.0,234.0,279.61,23.0,191.44,36.889999999999986,252.0,32.0,19.726324543614986,173.0,209.89,284,220.0,-180.0,0.77
07:41:08,173.5,32.0,209.0,16.0,171.05,296.0,325.53,45.0,191.25,35.5,328.0,61.0,17.21264418966528,173.5,209.0,389,267.0,105.0,0.69
07:41:09,172.2,45.0,207.72,25.0,171.46,26.0,237.05,20.0,189.96,35.52000000000001,71.0,45.0,7.449278488552307,172.2,207.72,116,26.0,-180.0,0.22
07:41:10,171.22,103.0,206.63,41.0,170.56,210.0,206.93,29.0,188.93,35.41,313.0,70.0,1.2392538077422637,171.22,206.63,383,243.0,180.0,0.63
07:41:14,171.05,207.0,196.59,17.0,168.21,57.0,197.5,24.0,183.82,25.539999999999992,264.0,41.0,2.333831613463216,171.05000000000004,196.59,305,223.0,180.0,0.73
07:41:15,171.0,255.0,193.9,31.0,168.0,75.0,195.77,26.0,182.45,22.900000000000006,330.0,57.0,3.225518562959881,171.0,193.9,387,273.0,82.0,0.71
07:41:16,170.73,208.0,190.94,36.0,167.96,68.0,191.24,59.0,180.84,20.210000000000008,276.0,95.0,3.520336631630093,170.73,190.94,371,181.0,-16.0,0.49
07:41:17,168.0,26.0,188.38,65.0,167.0,13.0,191.82,51.0,178.19,20.379999999999995,39.0,116.0,3.657858663206408,168.0,188.38,155,-77.0,-180.0,-0.5
07:41:18,168.0,26.0,184.25,48.0,167.0,13.0,184.94,50.0,176.12,16.25,39.0,98.0,3.131601826540413,168.0,184.25,137,-59.0,-18.0,-0.43
07:41:19,168.0,16.0,181.0,27.0,167.0,8.0,181.78,32.0,174.5,13.0,24.0,59.0,3.271337646894456,168.0,181.0,83,-35.0,-54.0,-0.42
07:41:20,166.06,136.0,175.68,41.0,161.08,13.0,176.5,42.0,170.87,9.620000000000005,149.0,83.0,3.7665939520986575,166.06,175.68,232,66.0,149.0,0.28
07:41:21,166.0,195.0,169.8,61.0,129.09,44.0,170.49,65.0,167.9,3.8000000000000114,239.0,126.0,4.127230306147592,166.0,169.8,365,113.0,133.0,0.31
07:41:22,152.31,39.0,169.37,38.0,132.68,34.0,282.46,41.0,160.84,17.060000000000002,73.0,79.0,6.057357509671948,152.31,169.37,152,-6.0,-180.0,-0.04
07:41:23,147.74,76.0,169.75,60.0,112.56,43.0,313.0,44.0,158.74,22.00999999999999,119.0,104.0,6.6574319373144935,147.74,169.75,223,15.0,71.0,0.07
07:41:24,168.0,65.0,170.45,56.0,166.0,15.0,339.05,20.0,169.22,2.4499999999999886,80.0,76.0,5.381624290116673,168.0,170.45,156,4.0,-67.0,0.03
07:41:25,168.0,37.0,251.46,13.0,166.0,26.0,381.31,26.0,209.73,83.46000000000001,63.0,39.0,20.85782539000609,168.0,251.46,102,24.0,-54.0,0.24
07:41:26,142.8,15.0,168.43,21.0,104.25,52.0,230.7,27.0,155.61,25.629999999999995,67.0,48.0,22.323858761423388,142.8,168.43,115,19.0,13.0,0.17
07:41:29,155.94,34.0,183.0,21.0,148.19,27.0,229.0,37.0,169.47,27.060000000000002,61.0,58.0,27.71218721068353,155.94,183.0,119,3.0,21.0,0.03
07:41:30,156.68,19.0,244.0,10.0,76.33,9.0,335.95,22.0,200.34,87.32,28.0,32.0,23.91290446599848,156.68,244.0,60,-4.0,-59.0,-0.07
07:41:31,167.0,24.0,285.82,11.0,93.67,9.0,323.0,10.0,226.41,118.82,33.0,21.0,36.56256282045868,167.0,285.82,54,12.0,-6.0,0.22
07:41:32,167.0,40.0,309.5,20.0,119.62,29.0,437.33,21.0,238.25,142.5,69.0,41.0,38.89337347158268,167.0,309.5,110,28.0,56.0,0.25
07:41:33,156.72,36.0,315.88,16.0,124.58,72.0,403.69,16.0,236.3,159.16,108.0,32.0,29.192287166305327,156.72,315.88,140,76.0,30.0,0.54
07:41:34,126.67,101.0,367.2,25.0,121.13,31.0,431.85,27.0,246.94,240.52999999999997,132.0,52.0,17.935302339242945,126.67,367.2,184,80.0,44.0,0.43
07:41:36,171.0,4.0,433.0,8.0,161.57,21.0,482.0,6.0,302.0,262.0,25.0,14.0,29.67417311400739,171.0,433.0,39,11.0,-158.0,0.28
07:41:37,171.0,7.0,322.14,14.0,161.49,65.0,439.43,21.0,246.57,151.14,72.0,35.0,29.056376752790104,171.0,322.14,107,37.0,68.0,0.35
07:41:38,171.0,13.0,262.44,25.0,146.79,125.0,395.54,24.0,216.72,91.44,138.0,49.0,32.776498745291214,171.0,262.44,187,89.0,80.0,0.48
07:41:39,165.24,21.0,381.96,25.0,158.51,70.0,539.13,23.0,273.6,216.71999999999997,91.0,48.0,34.66526142985342,165.24,381.96,139,43.0,-48.0,0.31
07:41:40,153.82,95.0,401.94,31.0,81.68,47.0,589.0,27.0,277.88,248.12,142.0,58.0,32.657047937621314,153.82,401.94,200,84.0,61.0,0.42
07:41:41,163.06,71.0,268.0,14.0,111.64,33.0,365.86,29.0,215.53,104.94,104.0,43.0,29.850211892046488,163.06,268.0,147,61.0,-53.0,0.41
07:41:42,171.64,176.0,215.87,67.0,168.83,180.0,306.64,44.0,193.75,44.23000000000002,356.0,111.0,37.88873882831229,171.64,215.87,467,245.0,180.0,0.52
07:41:43,174.0,285.0,209.85,52.0,168.0,65.0,227.23,56.0,191.92,35.849999999999994,350.0,108.0,42.32477914886329,174.0,209.84999999999997,458,242.0,-9.0,0.53
07:41:44,174.0,141.0,207.5,32.0,169.04,46.0,225.0,16.0,190.75,33.5,187.0,48.0,37.152190110409784,174.0,207.5,235,139.0,-180.0,0.59
07:41:45,174.08,96.0,207.0,32.0,171.53,68.0,367.84,37.0,190.54,32.91999999999999,164.0,69.0,10.715221416284747,174.08,207.0,233,95.0,-2.0,0.41
07:41:53,174.64,50.0,183.3,40.0,172.04,92.0,217.1,20.0,178.97,8.660000000000025,142.0,60.0,4.7734086353453105,174.64,183.3,202,82.0,-41.0,0.41
07:41:54,174.0,39.0,182.38,52.0,171.0,130.0,191.0,26.0,178.19,8.379999999999995,169.0,78.0,2.866815306221528,174.0,182.38,247,91.0,45.0,0.37
07:41:55,174.0,27.0,181.0,32.0,171.0,90.0,184.64,22.0,177.5,7.0,117.0,54.0,1.104975112834642,174.0,181.0,171,63.0,-76.0,0.37
07:41:56,174.0,19.0,178.43,14.0,171.0,70.0,180.0,28.0,176.21,4.430000000000007,89.0,42.0,1.4387251301005752,174.0,178.43,131,47.0,-40.0,0.36
07:41:57,174.0,18.0,177.44,18.0,171.46,78.0,180.0,36.0,175.72,3.4399999999999977,96.0,54.0,1.35128457401903,174.0,177.44,150,42.0,19.0,0.28
07:41:58,174.0,14.0,177.0,14.0,173.0,42.0,180.0,28.0,175.5,3.0,56.0,42.0,1.1695853966174876,174.0,177.0,98,14.0,-52.0,0.14
07:41:59,173.19,52.0,175.07,56.0,171.6,100.0,176.9,42.0,174.13,1.8799999999999955,152.0,98.0,1.2188806340162512,173.19,175.07,250,54.0,152.0,0.22
07:42:00,170.63,83.0,172.77,73.0,168.33,156.0,174.49,71.0,171.7,2.140000000000015,239.0,144.0,1.8216668191462424,170.63,172.77,383,95.0,133.0,0.25
07:42:01,167.58,90.0,171.33,60.0,166.72,169.0,255.4,47.0,169.46,3.75,259.0,107.0,2.6781934209419207,167.58,171.33,366,152.0,-17.0,0.42
07:42:02,167.0,117.0,182.5,28.0,166.0,161.0,212.42,12.0,174.75,15.5,278.0,40.0,2.4876032641834858,167.0,182.5,318,238.0,-48.0,0.75
07:42:03,167.0,25.0,180.56,27.0,166.0,67.0,242.27,33.0,173.78,13.560000000000002,92.0,60.0,2.1731842995880255,167.0,180.56,152,32.0,-166.0,0.21
07:42:04,166.29,42.0,178.36,42.0,165.35,139.0,246.0,26.0,172.32,12.070000000000022,181.0,68.0,2.035121617981454,166.29,178.36,249,113.0,97.0,0.45
07:42:05,169.35,68.0,177.5,30.0,164.98,88.0,229.6,10.0,173.43,8.150000000000006,156.0,40.0,2.0329953270915,169.35,177.5,196,116.0,-53.0,0.59
07:42:06,172.0,45.0,176.0,27.0,166.0,90.0,275.56,9.0,174.0,4.0,135.0,36.0,0.8897359158632547,172.0,176.0,171,99.0,-25.0,0.58
07:42:07,169.0,60.0,175.33,27.0,165.6,75.0,310.37,27.0,172.17,6.3300000000000125,135.0,54.0,0.843593503991337,169.0,175.33000000000004,189,81.0,18.0,0.43
07:42:08,166.0,100.0,173.0,30.0,164.0,50.0,176.0,30.0,169.5,7.0,150.0,60.0,1.7337041269995683,166.0,173.0,210,90.0,21.0,0.43
07:42:09,166.58,66.0,169.56,27.0,165.43,70.0,185.13,31.0,168.07,2.9799999999999898,136.0,58.0,2.5576805899045145,166.58,169.56,194,78.0,-16.0,0.4
07:42:10,166.08,51.0,167.9,20.0,165.4,35.0,286.11,45.0,166.99,1.8199999999999932,86.0,65.0,2.8998844804530894,166.08,167.9,151,21.0,-43.0,0.14
07:42:11,166.0,119.0,201.05,74.0,165.0,51.0,368.29,85.0,183.53,35.05000000000001,170.0,159.0,6.703567706824109,166.0,201.05,329,11.0,178.0,0.03
07:42:12,170.1,78.0,221.9,50.0,165.9,62.0,346.2,50.0,196.0,51.80000000000001,140.0,100.0,12.645851889057573,170.1,221.9,240,40.0,-89.0,0.17
07:42:13,171.33,92.0,249.93,70.0,167.65,121.0,321.5,70.0,210.63,78.6,213.0,140.0,18.648278204702738,171.33,249.93000000000004,353,73.0,113.0,0.21
07:42:14,171.0,21.0,295.14,35.0,166.0,91.0,419.43,35.0,233.07,124.13999999999999,112.0,70.0,25.32001737756132,171.0,295.14,182,42.0,-171.0,0.23
07:42:15,166.35,115.0,319.3,50.0,165.21,34.0,548.9,50.0,242.82,152.95000000000002,149.0,100.0,24.77354738425699,166.35,319.3,249,49.0,67.0,0.2
07:42:19,167.6,50.0,406.33,33.0,165.44,32.0,468.44,39.0,286.97,238.73,82.0,72.0,35.39922131912079,167.6,406.33,154,10.0,74.0,0.06
07:42:20,172.4,70.0,223.97,66.0,165.93,90.0,342.58,78.0,198.18,51.56999999999999,160.0,144.0,47.26074301151098,172.4,223.97,304,16.0,150.0,0.05
07:42:21,172.4,50.0,211.54,52.0,165.91,66.0,286.0,55.0,191.97,39.139999999999986,116.0,107.0,56.266739464803464,172.4,211.54,223,9.0,-81.0,0.04
07:42:22,166.78,18.0,229.14,56.0,165.5,42.0,231.71,56.0,197.96,62.359999999999985,60.0,112.0,42.4570610146303,166.78,229.14000000000001,172,-52.0,-51.0,-0.3
07:42:23,166.5,14.0,216.16,50.0,165.21,34.0,221.44,50.0,191.33,49.66,48.0,100.0,41.318419258243935,166.5,216.16,148,-52.0,-24.0,-0.35
07:42:24,167.67,45.0,195.8,60.0,165.68,19.0,197.0,68.0,181.73,28.130000000000024,64.0,128.0,6.696322124867928,167.67,195.8,192,-64.0,44.0,-0.33
07:42:25,168.81,48.0,192.75,64.0,165.83,72.0,193.94,64.0,180.78,23.939999999999998,120.0,128.0,7.325471315894382,168.81,192.75,248,-8.0,56.0,-0.03
07:42:26,169.5,36.0,186.75,48.0,166.42,60.0,187.75,48.0,178.12,17.25,96.0,96.0,8.352019516260004,169.5,186.75,192,0.0,-56.0,0.0
07:42:27,170.8,45.0,184.02,57.0,169.33,49.0,185.27,59.0,177.41,13.219999999999999,94.0,116.0,5.582412560890059,170.8,184.02,210,-22.0,18.0,-0.1
07:42:28,171.0,78.0,181.63,54.0,168.29,42.0,183.57,56.0,176.31,10.629999999999995,120.0,110.0,2.2953975690454134,171.0,181.63,230,10.0,20.0,0.04
07:42:29,171.0,42.0,179.0,44.0,168.0,33.0,180.0,33.0,175.0,8.0,75.0,77.0,2.168762319844682,171.0,179.0,152,-2.0,-78.0,-0.01
07:42:30,169.25,36.0,178.33,48.0,167.52,29.0,179.51,41.0,173.79,9.080000000000013,65.0,89.0,1.7594970872316102,169.25,178.33,154,-24.0,2.0,-0.16
07:42:31,167.95,41.0,176.86,56.0,166.81,32.0,178.71,56.0,172.4,8.910000000000025,73.0,112.0,1.9841043319279372,167.95,176.85999999999999,185,-39.0,31.0,-0.21
07:42:32,167.0,22.0,174.12,34.0,166.0,66.0,175.09,44.0,170.56,7.1200000000000045,88.0,78.0,2.2372460749711114,167.0,174.12,166,10.0,-19.0,0.06
07:42:33,166.84,19.0,171.5,40.0,157.65,46.0,172.82,34.0,169.17,4.659999999999997,65.0,74.0,2.3599427959109582,166.84,171.5,139,-9.0,-27.0,-0.06
07:42:34,168.0,11.0,169.86,42.0,166.0,44.0,170.82,44.0,168.93,1.8600000000000136,55.0,86.0,2.0956502570731184,168.0,169.86,141,-31.0,2.0,-0.22
07:42:35,167.2,46.0,169.43,37.0,140.18,99.0,172.32,50.0,168.31,2.230000000000018,145.0,87.0,1.6343286083188333,167.2,169.43,232,58.0,91.0,0.25
07:42:36,166.77,13.0,215.38,32.0,164.64,33.0,294.03,34.0,191.07,48.609999999999985,46.0,66.0,9.79617374284335,166.77,215.38,112,-20.0,-120.0,-0.18
07:42:37,166.0,21.0,215.0,28.0,141.0,35.0,270.86,14.0,190.5,49.0,56.0,42.0,12.0456290827826,166.0,215.0,98,14.0,-14.0,0.14
07:42:38,166.21,19.0,181.94,32.0,146.26,38.0,190.81,32.0,174.07,15.72999999999999,57.0,64.0,11.36905800847102,166.21,181.94,121,-7.0,23.0,-0.06
07:42:39,173.7,88.0,180.57,42.0,136.2,51.0,181.43,42.0,177.14,6.8700000000000045,139.0,84.0,10.155760434353546,173.7,180.57,223,55.0,102.0,0.25
07:42:42,174.17,46.0,175.71,34.0,169.29,14.0,196.71,41.0,174.94,1.5400000000000205,60.0,75.0,1.4150017667749881,174.17,175.71,135,-15.0,-31.0,-0.11
07:42:43,174.0,60.0,175.0,24.0,168.0,12.0,200.65,49.0,174.5,1.0,72.0,73.0,1.2749705878868012,174.0,175.0,145,-1.0,10.0,-0.01
07:42:44,172.91,22.0,328.2,30.0,167.43,21.0,388.32,44.0,250.55,155.29,43.0,74.0,33.441567995535024,172.91,328.2,117,-31.0,-28.0,-0.26
07:42:45,168.0,8.0,384.82,22.0,167.0,24.0,533.78,18.0,276.41,216.82,32.0,40.0,49.138793941243755,168.0,384.81999999999994,72,-8.0,-45.0,-0.11
07:42:46,168.0,7.0,183.0,14.0,167.0,21.0,558.0,21.0,175.5,15.0,28.0,35.0,49.32943391120573,168.0,183.0,63,-7.0,-9.0,-0.11
07:42:47,168.0,8.0,183.0,16.0,167.0,24.0,433.7,30.0,175.5,15.0,32.0,46.0,49.229387260050416,168.0,183.0,78,-14.0,15.0,-0.18
07:42:48,154.26,23.0,308.21,48.0,146.79,57.0,420.73,41.0,231.23,153.95,80.0,89.0,45.23580517687317,154.26,308.21,169,-9.0,91.0,-0.05
07:42:50,166.0,72.0,178.69,39.0,121.68,59.0,479.84,43.0,172.35,12.689999999999998,131.0,82.0,33.92348257475934,166.0,178.69,213,49.0,111.0,0.23
07:42:51,150.5,20.0,178.0,21.0,117.73,33.0,179.0,21.0,164.25,27.5,53.0,42.0,36.176842316598034,150.5,178.0,95,11.0,-118.0,0.12
07:42:53,130.0,24.0,166.0,10.0,114.86,28.0,341.69,26.0,148.0,36.0,52.0,36.0,41.60462053666602,130.0,166.0,88,16.0,-74.0,0.18
07:42:54,130.2,15.0,166.0,16.0,111.0,15.0,230.75,16.0,148.1,35.80000000000001,30.0,32.0,15.534790954497987,130.2,166.0,62,-2.0,-26.0,-0.03
07:42:55,131.64,28.0,312.83,35.0,67.54,37.0,511.0,35.0,222.24,181.19,65.0,70.0,34.931667867423144,131.64,312.83,135,-5.0,73.0,-0.04
07:42:56,167.0,10.0,273.0,30.0,73.41,34.0,461.7,37.0,220.0,106.0,44.0,67.0,43.307123201616314,167.0,273.0,111,-23.0,-24.0,-0.21
07:42:57,145.21,19.0,393.0,28.0,136.79,29.0,475.08,36.0,269.11,247.79,48.0,64.0,52.57689416464233,145.21,393.0,112,-16.0,1.0,-0.14
07:42:58,136.7,23.0,300.95,38.0,89.89,27.0,423.15,39.0,218.82,164.25,50.0,77.0,43.28213696203105,136.7,300.95,127,-27.0,15.0,-0.21
07:43:00,152.75,72.0,180.23,39.0,151.25,72.0,345.36,33.0,166.49,27.47999999999999,144.0,72.0,46.402951738009136,152.75,180.23,216,72.0,103.0,0.33
07:43:01,155.58,57.0,374.23,35.0,153.56,75.0,423.0,42.0,264.9,218.65,132.0,77.0,53.647503483386934,155.58,374.23,209,55.0,-7.0,0.26
07:43:02,155.36,74.0,271.39,41.0,81.89,54.0,381.52,33.0,213.38,116.02999999999997,128.0,74.0,44.51746589822922,155.36,271.39,202,54.0,-7.0,0.27
07:43:03,162.91,88.0,239.61,83.0,147.21,57.0,350.07,30.0,201.26,76.70000000000002,145.0,113.0,43.69251800938003,162.91,239.61,258,32.0,56.0,0.12
07:43:04,174.0,56.0,337.75,20.0,172.0,24.0,436.52,23.0,255.88,163.75,80.0,43.0,40.49995950615281,174.0,337.75,123,37.0,-135.0,0.3
07:43:05,174.0,32.0,233.14,35.0,173.0,44.0,355.82,33.0,203.57,59.139999999999986,76.0,68.0,30.266719676899665,174.0,233.14,144,8.0,21.0,0.06
07:43:06,174.0,22.0,224.0,33.0,173.0,44.0,229.61,41.0,199.0,50.0,66.0,74.0,23.709184296386354,174.0,224.0,140,-8.0,-4.0,-0.06
07:43:07,174.0,18.0,223.44,27.0,172.54,39.0,230.44,27.0,198.72,49.44,57.0,54.0,24.782717365131905,174.0,223.44,111,3.0,-29.0,0.03
07:43:08,174.0,14.0,220.97,29.0,173.0,35.0,222.43,21.0,197.48,46.97,49.0,50.0,25.233824521859738,174.0,220.97,99,-1.0,-12.0,-0.01
07:43:09,174.0,20.0,219.0,42.0,173.0,50.0,220.42,36.0,196.5,45.0,70.0,78.0,2.716114872386348,174.0,219.0,148,-8.0,49.0,-0.05
07:43:10,174.0,18.0,215.42,36.0,173.0,50.0,216.2,44.0,194.71,41.41999999999999,68.0,80.0,1.7525181882070608,174.0,215.42,148,-12.0,0.0,-0.08
07:43:11,173.73,11.0,212.65,37.0,172.86,43.0,214.31,35.0,193.19,38.920000000000016,54.0,72.0,2.19812420031158,173.73,212.65,126,-18.0,-22.0,-0.14
07:43:12,173.0,27.0,210.69,39.0,171.0,27.0,212.09,33.0,191.85,37.69,54.0,72.0,2.3108721297367576,173.0,210.69,126,-18.0,0.0,-0.14
07:43:13,175.0,18.0,208.62,24.0,172.5,24.0,211.0,40.0,191.81,33.620000000000005,42.0,64.0,2.0047493608910365,175.0,208.62,106,-22.0,-20.0,-0.21
07:43:17,172.88,16.0,198.91,33.0,168.38,78.0,200.0,55.0,185.89,26.03,94.0,88.0,2.3613703648494027,172.88,198.91,182,6.0,13.0,0.03
07:43:18,171.0,14.0,197.71,21.0,167.0,84.0,199.61,31.0,184.36,26.710000000000008,98.0,52.0,2.6029829042826313,171.0,197.70999999999998,150,46.0,-32.0,0.31
07:43:19,167.21,114.0,195.23,52.0,166.57,63.0,196.33,36.0,181.22,28.019999999999982,177.0,88.0,3.112519879452316,167.21,195.23,265,89.0,115.0,0.34
07:43:20,167.16,129.0,191.72,47.0,163.28,92.0,192.57,53.0,179.44,24.560000000000002,221.0,100.0,3.4635992839796192,167.16,191.72,321,121.0,56.0,0.38
07:43:21,168.0,78.0,185.2,45.0,167.0,143.0,186.12,43.0,176.6,17.19999999999999,221.0,88.0,3.734423650308322,168.0,185.2,309,133.0,-12.0,0.43
07:43:22,168.0,134.0,179.11,54.0,167.0,198.0,180.28,54.0,173.56,11.110000000000014,332.0,108.0,4.1592884006738355,168.0,179.11,440,224.0,131.0,0.51
07:43:23,168.44,72.0,173.6,40.0,167.28,76.0,174.44,54.0,171.02,5.159999999999997,148.0,94.0,4.168899135260692,168.44,173.6,242,54.0,-180.0,0.22
07:43:24,168.53,45.0,171.0,39.0,167.92,37.0,172.1,41.0,169.77,2.469999999999999,82.0,80.0,3.977753134619483,168.53,171.0,162,2.0,-80.0,0.01
07:43:25,168.0,27.0,169.17,18.0,167.0,6.0,171.0,18.0,168.58,1.1699999999999875,33.0,36.0,3.2085479581849716,168.0,169.17,69,-3.0,-93.0,-0.04
07:43:26,166.22,81.0,168.44,27.0,120.17,108.0,225.43,21.0,167.33,2.219999999999999,189.0,48.0,2.3926282619686465,166.22,168.44,237,141.0,168.0,0.59
07:43:27,166.0,177.0,167.75,28.0,86.6,77.0,206.81,27.0,166.88,1.75,254.0,55.0,1.712433940322887,166.0,167.75,309,199.0,72.0,0.64
07:43:28,166.0,147.0,378.2,20.0,106.73,22.0,672.47,15.0,272.1,212.2,169.0,35.0,46.506019717881586,166.0,378.2,204,134.0,-105.0,0.66
07:43:29,166.67,60.0,401.22,18.0,150.88,34.0,511.22,9.0,283.94,234.55000000000004,94.0,27.0,60.62924113000271,166.67,401.22,121,67.0,-83.0,0.55
07:43:30,171.0,42.0,248.62,21.0,167.18,130.0,314.62,21.0,209.81,77.62,172.0,42.0,55.90713791637004,171.0,248.62000000000003,214,130.0,93.0,0.61
07:43:31,171.0,36.0,210.08,25.0,168.0,108.0,210.47,30.0,190.54,39.08000000000001,144.0,55.0,51.20521731230154,171.0,210.08,199,89.0,-15.0,0.45
07:43:32,171.0,27.0,207.06,17.0,168.0,81.0,208.67,12.0,189.03,36.06,108.0,29.0,45.609776693161194,171.0,207.06,137,79.0,-62.0,0.58
07:43:33,172.28,60.0,202.82,17.0,168.75,72.0,206.32,19.0,187.55,30.539999999999992,132.0,36.0,41.12773796356922,172.28,202.82,168,96.0,31.0,0.57
07:43:34,173.08,91.0,179.52,21.0,171.33,43.0,188.44,18.0,176.3,6.439999999999998,134.0,39.0,12.096223790918858,173.08,179.52,173,95.0,5.0,0.55
07:43:35,174.0,69.0,177.42,31.0,173.0,84.0,178.16,19.0,175.71,3.4199999999999875,153.0,50.0,7.220417577951059,174.0,177.42,203,103.0,30.0,0.51
07:43:36,173.0,44.0,174.5,16.0,171.0,24.0,175.69,26.0,173.75,1.5,68.0,42.0,7.221580159492884,173.0,174.5,110,26.0,-93.0,0.24
07:43:37,168.17,75.0,175.37,19.0,166.49,203.0,370.42,36.0,171.77,7.200000000000017,278.0,55.0,6.151640431622906,168.17,175.37,333,223.0,180.0,0.67
07:43:38,167.0,72.0,287.08,13.0,166.0,180.0,392.56,27.0,227.04,120.07999999999998,252.0,40.0,23.616276802239287,167.0,287.08,292,212.0,-41.0,0.73
07:43:39,167.03,66.0,354.33,27.0,166.05,168.0,422.0,26.0,260.68,187.29999999999998,234.0,53.0,40.2281089538149,167.03,354.33,287,181.0,-5.0,0.63
07:43:40,167.08,26.0,417.0,12.0,166.12,68.0,443.0,12.0,292.04,249.92,94.0,24.0,52.98953981683581,167.07999999999998,417.0,118,70.0,-169.0,0.59
07:43:41,167.26,78.0,336.03,38.0,166.26,216.0,422.1,40.0,251.64,168.76999999999998,294.0,78.0,44.97943507871173,167.26,336.03,372,216.0,180.0,0.58
07:43:42,171.95,80.0,213.56,32.0,168.23,140.0,315.14,22.0,192.76,41.610000000000014,220.0,54.0,37.26309058572636,171.95,213.56,274,166.0,-98.0,0.61
07:43:43,174.8,50.0,212.78,18.0,169.62,64.0,352.0,10.0,193.79,37.97999999999999,114.0,28.0,43.65137363245332,174.8,212.78,142,86.0,-132.0,0.61
07:43:44,169.67,36.0,211.27,22.0,166.94,102.0,236.0,19.0,190.47,41.60000000000002,138.0,41.0,45.842545195484355,169.67,211.27,179,97.0,37.0,0.54
07:43:45,169.24,50.0,209.75,16.0,166.09,132.0,211.25,16.0,189.5,40.50999999999999,182.0,32.0,26.89230875176027,169.24,209.75,214,150.0,35.0,0.7
07:43:46,168.93,87.0,208.29,28.0,166.08,232.0,209.29,28.0,188.61,39.359999999999985,319.0,56.0,2.1863965788457107,168.93,208.29,375,263.0,161.0,0.7
07:43:47,167.55,102.0,206.25,32.0,166.17,206.0,207.25,32.0,186.9,38.69999999999999,308.0,64.0,2.562738769361198,167.55,206.25,372,244.0,-3.0,0.66
07:43:48,169.0,56.0,202.75,16.0,167.0,48.0,204.5,16.0,185.88,33.75,104.0,32.0,1.8746653034569103,169.0,202.75,136,72.0,-180.0,0.53
07:43:49,170.71,97.0,201.15,26.0,167.67,54.0,203.0,26.0,185.93,30.439999999999998,151.0,52.0,1.62703103842064,170.70999999999998,201.15000000000003,203,99.0,67.0,0.49
07:43:50,171.0,147.0,199.09,22.0,170.0,22.0,203.0,22.0,185.05,28.090000000000003,169.0,44.0,1.3620315708467063,171.0,199.09000000000003,213,125.0,10.0,0.59
