Time,Bid1_Price,Bid1_Volume,Ask1_Price,Ask1_Volume,Bid2_Price,Bid2_Volume,Ask2_Price,Ask2_Volume,Mid-Price,Bid_Ask_Spread,Market_Depth_Bid,Market_Depth_Ask,Historical_Volatility,Weighted_Avg_Bid_Price,Weighted_Avg_Ask_Price,Total_volume,Cumulative_Volume_Difference,Total_Volume_Change_Corrected,Order_imbalance
07:30:06,285.94,77.0,372.0,16.0,227.64,59.0,384.0,8.0,328.97,86.06,136.0,24.0,53.10085102896188,285.94,372.0,160,112.0,118.0,0.7
07:30:07,299.78,102.0,372.0,20.0,293.44,108.0,384.0,10.0,335.89,72.22000000000003,210.0,30.0,66.9670999820061,299.78,372.0,240,180.0,80.0,0.75
07:30:08,300.0,40.0,372.0,8.0,299.0,44.0,381.0,6.0,336.0,72.0,84.0,14.0,69.79185181666983,300.0,372.0,98,70.0,-142.0,0.71
07:30:09,300.0,90.0,336.0,24.0,299.0,99.0,364.83,24.0,318.0,36.0,189.0,48.0,56.0909335811056,300.0,336.0,237,141.0,139.0,0.59
07:30:10,300.0,60.0,329.0,12.0,299.0,66.0,347.25,24.0,314.5,29.0,126.0,36.0,10.007810449843639,300.0,329.0,162,90.0,-75.0,0.56
07:30:11,301.1,21.0,322.25,32.0,299.91,121.0,345.45,29.0,311.67,21.149999999999977,142.0,61.0,11.83792929527794,301.1,322.25,203,81.0,41.0,0.4
07:30:12,303.0,12.0,319.92,48.0,300.0,120.0,323.0,24.0,311.46,16.920000000000016,132.0,72.0,10.229358728678967,303.0,319.92,204,60.0,1.0,0.29
07:30:13,304.67,15.0,317.86,28.0,300.3,54.0,319.38,26.0,311.26,13.189999999999998,69.0,54.0,2.902743529835431,304.67,317.86,123,15.0,-81.0,0.12
07:30:14,305.0,7.0,316.71,28.0,304.0,7.0,318.0,14.0,310.86,11.70999999999998,14.0,42.0,1.4564683312731677,305.0,316.71,56,-28.0,-67.0,-0.5
07:30:15,300.26,106.0,314.06,67.0,299.3,134.0,314.94,53.0,307.16,13.800000000000011,240.0,120.0,1.8809359372402208,300.26,314.06,360,120.0,176.0,0.33
07:30:16,300.0,90.0,310.5,40.0,299.0,99.0,311.61,41.0,305.25,10.5,189.0,81.0,2.8227150050973737,300.0,310.5,270,108.0,-90.0,0.4
07:30:17,300.0,140.0,309.82,67.0,299.0,154.0,310.75,59.0,304.91,9.819999999999993,294.0,126.0,3.0232714069368587,300.0,309.82,420,168.0,150.0,0.4
07:30:18,300.0,100.0,309.0,40.0,299.0,110.0,310.0,50.0,304.5,9.0,210.0,90.0,2.623419524209226,300.0,309.0,300,120.0,-120.0,0.4
07:30:19,300.0,130.0,307.11,54.0,299.0,143.0,308.11,36.0,303.56,7.110000000000014,273.0,90.0,1.3257941016621981,300.0,307.11000000000007,363,183.0,63.0,0.5
07:30:20,300.0,120.0,304.31,83.0,299.0,209.0,305.29,82.0,302.16,4.310000000000002,329.0,165.0,1.2440779718338608,300.0,304.31,494,164.0,131.0,0.33
07:30:21,299.02,91.0,300.18,66.0,298.26,43.0,304.05,62.0,299.6,1.160000000000025,134.0,128.0,2.148413368046819,299.02,300.18,262,6.0,-176.0,0.02
07:30:22,298.0,7.0,299.14,21.0,297.0,35.0,312.53,17.0,298.57,1.1399999999999864,42.0,38.0,2.5355315024669642,298.0,299.14,80,4.0,-176.0,0.05
07:30:23,297.32,22.0,299.0,30.0,296.92,38.0,312.0,20.0,298.16,1.6800000000000068,60.0,50.0,2.349957446423777,297.32,299.0,110,10.0,30.0,0.09
07:30:24,296.98,80.0,312.1,29.0,284.67,24.0,313.07,42.0,304.54,15.120000000000005,104.0,71.0,2.694045285440192,296.98,312.1,175,33.0,65.0,0.19
07:30:25,297.0,72.0,311.0,61.0,296.0,9.0,313.16,19.0,304.0,14.0,81.0,80.0,3.060176465500381,297.0,311.0,161,1.0,-14.0,0.01
07:30:26,297.0,40.0,311.0,45.0,296.0,5.0,312.25,8.0,304.0,14.0,45.0,53.0,3.1959161440817274,297.0,311.0,98,-8.0,-63.0,-0.08
07:30:27,297.0,128.0,310.4,67.0,285.71,28.0,311.13,75.0,303.7,13.399999999999977,156.0,142.0,2.655899094469129,297.0,310.4,298,14.0,176.0,0.05
07:30:28,297.0,96.0,308.67,24.0,280.35,46.0,311.0,52.0,302.83,11.670000000000016,142.0,76.0,0.6279968152799585,297.0,308.67,218,66.0,-80.0,0.3
07:30:29,297.0,72.0,308.0,18.0,296.0,27.0,311.0,49.0,302.5,11.0,99.0,67.0,0.6972660898120897,297.0,308.0,166,32.0,-52.0,0.19
07:30:30,297.32,76.0,306.36,22.0,296.5,48.0,308.73,22.0,301.84,9.04000000000002,124.0,44.0,0.8819183635699547,297.32,306.36,168,80.0,2.0,0.48
07:30:31,299.0,56.0,304.52,29.0,297.0,112.0,307.11,36.0,301.76,5.519999999999982,168.0,65.0,0.7950974783018624,299.0,304.52,233,103.0,65.0,0.44
07:30:32,297.24,68.0,303.17,24.0,296.57,56.0,305.0,36.0,300.2,5.930000000000007,124.0,60.0,1.0137455302008063,297.24,303.17,184,64.0,-49.0,0.35
07:30:33,297.0,99.0,302.71,31.0,296.0,42.0,304.69,39.0,299.85,5.7099999999999795,141.0,70.0,1.1435908359208828,297.0,302.71,211,71.0,27.0,0.34
07:30:34,297.22,135.0,300.11,54.0,296.44,80.0,301.2,50.0,298.67,2.8899999999999864,215.0,104.0,1.345187719243054,297.22,300.11,319,111.0,108.0,0.35
07:30:35,297.05,115.0,298.62,40.0,296.12,58.0,299.82,44.0,297.84,1.5699999999999932,173.0,84.0,1.5025079034742121,297.05,298.62,257,89.0,-62.0,0.35
07:30:36,297.93,45.0,300.0,45.0,296.8,45.0,308.0,60.0,298.97,2.069999999999993,90.0,105.0,0.9436259852306612,297.93,300.0,195,-15.0,-62.0,-0.08
07:30:37,298.55,42.0,303.4,47.0,296.8,40.0,308.56,50.0,300.98,4.849999999999966,82.0,97.0,1.1994873905141865,298.55,303.4,179,-15.0,-16.0,-0.08
07:30:38,299.71,24.0,308.0,48.0,298.94,52.0,309.58,33.0,303.85,8.29000000000002,76.0,81.0,2.4113834203631845,299.71,308.0,157,-5.0,-22.0,-0.03
07:30:39,299.18,44.0,308.0,48.0,297.96,46.0,309.0,24.0,303.59,8.819999999999993,90.0,72.0,2.689187609669931,299.18,308.0,162,18.0,5.0,0.11
07:30:40,299.0,25.0,308.0,32.0,297.0,24.0,309.0,16.0,303.5,9.0,49.0,48.0,2.1367896480472917,299.0,308.0,97,1.0,-65.0,0.01
07:30:41,303.8,10.0,308.0,20.0,298.45,11.0,309.0,10.0,305.9,4.199999999999989,21.0,30.0,1.747893017321676,303.8,308.0,51,-9.0,-46.0,-0.18
07:30:42,305.0,24.0,308.0,48.0,299.85,13.0,309.0,24.0,306.5,3.0,37.0,72.0,1.4203415082302202,305.0,308.0,109,-35.0,58.0,-0.32
07:30:43,305.0,15.0,308.0,32.0,300.0,8.0,309.0,16.0,306.5,3.0,23.0,48.0,1.5290585338703175,305.0,308.0,71,-25.0,-38.0,-0.35
07:30:44,305.0,8.0,308.0,32.0,300.0,8.0,309.0,16.0,306.5,3.0,16.0,48.0,1.300769003321337,305.0,308.0,64,-32.0,-7.0,-0.5
07:30:45,305.0,8.0,308.0,32.0,300.44,9.0,309.0,16.0,306.5,3.0,17.0,48.0,0.2683281573028633,305.0,308.0,65,-31.0,1.0,-0.48
07:30:46,305.0,6.0,308.0,24.0,302.0,12.0,309.0,12.0,306.5,3.0,18.0,36.0,0.0,305.0,308.0,54,-18.0,-11.0,-0.33
07:30:47,305.0,7.0,308.0,28.0,302.0,14.0,309.0,14.0,306.5,3.0,21.0,42.0,0.0,305.0,308.0,63,-21.0,9.0,-0.33
07:30:48,305.0,8.0,308.0,32.0,302.0,16.0,309.0,16.0,306.5,3.0,24.0,48.0,0.0,305.0,308.0,72,-24.0,9.0,-0.33
07:30:49,305.0,7.0,308.0,28.0,302.0,14.0,309.0,14.0,306.5,3.0,21.0,42.0,0.0,305.0,308.0,63,-21.0,-9.0,-0.33
07:30:50,305.0,8.0,307.12,32.0,302.0,16.0,308.45,22.0,306.06,2.1200000000000045,24.0,54.0,0.19677398202389912,305.0,307.12,78,-30.0,15.0,-0.38
07:30:51,302.21,29.0,305.32,38.0,300.83,18.0,306.32,38.0,303.76,3.1100000000000136,47.0,76.0,1.1915032521993083,302.21,305.32,123,-29.0,45.0,-0.24
07:30:52,301.6,10.0,303.14,21.0,299.67,12.0,304.2,20.0,302.37,1.5399999999999636,22.0,41.0,1.875558583462941,301.6,303.14,63,-19.0,-60.0,-0.3
07:30:53,300.0,15.0,302.0,45.0,299.0,30.0,303.0,30.0,301.0,2.0,45.0,75.0,2.355253701833737,300.0,302.0,120,-30.0,57.0,-0.25
07:30:54,300.0,11.0,301.46,26.0,299.0,22.0,302.28,29.0,300.73,1.4599999999999795,33.0,55.0,2.194180940579309,300.0,301.46,88,-22.0,-32.0,-0.25
07:30:55,297.23,26.0,301.0,20.0,296.6,20.0,302.0,30.0,299.12,3.769999999999982,46.0,50.0,1.7548304761433278,297.23,301.0,96,-4.0,8.0,-0.04
07:30:56,298.27,40.0,301.1,31.0,297.3,44.0,302.09,44.0,299.69,2.830000000000041,84.0,75.0,1.2576446238907646,298.27,301.1,159,9.0,63.0,0.06
07:30:57,298.16,56.0,303.49,53.0,297.11,57.0,307.16,73.0,300.83,5.329999999999984,113.0,126.0,0.8241541118026939,298.16,303.49,239,-13.0,80.0,-0.05
07:30:58,304.83,103.0,311.0,44.0,298.94,32.0,315.0,99.0,307.91,6.170000000000016,135.0,143.0,3.5689186037232035,304.83,311.0,278,-8.0,39.0,-0.03
07:30:59,305.0,84.0,311.0,48.0,299.0,36.0,315.0,104.0,308.0,6.0,120.0,152.0,4.465618658148249,305.0,311.0,272,-32.0,-6.0,-0.12
07:31:00,305.0,78.0,309.77,52.0,299.0,39.0,311.15,52.0,307.38,4.769999999999982,117.0,104.0,4.136250717739671,305.0,309.77,221,13.0,-51.0,0.06
07:31:01,305.0,72.0,309.0,48.0,299.0,36.0,313.0,48.0,307.0,4.0,108.0,96.0,3.04263537085898,305.0,309.0,204,12.0,-17.0,0.06
07:31:02,305.0,90.0,307.8,60.0,299.0,45.0,312.73,60.0,306.4,2.8000000000000114,135.0,120.0,0.6635661233082227,305.0,307.8,255,15.0,51.0,0.06
07:31:03,305.0,14.0,306.0,56.0,299.0,42.0,312.0,56.0,305.5,1.0,56.0,112.0,0.9553428703885491,305.0,306.0,168,-56.0,-87.0,-0.33
07:31:04,305.0,9.0,306.0,36.0,301.58,31.0,312.0,36.0,305.5,1.0,40.0,72.0,0.8559672890958867,305.0,306.0,112,-32.0,-56.0,-0.29
07:31:05,305.0,6.0,306.0,24.0,304.0,24.0,312.0,24.0,305.5,1.0,30.0,48.0,0.6906518659947973,305.0,306.0,78,-18.0,-34.0,-0.23
07:31:06,304.26,27.0,308.41,51.0,302.68,38.0,312.78,46.0,306.34,4.150000000000034,65.0,97.0,0.47699056594660405,304.26,308.41,162,-32.0,84.0,-0.2
07:31:07,304.0,56.0,310.22,46.0,299.0,28.0,311.24,68.0,307.11,6.220000000000027,84.0,114.0,0.724085630296663,304.0,310.22,198,-30.0,36.0,-0.15
07:31:08,304.0,56.0,308.04,50.0,299.0,44.0,309.23,62.0,306.02,4.0400000000000205,100.0,112.0,0.6715504448678046,304.0,308.04,212,-12.0,14.0,-0.06
07:31:09,304.0,38.0,305.58,43.0,299.0,22.0,308.09,47.0,304.79,1.579999999999984,60.0,90.0,0.8733097961216797,304.0,305.58,150,-30.0,-62.0,-0.2
07:31:10,302.38,13.0,306.0,55.0,298.61,23.0,316.0,44.0,304.19,3.6200000000000045,36.0,99.0,1.1840396952813736,302.38,306.0,135,-63.0,-15.0,-0.47
07:31:11,296.4,30.0,305.22,46.0,291.0,42.0,316.0,40.0,300.81,8.82000000000005,72.0,86.0,2.391836114787488,296.4,305.22,158,-14.0,23.0,-0.09
07:31:12,297.0,56.0,304.43,49.0,296.0,42.0,311.12,49.0,300.71,7.430000000000007,98.0,98.0,2.414473027391567,297.0,304.43,196,0.0,38.0,0.0
07:31:13,297.0,52.0,303.63,51.0,296.0,39.0,304.6,40.0,300.31,6.6299999999999955,91.0,91.0,2.143902982879864,297.0,303.63,182,0.0,-14.0,0.0
07:31:14,297.0,36.0,300.41,49.0,296.0,45.0,301.31,48.0,298.7,3.410000000000025,81.0,97.0,2.0029178715066887,297.0,300.41,178,-16.0,-4.0,-0.09
07:31:15,296.33,27.0,298.28,29.0,290.62,39.0,299.18,34.0,297.3,1.9499999999999886,66.0,63.0,1.524345761302386,296.33,298.28,129,3.0,-49.0,0.02
07:31:16,292.41,39.0,297.78,37.0,287.93,75.0,302.27,44.0,295.1,5.369999999999948,114.0,81.0,2.3006151351323973,292.41,297.78,195,33.0,66.0,0.17
07:31:17,289.0,70.0,297.07,56.0,287.0,75.0,308.43,56.0,293.04,8.069999999999993,145.0,112.0,2.879548575731959,289.0,297.07,257,33.0,62.0,0.13
07:31:18,290.22,98.0,295.29,68.0,287.47,85.0,300.41,68.0,292.76,5.069999999999993,183.0,136.0,2.604188933238083,290.22,295.29,319,47.0,62.0,0.15
07:31:19,291.0,92.0,292.88,68.0,287.0,74.0,294.78,72.0,291.94,1.8799999999999955,166.0,140.0,2.1678837607214048,291.0,292.88,306,26.0,-13.0,0.08
07:31:20,289.32,57.0,293.07,56.0,285.84,86.0,297.46,61.0,291.19,3.75,143.0,117.0,1.4731530809794995,289.31999999999994,293.07,260,26.0,-46.0,0.1
07:31:21,286.0,49.0,295.0,60.0,285.27,71.0,301.0,75.0,290.5,9.0,120.0,135.0,1.0611220476454069,286.0,295.0,255,-15.0,-5.0,-0.06
07:31:22,284.54,52.0,295.0,40.0,283.65,43.0,301.0,50.0,289.77,10.45999999999998,95.0,90.0,1.1737844776614614,284.54,295.0,185,5.0,-70.0,0.03
07:31:23,291.32,37.0,298.77,97.0,284.1,80.0,305.89,157.0,295.05,7.449999999999989,117.0,254.0,2.0435630648451313,291.32,298.77,371,-137.0,176.0,-0.37
07:31:24,286.0,16.0,297.41,69.0,284.99,76.0,305.75,125.0,291.7,11.410000000000025,92.0,194.0,2.0390365371908383,286.0,297.41,286,-102.0,-85.0,-0.36
07:31:29,283.0,112.0,293.67,12.0,277.0,10.0,297.62,16.0,288.33,10.670000000000016,122.0,28.0,1.0674033914116643,283.0,293.67,150,94.0,98.0,0.63
07:31:30,283.5,26.0,295.7,23.0,282.79,133.0,296.57,47.0,289.6,12.199999999999989,159.0,70.0,1.4854224988188671,283.5,295.7,229,89.0,79.0,0.39
07:31:31,284.0,5.0,295.0,5.0,283.0,31.0,296.0,20.0,289.5,11.0,36.0,25.0,1.707624080410386,284.0,295.0,61,11.0,-168.0,0.18
07:31:32,284.0,8.0,292.2,15.0,283.0,40.0,295.36,11.0,288.1,8.199999999999989,48.0,26.0,1.4543658411821752,284.0,292.2,74,22.0,13.0,0.3
07:31:33,285.6,15.0,292.0,24.0,284.86,21.0,293.72,53.0,288.8,6.399999999999977,36.0,77.0,0.6743737835931922,285.6,292.0,113,-41.0,39.0,-0.36
07:31:34,288.27,15.0,292.2,25.0,287.44,18.0,293.22,54.0,290.23,3.930000000000007,33.0,79.0,0.817055689655227,288.2699999999999,292.2,112,-46.0,-1.0,-0.41
07:31:35,290.6,20.0,295.83,75.0,281.16,87.0,298.66,79.0,293.21,5.229999999999961,107.0,154.0,1.9781228475497457,290.6,295.83,261,-47.0,149.0,-0.18
07:31:36,291.92,13.0,298.0,44.0,280.57,21.0,305.0,55.0,294.96,6.079999999999984,34.0,99.0,2.9321749606731937,291.92,298.0,133,-65.0,-128.0,-0.49
07:31:37,292.0,13.0,298.92,52.0,280.0,38.0,305.0,65.0,295.46,6.920000000000016,51.0,117.0,2.922117382994681,292.0,298.92,168,-66.0,35.0,-0.39
07:31:38,292.0,6.0,299.89,18.0,280.0,30.0,303.39,28.0,295.94,7.889999999999986,36.0,46.0,2.326252350885558,292.0,299.89,82,-10.0,-86.0,-0.12
07:31:39,280.24,51.0,293.45,11.0,277.6,25.0,299.8,35.0,286.84,13.20999999999998,76.0,46.0,3.7459604909822937,280.24,293.45,122,30.0,40.0,0.25
07:31:40,280.0,60.0,297.4,30.0,277.0,24.0,299.89,35.0,288.7,17.399999999999977,84.0,65.0,4.273476336660801,280.0,297.4,149,19.0,27.0,0.13
07:31:41,285.3,40.0,297.67,54.0,281.56,48.0,303.4,80.0,291.48,12.370000000000005,88.0,134.0,4.024360818813276,285.3,297.67,222,-46.0,73.0,-0.21
07:31:42,282.92,12.0,295.0,36.0,281.2,30.0,298.0,48.0,288.96,12.079999999999984,42.0,84.0,3.517595769840379,282.92,295.0,126,-42.0,-96.0,-0.33
07:31:43,286.06,17.0,295.0,51.0,282.0,51.0,298.0,68.0,290.53,8.939999999999998,68.0,119.0,1.788328828822732,286.06,295.0,187,-51.0,61.0,-0.27
07:31:44,288.0,14.0,292.86,42.0,282.0,42.0,295.73,66.0,290.43,4.860000000000014,56.0,108.0,1.164667334477457,288.0,292.86,164,-52.0,-23.0,-0.32
07:31:45,289.4,20.0,291.5,42.0,282.58,36.0,294.1,70.0,290.45,2.1000000000000227,56.0,112.0,0.9021917756214415,289.4,291.5,168,-56.0,4.0,-0.33
07:31:46,289.73,11.0,292.0,33.0,282.0,33.0,295.0,59.0,290.86,2.269999999999982,44.0,92.0,0.7394119284937903,289.73,292.0,136,-48.0,-32.0,-0.35
07:31:47,290.4,15.0,294.0,45.0,282.0,45.0,295.6,50.0,292.2,3.6000000000000227,60.0,95.0,0.7502866119018232,290.4,294.0,155,-35.0,19.0,-0.23
07:31:48,291.11,9.0,295.0,27.0,281.68,31.0,296.0,27.0,293.06,3.8899999999999864,40.0,54.0,1.1758613863884386,291.11,295.0,94,-14.0,-61.0,-0.15
07:31:49,293.19,16.0,295.02,46.0,281.0,86.0,296.07,46.0,294.1,1.829999999999984,102.0,92.0,1.515414134815872,293.19,295.02,194,10.0,100.0,0.05
07:31:50,294.0,8.0,296.0,8.0,281.0,56.0,299.0,8.0,295.0,2.0,64.0,16.0,1.6142738305505175,294.0,296.0,80,48.0,-114.0,0.6
07:31:51,286.04,24.0,296.0,10.0,280.89,56.0,299.0,10.0,291.02,9.95999999999998,80.0,20.0,1.5608587380029901,286.04,296.0,100,60.0,20.0,0.6
07:31:52,284.69,65.0,296.46,13.0,283.17,53.0,299.95,21.0,290.58,11.769999999999982,118.0,34.0,1.9159123153213669,284.69,296.46,152,84.0,52.0,0.55
07:31:53,285.0,55.0,290.31,35.0,283.0,55.0,297.22,37.0,287.66,5.310000000000002,110.0,72.0,2.944676552696292,285.0,290.31,182,38.0,30.0,0.21
07:31:54,283.0,68.0,290.59,34.0,280.0,30.0,297.86,56.0,286.79,7.589999999999975,98.0,90.0,3.2379005543713486,283.0,290.59,188,8.0,6.0,0.04
07:31:55,283.0,65.0,290.33,36.0,280.0,45.0,294.52,50.0,286.67,7.329999999999984,110.0,86.0,2.1003404485933372,283.0,290.33,196,24.0,8.0,0.12
07:31:56,283.16,49.0,295.94,34.0,281.4,25.0,298.18,76.0,289.55,12.779999999999973,74.0,110.0,1.7388933262270916,283.16,295.94,184,-36.0,-12.0,-0.2
07:31:57,291.0,9.0,294.0,18.0,283.0,27.0,295.78,18.0,292.5,3.0,36.0,36.0,2.4490467533302285,291.0,294.0,72,0.0,-112.0,0.0
07:31:58,285.21,14.0,294.0,16.0,281.65,26.0,296.0,16.0,289.61,8.79000000000002,40.0,32.0,2.41012032894575,285.21,294.0,72,8.0,0.0,0.11
07:31:59,283.38,39.0,293.57,21.0,281.27,22.0,295.33,18.0,288.48,10.189999999999998,61.0,39.0,2.1194739913473284,283.38,293.57,100,22.0,28.0,0.22
07:32:00,287.33,138.0,292.67,49.0,285.05,242.0,293.54,41.0,290.0,5.340000000000032,380.0,90.0,1.492571606321863,287.33,292.67,470,290.0,176.0,0.62
07:32:01,288.0,266.0,290.9,40.0,281.75,32.0,291.8,30.0,289.45,2.8999999999999773,298.0,70.0,1.5012228348910177,288.0,290.9,368,228.0,-102.0,0.62
07:32:02,288.56,219.0,292.74,50.0,277.54,81.0,295.0,69.0,290.65,4.180000000000007,300.0,119.0,0.795656961257796,288.56,292.74,419,181.0,51.0,0.43
07:32:03,283.34,76.0,289.29,21.0,277.51,39.0,295.29,21.0,286.31,5.9500000000000455,115.0,42.0,1.690346118402266,283.34,289.29,157,73.0,-176.0,0.46
07:32:06,285.06,89.0,289.8,10.0,276.67,15.0,291.88,34.0,287.43,4.740000000000009,104.0,44.0,1.682611066169777,285.06,289.8,148,60.0,-176.0,0.41
07:32:09,280.81,32.0,289.5,80.0,274.83,42.0,291.0,16.0,285.16,8.689999999999998,74.0,96.0,1.4588797071712116,280.81,289.5,170,-22.0,62.0,-0.13
07:32:14,284.1,89.0,295.92,98.0,282.73,199.0,296.96,49.0,290.01,11.819999999999993,288.0,147.0,2.1022654447039386,284.1,295.92,435,141.0,70.0,0.32
07:32:15,285.0,10.0,295.15,53.0,284.0,190.0,296.05,76.0,290.08,10.149999999999977,200.0,129.0,2.6442957474527438,285.0,295.15,329,71.0,-106.0,0.22
07:32:16,284.01,173.0,294.0,55.0,277.76,101.0,296.0,88.0,289.01,9.990000000000009,274.0,143.0,2.5122937726303243,284.01,294.0,417,131.0,88.0,0.31
07:32:17,285.67,285.0,293.2,75.0,274.0,105.0,295.75,85.0,289.43,7.529999999999973,390.0,160.0,1.695759416897831,285.67,293.2,550,230.0,133.0,0.42
07:32:18,286.0,266.0,289.09,46.0,274.75,113.0,292.95,66.0,287.54,3.089999999999975,379.0,112.0,1.0336972477461173,286.0,289.09,491,267.0,-59.0,0.54
07:32:19,287.53,361.0,289.94,93.0,274.93,113.0,293.92,59.0,288.73,2.410000000000025,474.0,152.0,0.9416846605938466,287.53,289.94,626,322.0,135.0,0.51
07:32:20,289.0,234.0,290.61,57.0,275.73,30.0,294.7,46.0,289.81,1.6100000000000136,264.0,103.0,0.8659561189793237,289.0,290.61,367,161.0,-176.0,0.44
07:32:21,289.0,196.0,295.85,52.0,276.0,28.0,299.47,51.0,292.42,6.850000000000023,224.0,103.0,1.8045027015768704,289.0,295.85,327,121.0,-40.0,0.37
07:32:22,289.03,116.0,292.0,20.0,285.24,42.0,297.0,40.0,290.52,2.9700000000000273,158.0,60.0,1.846301708821817,289.03,292.0,218,98.0,-109.0,0.45
07:32:23,290.95,132.0,292.77,26.0,288.75,48.0,297.06,47.0,291.86,1.8199999999999932,180.0,73.0,1.5003566242726996,290.95,292.77,253,107.0,35.0,0.42
07:32:24,290.77,26.0,297.0,55.0,272.52,65.0,298.0,39.0,293.88,6.230000000000018,91.0,94.0,1.60163041929146,290.77,297.0,185,-3.0,-68.0,-0.02
07:32:25,292.21,122.0,297.0,44.0,291.5,32.0,298.0,33.0,294.61,4.7900000000000205,154.0,77.0,1.6254291740954143,292.21,297.0,231,77.0,46.0,0.33
07:32:26,293.95,119.0,296.62,29.0,281.6,65.0,299.47,38.0,295.29,2.670000000000016,184.0,67.0,1.9869247595218587,293.95,296.62,251,117.0,20.0,0.47
07:32:27,295.06,36.0,301.33,60.0,294.1,42.0,353.91,92.0,298.19,6.269999999999982,78.0,152.0,2.3050227764606026,295.06,301.33,230,-74.0,-21.0,-0.32
07:32:28,299.0,18.0,302.0,18.0,295.0,72.0,306.0,72.0,300.5,3.0,90.0,90.0,2.7729280553241056,299.0,302.0,180,0.0,-50.0,0.0
07:32:29,300.0,28.0,302.0,28.0,295.0,136.0,306.0,72.0,301.0,2.0,164.0,100.0,2.919275595075719,300.0,302.0,264,64.0,84.0,0.24
07:32:30,300.0,20.0,302.0,20.0,295.91,44.0,306.0,40.0,301.0,2.0,64.0,60.0,2.4737683804280968,300.0,302.0,124,4.0,-140.0,0.03
07:32:31,300.7,40.0,302.57,28.0,299.08,26.0,306.76,49.0,301.64,1.8700000000000045,66.0,77.0,1.3350955022046258,300.7,302.57,143,-11.0,19.0,-0.08
07:32:32,302.0,76.0,306.0,52.0,300.0,26.0,343.0,13.0,304.0,4.0,102.0,65.0,1.386333293262489,302.0,306.0,167,37.0,24.0,0.22
07:32:33,302.0,20.0,305.12,16.0,300.0,20.0,313.0,28.0,303.56,3.1200000000000045,40.0,44.0,1.4383323677121866,302.0,305.12,84,-4.0,-83.0,-0.05
07:32:34,302.0,26.0,303.08,13.0,300.0,26.0,328.24,21.0,302.54,1.079999999999984,52.0,34.0,1.260285681902636,302.0,303.08,86,18.0,2.0,0.21
07:32:35,297.57,30.0,301.27,15.0,296.45,62.0,312.0,75.0,299.42,3.6999999999999886,92.0,90.0,1.8194834431806657,297.57,301.2699999999999,182,2.0,96.0,0.01
07:32:36,297.0,33.0,299.36,11.0,296.0,44.0,309.27,55.0,298.18,2.3600000000000136,77.0,66.0,2.5940316112198953,297.0,299.36,143,11.0,-39.0,0.08
07:32:37,297.0,17.0,303.09,11.0,296.0,28.0,310.0,31.0,300.05,6.089999999999975,45.0,42.0,2.234054609898235,297.0,303.09,87,3.0,-56.0,0.03
07:32:38,297.0,4.0,308.45,11.0,296.0,16.0,310.94,16.0,302.73,11.449999999999989,20.0,27.0,1.990635576896851,297.0,308.45,47,-7.0,-40.0,-0.15
07:32:39,296.04,28.0,306.18,44.0,295.1,40.0,308.38,26.0,301.11,10.139999999999986,68.0,70.0,1.7242592612502436,296.04,306.18,138,-2.0,91.0,-0.01
07:32:40,296.0,33.0,305.2,25.0,295.0,44.0,306.08,52.0,300.6,9.199999999999989,77.0,77.0,1.6533390456912982,296.0,305.2,154,0.0,16.0,0.0
07:32:41,296.0,27.0,305.0,18.0,295.0,36.0,307.22,45.0,300.5,9.0,63.0,63.0,1.038927331437466,296.0,305.0,126,0.0,-28.0,0.0
07:32:42,296.0,15.0,305.0,10.0,295.0,20.0,307.0,25.0,300.5,9.0,35.0,35.0,0.9521396956370654,296.0,305.0,70,0.0,-56.0,0.0
07:32:43,295.75,32.0,305.0,20.0,294.8,40.0,307.0,50.0,300.38,9.25,72.0,70.0,0.2858671020027653,295.75,305.0,142,2.0,72.0,0.01
07:32:44,295.92,124.0,304.88,32.0,294.89,72.0,307.0,80.0,300.4,8.95999999999998,196.0,112.0,0.08876936412613075,295.92,304.88,308,84.0,166.0,0.27
07:32:45,296.95,86.0,305.96,54.0,295.86,140.0,308.07,75.0,301.46,9.009999999999991,226.0,129.0,0.45729640279304773,296.95,305.96,355,97.0,47.0,0.27
07:32:46,297.0,52.0,306.68,37.0,296.0,156.0,308.92,65.0,301.84,9.680000000000007,208.0,102.0,0.684894152411622,297.0,306.68,310,106.0,-45.0,0.34
07:32:47,298.0,135.0,301.8,30.0,297.0,60.0,305.75,36.0,299.9,3.8000000000000114,195.0,66.0,0.8160147057544723,298.0,301.8,261,129.0,-49.0,0.49
07:32:48,297.5,72.0,299.47,15.0,296.37,43.0,308.35,55.0,298.48,1.9700000000000273,115.0,70.0,1.335320186325086,297.5,299.47,185,45.0,-76.0,0.24
07:32:49,297.0,44.0,298.73,11.0,296.0,33.0,307.66,32.0,297.86,1.7300000000000182,77.0,43.0,1.7588973818864038,297.0,298.73,120,34.0,-65.0,0.28
07:32:50,297.0,32.0,307.62,32.0,296.0,24.0,311.57,28.0,302.31,10.620000000000005,56.0,60.0,1.9742897457078066,297.0,307.62,116,-4.0,-4.0,-0.03
07:32:51,298.79,57.0,308.0,70.0,297.02,49.0,313.0,70.0,303.39,9.20999999999998,106.0,140.0,2.3966372274516727,298.79,308.0,246,-34.0,130.0,-0.14
07:32:52,300.06,47.0,308.0,85.0,298.0,29.0,313.0,85.0,304.03,7.939999999999998,76.0,170.0,2.854387850311828,300.06,308.0,246,-94.0,0.0,-0.38
07:32:53,301.38,8.0,308.0,40.0,300.0,8.0,313.0,40.0,304.69,6.6200000000000045,16.0,80.0,2.7150101288961492,301.38,308.0,96,-64.0,-150.0,-0.67
07:32:54,302.0,13.0,307.38,65.0,300.0,13.0,309.92,65.0,304.69,5.3799999999999955,26.0,130.0,1.0028559218599746,302.0,307.38,156,-104.0,60.0,-0.67
07:32:55,298.84,19.0,307.0,60.0,297.27,22.0,308.0,24.0,302.92,8.160000000000025,41.0,84.0,0.7867528201472826,298.84,307.0,125,-43.0,-31.0,-0.34
07:32:56,296.0,24.0,307.0,40.0,295.0,32.0,308.0,16.0,301.5,11.0,56.0,56.0,1.3626921882836962,296.0,307.0,112,0.0,-13.0,0.0
07:32:57,296.0,30.0,306.3,50.0,295.0,40.0,309.18,22.0,301.15,10.300000000000011,70.0,72.0,1.687498148149789,296.0,306.3,142,-2.0,30.0,-0.01
07:32:58,296.0,51.0,305.53,75.0,294.86,111.0,305.65,37.0,300.77,9.529999999999973,162.0,112.0,1.6090152267795197,296.0,305.53,274,50.0,132.0,0.18
07:32:59,296.0,33.0,302.12,51.0,295.0,99.0,303.54,37.0,299.06,6.1200000000000045,132.0,88.0,1.3913482669725084,296.0,302.12,220,44.0,-54.0,0.2
07:33:00,296.0,45.0,302.89,47.0,295.0,135.0,302.97,59.0,299.45,6.889999999999986,180.0,106.0,1.0731402517876052,296.0,302.89,286,74.0,66.0,0.26
07:33:01,296.19,37.0,304.77,39.0,295.03,111.0,309.17,35.0,300.48,8.579999999999984,148.0,74.0,0.8897021973708799,296.19,304.77,222,74.0,-64.0,0.33
07:33:02,296.0,18.0,306.5,18.0,295.0,58.0,311.86,21.0,301.25,10.5,76.0,39.0,0.9175892327215868,296.0,306.5,115,37.0,-107.0,0.32
07:33:03,296.0,18.0,309.0,18.0,295.0,55.0,314.0,24.0,302.5,13.0,73.0,42.0,1.38991726372719,296.0,309.0,115,31.0,0.0,0.27
07:33:04,296.0,33.0,308.19,27.0,295.0,99.0,311.79,38.0,302.09,12.189999999999998,132.0,65.0,1.2303373521142045,296.0,308.19,197,67.0,82.0,0.34
07:33:05,296.0,21.0,306.29,14.0,295.0,63.0,311.14,21.0,301.14,10.29000000000002,84.0,35.0,0.8031624991293306,296.0,306.29,119,49.0,-78.0,0.41
07:33:06,296.0,18.0,306.0,12.0,294.61,31.0,311.5,18.0,301.0,10.0,49.0,30.0,0.6603256772288674,296.0,306.0,79,19.0,-40.0,0.24
07:33:07,296.71,51.0,306.0,18.0,295.71,17.0,311.0,27.0,301.35,9.29000000000002,68.0,45.0,0.6486370325596394,296.71,306.0,113,23.0,34.0,0.2
07:33:08,297.0,117.0,305.76,21.0,296.0,39.0,309.53,34.0,301.38,8.759999999999991,156.0,55.0,0.42020233222528547,297.0,305.76,211,101.0,98.0,0.48
07:33:09,297.0,108.0,303.47,15.0,296.0,36.0,304.71,21.0,300.23,6.470000000000027,144.0,36.0,0.4683481611015626,297.0,303.47,180,108.0,-31.0,0.6
07:33:10,297.8,135.0,301.13,15.0,296.0,45.0,304.0,30.0,299.47,3.329999999999984,180.0,45.0,0.8227575584623319,297.8,301.13,225,135.0,45.0,0.6
07:33:11,298.0,95.0,300.09,11.0,296.0,33.0,304.18,22.0,299.05,2.089999999999975,128.0,33.0,1.0636164722335524,298.0,300.09,161,95.0,-64.0,0.59
07:33:12,298.41,37.0,305.0,20.0,296.14,29.0,313.0,41.0,301.7,6.589999999999975,66.0,61.0,1.1576830308882429,298.41,305.0,127,5.0,-34.0,0.04
07:33:13,303.0,24.0,305.88,16.0,298.0,16.0,313.0,16.0,304.44,2.8799999999999955,40.0,32.0,2.1827436862827265,303.0,305.88,72,8.0,-55.0,0.11
07:33:14,303.0,36.0,306.0,24.0,298.0,24.0,313.0,45.0,304.5,3.0,60.0,69.0,2.610358212967686,303.0,306.0,129,-9.0,57.0,-0.07
07:33:15,299.55,29.0,305.77,26.0,296.2,20.0,312.25,56.0,302.66,6.21999999999997,49.0,82.0,2.2542848089823186,299.55,305.77,131,-33.0,2.0,-0.25
07:33:16,298.0,26.0,304.08,26.0,295.23,13.0,306.92,26.0,301.04,6.079999999999984,39.0,52.0,1.5719160282943978,298.0,304.08,91,-13.0,-40.0,-0.14
07:33:17,297.5,16.0,303.33,18.0,293.23,13.0,309.0,34.0,300.42,5.829999999999984,29.0,52.0,1.8831144415591436,297.5,303.33,81,-23.0,-10.0,-0.28
07:33:18,292.4,89.0,302.32,38.0,290.65,89.0,308.84,98.0,297.36,9.920000000000016,178.0,136.0,2.664635059442005,292.4,302.32,314,42.0,176.0,0.13
07:33:19,294.12,136.0,299.28,36.0,293.18,88.0,301.78,36.0,296.7,5.159999999999968,224.0,72.0,2.526396643444233,294.12,299.28,296,152.0,-18.0,0.51
07:33:20,296.54,35.0,301.29,34.0,294.34,116.0,304.22,36.0,298.92,4.75,151.0,70.0,1.8775835534019913,296.54,301.29,221,81.0,-75.0,0.37
07:33:21,298.3,10.0,306.0,20.0,295.15,65.0,307.0,40.0,302.15,7.699999999999989,75.0,60.0,2.228474814756894,298.3,306.0,135,15.0,-86.0,0.11
07:33:22,299.64,14.0,306.25,32.0,297.0,70.0,307.04,50.0,302.95,6.610000000000014,84.0,82.0,2.8113039679135006,299.64,306.25,166,2.0,31.0,0.01
07:33:23,302.48,27.0,306.57,42.0,297.94,47.0,307.14,42.0,304.53,4.089999999999975,74.0,84.0,3.177648501645119,302.48,306.57,158,-10.0,-8.0,-0.06
07:33:24,303.0,28.0,306.0,14.0,302.0,7.0,309.0,28.0,304.5,3.0,35.0,42.0,2.3022706183263772,303.0,306.0,77,-7.0,-81.0,-0.09
07:33:25,303.0,52.0,305.17,36.0,302.0,13.0,307.12,32.0,304.08,2.170000000000016,65.0,68.0,1.0513657784091825,303.0,305.17,133,-3.0,56.0,-0.02
07:33:26,302.53,30.0,304.06,54.0,300.25,32.0,306.0,36.0,303.29,1.5300000000000296,62.0,90.0,0.7175304871642345,302.53,304.06,152,-28.0,19.0,-0.18
07:33:27,302.0,6.0,304.0,18.0,300.0,12.0,307.0,12.0,303.0,2.0,18.0,30.0,0.7016765636745644,302.0,304.0,48,-12.0,-104.0,-0.25
07:33:28,302.0,11.0,303.91,33.0,300.0,22.0,308.0,22.0,302.95,1.910000000000025,33.0,55.0,0.6914694498022691,302.0,303.91,88,-22.0,40.0,-0.25
07:33:29,297.22,67.0,302.91,33.0,294.51,70.0,308.0,22.0,300.07,5.689999999999998,137.0,55.0,1.5263911687405065,297.22,302.91,192,82.0,104.0,0.43
07:33:30,297.0,112.0,301.2,56.0,294.0,112.0,304.4,35.0,299.1,4.199999999999989,224.0,91.0,1.9490946616334568,297.0,301.2,315,133.0,123.0,0.42
07:33:31,297.0,104.0,298.78,51.0,294.0,104.0,300.02,53.0,297.89,1.7799999999999727,208.0,104.0,2.299863039401916,297.0,298.78,312,104.0,-3.0,0.33
07:33:32,297.04,108.0,303.23,44.0,293.54,105.0,309.32,41.0,300.13,6.189999999999998,213.0,85.0,1.8696577226878974,297.04,303.23,298,128.0,-14.0,0.43
07:33:33,297.0,132.0,305.28,54.0,294.0,90.0,307.33,36.0,301.14,8.279999999999973,222.0,90.0,1.227367100751098,297.0,305.28,312,132.0,14.0,0.42
07:33:34,297.0,50.0,304.64,28.0,294.0,50.0,306.82,22.0,300.82,7.639999999999986,100.0,50.0,1.330575063649649,297.0,304.64,150,50.0,-162.0,0.33
07:33:35,297.0,45.0,302.17,23.0,294.0,45.0,302.91,22.0,299.59,5.170000000000016,90.0,45.0,1.2818073178158873,297.0,302.17,135,45.0,-15.0,0.33
07:33:36,297.0,31.0,301.0,14.0,294.5,20.0,302.0,21.0,299.0,4.0,51.0,35.0,0.8752885238631337,297.0,301.0,86,16.0,-49.0,0.19
07:33:37,297.94,86.0,300.3,27.0,296.38,13.0,301.43,28.0,299.12,2.3600000000000136,99.0,55.0,0.9864988596072168,297.94,300.3,154,44.0,68.0,0.29
07:33:38,297.95,88.0,301.44,54.0,296.2,20.0,307.8,70.0,299.7,3.490000000000009,108.0,124.0,0.7208189786667096,297.95,301.44,232,-16.0,78.0,-0.07
07:33:39,297.71,28.0,306.56,66.0,295.48,21.0,308.05,41.0,302.14,8.850000000000023,49.0,107.0,1.2817566071631175,297.71,306.56,156,-58.0,-76.0,-0.37
07:33:40,298.83,48.0,305.67,60.0,297.55,22.0,308.0,24.0,302.25,6.840000000000032,70.0,84.0,1.6224734204315117,298.83,305.67,154,-14.0,-2.0,-0.09
07:33:41,299.0,56.0,302.93,70.0,297.0,14.0,308.0,28.0,300.96,3.930000000000007,70.0,98.0,1.40981559078025,299.0,302.93,168,-28.0,14.0,-0.17
07:33:42,299.17,48.0,302.0,60.0,297.0,12.0,308.25,24.0,300.58,2.829999999999984,60.0,84.0,1.0782764024160607,299.17,302.0,144,-24.0,-24.0,-0.17
07:33:43,300.0,52.0,301.23,65.0,297.0,13.0,309.0,26.0,300.62,1.2300000000000182,65.0,91.0,0.8221921916483143,300.0,301.23,156,-26.0,12.0,-0.17
07:33:44,297.62,13.0,301.0,9.0,296.07,59.0,309.0,18.0,299.31,3.3799999999999955,72.0,27.0,1.0503951637393596,297.62,301.0,99,45.0,-57.0,0.45
07:33:45,297.56,18.0,300.23,13.0,296.05,93.0,310.2,35.0,298.89,2.670000000000016,111.0,48.0,0.911685252708691,297.56,300.23,159,63.0,60.0,0.4
07:33:46,296.3,20.0,300.0,8.0,295.94,70.0,308.79,19.0,298.15,3.6999999999999886,90.0,27.0,1.078308861136758,296.3,300.0,117,63.0,-42.0,0.54
07:33:47,297.32,87.0,300.0,17.0,295.98,114.0,310.36,56.0,298.66,2.680000000000007,201.0,73.0,0.9342537128669668,297.32,300.0,274,128.0,157.0,0.47
07:33:48,297.49,70.0,307.04,25.0,295.92,76.0,311.8,60.0,302.26,9.550000000000011,146.0,85.0,1.6235239450054368,297.49,307.04,231,61.0,-43.0,0.26
07:33:49,297.88,68.0,309.67,45.0,296.18,119.0,312.66,58.0,303.77,11.79000000000002,187.0,103.0,2.508591238126863,297.88,309.67,290,84.0,59.0,0.29
07:33:50,298.67,24.0,310.75,24.0,297.0,84.0,312.24,62.0,304.71,12.079999999999984,108.0,86.0,2.9716241350493773,298.67,310.75,194,22.0,-96.0,0.11
07:33:51,299.0,9.0,310.0,18.0,297.0,63.0,312.0,72.0,304.5,11.0,72.0,90.0,2.4954057786278296,299.0,310.0,162,-18.0,-32.0,-0.11
07:33:52,299.0,11.0,309.54,26.0,297.0,77.0,311.81,85.0,304.27,10.54000000000002,88.0,111.0,0.9822779647382106,299.0,309.54,199,-23.0,37.0,-0.12
07:33:53,297.0,16.0,309.0,18.0,296.0,6.0,310.0,12.0,303.0,12.0,22.0,30.0,0.6832642241551619,297.0,309.0,52,-8.0,-147.0,-0.15
07:33:54,297.78,36.0,309.0,54.0,296.33,12.0,311.85,78.0,303.39,11.220000000000027,48.0,132.0,0.7408981036622326,297.78,309.0,180,-84.0,128.0,-0.47
07:33:55,298.08,38.0,309.0,40.0,297.81,26.0,312.0,64.0,303.54,10.920000000000016,64.0,104.0,0.6262188116066901,298.08,309.0,168,-40.0,-12.0,-0.24
07:33:56,299.4,15.0,309.0,75.0,298.0,105.0,312.0,120.0,304.2,9.600000000000023,120.0,195.0,0.5441966556402604,299.4,309.0,315,-75.0,147.0,-0.24
07:33:57,298.69,26.0,309.0,47.0,297.89,47.0,312.0,88.0,303.85,10.310000000000002,73.0,135.0,0.45555460705603973,298.69,309.0,208,-62.0,-107.0,-0.3
07:33:58,298.0,32.0,308.5,12.0,297.0,8.0,310.41,34.0,303.25,10.5,40.0,46.0,0.3814839446294178,298.0,308.5,86,-6.0,-122.0,-0.07
07:33:59,299.2,60.0,306.15,39.0,297.5,24.0,308.43,21.0,302.68,6.949999999999989,84.0,60.0,0.5807150764444481,299.2,306.15,144,24.0,58.0,0.17
07:34:00,302.21,67.0,304.87,47.0,297.92,61.0,306.92,48.0,303.54,2.660000000000025,128.0,95.0,0.5807150764444481,302.21,304.87,223,33.0,79.0,0.15
07:34:01,298.0,60.0,302.79,33.0,297.0,15.0,304.62,39.0,300.39,4.7900000000000205,75.0,72.0,1.3836798762752835,298.0,302.79,147,3.0,-76.0,0.02
07:34:02,298.0,60.0,300.4,30.0,297.0,15.0,303.0,30.0,299.2,2.3999999999999773,75.0,60.0,1.9138887115003038,298.0,300.4,135,15.0,-12.0,0.11
07:34:03,297.28,25.0,303.64,53.0,295.47,43.0,308.06,54.0,300.46,6.360000000000014,68.0,107.0,1.7927018714799663,297.28,303.64,175,-39.0,40.0,-0.22
07:34:04,296.0,11.0,301.19,16.0,295.0,44.0,303.71,35.0,298.59,5.189999999999998,55.0,51.0,1.908724705138755,296.0,301.19,106,4.0,-69.0,0.04
07:34:05,296.0,13.0,299.92,24.0,295.0,52.0,301.47,15.0,297.96,3.920000000000016,65.0,39.0,1.1001590794089464,296.0,299.92,104,26.0,-2.0,0.25
07:34:06,295.47,15.0,298.44,9.0,294.82,34.0,300.0,18.0,296.96,2.9699999999999704,49.0,27.0,1.3146406353088618,295.47,298.44,76,22.0,-28.0,0.29
07:34:07,296.19,48.0,297.52,21.0,294.84,45.0,303.78,27.0,296.86,1.329999999999984,93.0,48.0,1.4700952350119407,296.19,297.52,141,45.0,65.0,0.32
07:34:08,298.86,136.0,304.41,29.0,298.37,82.0,307.87,45.0,301.64,5.550000000000011,218.0,74.0,1.9475933867224589,298.86,304.41,292,144.0,151.0,0.49
07:34:09,301.82,121.0,305.0,22.0,299.91,99.0,308.0,33.0,303.41,3.180000000000007,220.0,55.0,2.9820596908858295,301.82,305.0,275,165.0,-17.0,0.6
07:34:10,302.0,99.0,305.0,18.0,300.0,81.0,308.0,27.0,303.5,3.0,180.0,45.0,3.337121514120691,302.0,305.0,225,135.0,-50.0,0.6
07:34:11,302.0,110.0,305.0,20.0,300.0,90.0,308.7,30.0,303.5,3.0,200.0,50.0,2.8635502440167606,302.0,305.0,250,150.0,25.0,0.6
07:34:12,302.0,44.0,305.0,8.0,300.0,36.0,306.0,16.0,303.5,3.0,80.0,24.0,0.8226785520541265,302.0,305.0,104,56.0,-146.0,0.54
07:34:13,302.0,66.0,305.0,12.0,300.0,69.0,306.0,24.0,303.5,3.0,135.0,36.0,0.0402492237225998,302.0,305.0,171,99.0,67.0,0.58
07:34:14,302.0,110.0,303.3,20.0,300.0,90.0,304.45,22.0,302.65,1.3000000000000114,200.0,42.0,0.38013155618825545,302.0,303.3,242,158.0,71.0,0.65
07:34:15,302.0,101.0,303.18,22.0,300.24,83.0,304.91,22.0,302.59,1.1800000000000068,184.0,44.0,0.4824624337810075,302.0,303.18,228,140.0,-14.0,0.61
07:34:16,302.0,86.0,307.45,29.0,300.1,100.0,311.25,40.0,304.72,5.449999999999989,186.0,69.0,0.8632322978261564,302.0,307.45,255,117.0,27.0,0.46
07:34:17,302.0,42.0,310.0,18.0,300.0,54.0,313.0,24.0,306.0,8.0,96.0,42.0,1.4595101918146665,302.0,310.0,138,54.0,-117.0,0.39
07:34:18,302.0,67.0,304.0,50.0,300.0,90.0,310.0,30.0,303.0,2.0,157.0,80.0,1.5093607918621534,302.0,304.0,237,77.0,99.0,0.32
07:34:19,302.0,30.0,304.0,45.0,300.0,81.0,310.0,27.0,303.0,2.0,111.0,72.0,1.4501103406330245,302.0,304.0,183,39.0,-54.0,0.21
07:34:20,301.57,28.0,304.0,60.0,299.92,103.0,310.0,36.0,302.79,2.430000000000007,131.0,96.0,1.4084104515413314,301.57,304.0,227,35.0,44.0,0.15
07:34:21,302.59,88.0,304.0,55.0,299.74,62.0,310.0,33.0,303.3,1.410000000000025,150.0,88.0,1.3439196404586307,302.59,304.0,238,62.0,11.0,0.26
07:34:22,303.0,104.0,304.0,65.0,300.0,78.0,310.0,39.0,303.5,1.0,182.0,104.0,0.2803925819449322,303.0,304.0,286,78.0,48.0,0.27
07:34:23,303.0,101.0,304.0,65.0,300.0,78.0,310.0,39.0,303.5,1.0,179.0,104.0,0.3148332892339777,303.0,304.0,283,75.0,-3.0,0.27
07:34:24,303.0,63.0,304.0,45.0,300.0,54.0,310.0,27.0,303.5,1.0,117.0,72.0,0.3076036410870757,303.0,304.0,189,45.0,-94.0,0.24
07:34:25,303.0,98.0,304.0,70.0,300.0,84.0,310.0,42.0,303.5,1.0,182.0,112.0,0.08944271915725152,303.0,304.0,294,70.0,105.0,0.24
07:34:26,303.0,70.0,306.25,40.0,300.0,60.0,311.14,35.0,304.62,3.25,130.0,75.0,0.5008792269705671,303.0,306.25,205,55.0,-89.0,0.27
07:34:27,303.0,61.0,307.0,36.0,300.0,72.0,311.14,42.0,305.0,4.0,133.0,78.0,0.7299863012489065,303.0,307.0,211,55.0,6.0,0.26
07:34:28,300.75,32.0,304.0,24.0,299.2,40.0,310.0,24.0,302.38,3.25,72.0,48.0,1.0378824596315084,300.75,304.0,120,24.0,-91.0,0.2
07:34:29,302.6,90.0,304.0,24.0,299.64,44.0,310.0,24.0,303.3,1.3999999999999773,134.0,48.0,1.0560303026005913,302.6,304.0,182,86.0,62.0,0.47
07:34:30,303.0,156.0,304.0,36.0,300.0,72.0,310.0,36.0,303.5,1.0,228.0,72.0,1.0560303026005913,303.0,304.0,300,156.0,118.0,0.52
07:34:31,303.0,98.0,304.0,33.0,299.6,60.0,310.0,33.0,303.5,1.0,158.0,66.0,0.9404679686254069,303.0,304.0,224,92.0,-76.0,0.41
07:34:32,303.0,40.0,304.0,15.0,298.77,35.0,310.0,15.0,303.5,1.0,75.0,30.0,0.4862920933040363,303.0,304.0,105,45.0,-119.0,0.43
07:34:33,303.0,94.0,304.0,36.0,299.0,108.0,310.0,36.0,303.5,1.0,202.0,72.0,0.08944271915745544,303.0,304.0,274,130.0,169.0,0.47
07:34:34,303.0,70.0,304.0,30.0,299.0,90.0,310.0,30.0,303.5,1.0,160.0,60.0,0.0,303.0,304.0,220,100.0,-54.0,0.45
07:34:35,303.0,53.0,304.0,24.0,299.0,72.0,310.0,24.0,303.5,1.0,125.0,48.0,0.0,303.0,304.0,173,77.0,-47.0,0.45
07:34:36,303.0,36.0,304.0,30.0,299.0,90.0,310.0,30.0,303.5,1.0,126.0,60.0,0.0,303.0,304.0,186,66.0,13.0,0.35
07:34:37,303.0,36.0,304.0,36.0,299.0,108.0,310.0,36.0,303.5,1.0,144.0,72.0,0.0,303.0,304.0,216,72.0,30.0,0.33
07:34:38,301.5,24.0,304.0,18.0,298.92,49.0,310.0,18.0,302.75,2.5,73.0,36.0,0.3354101966401151,301.5,304.0,109,37.0,-107.0,0.34
07:34:39,299.0,78.0,303.61,36.0,298.0,64.0,308.62,48.0,301.31,4.610000000000014,142.0,84.0,0.9526121981213818,299.0,303.61,226,58.0,117.0,0.26
07:34:40,299.0,60.0,304.0,45.0,297.15,104.0,312.33,45.0,301.5,5.0,164.0,90.0,1.0580500933364103,299.0,304.0,254,74.0,28.0,0.29
07:34:41,299.82,44.0,304.91,33.0,298.24,58.0,316.0,33.0,302.36,5.090000000000032,102.0,66.0,0.9034544814261121,299.82,304.91,168,36.0,-86.0,0.21
07:34:42,301.59,68.0,308.43,61.0,299.0,68.0,312.24,63.0,305.01,6.840000000000032,136.0,124.0,1.4799763511655304,301.59,308.43,260,12.0,92.0,0.05
07:34:43,302.0,56.0,305.79,70.0,299.0,56.0,310.0,84.0,303.89,3.7900000000000205,112.0,154.0,1.5949075208329409,302.0,305.79,266,-42.0,6.0,-0.16
07:34:44,302.0,52.0,304.46,65.0,297.9,80.0,310.0,72.0,303.23,2.4599999999999795,132.0,137.0,1.3554224433769293,302.0,304.46,269,-5.0,3.0,-0.02
07:34:45,301.4,60.0,304.42,69.0,298.19,81.0,310.4,45.0,302.91,3.0200000000000387,141.0,114.0,1.0186756107859731,301.4,304.42,255,27.0,-14.0,0.11
07:34:46,299.0,52.0,308.73,15.0,297.0,143.0,310.15,39.0,303.87,9.730000000000018,195.0,54.0,0.8050590040552724,299.0,308.7300000000001,249,141.0,-6.0,0.57
07:34:47,299.0,44.0,307.0,11.0,297.0,121.0,310.0,33.0,303.0,8.0,165.0,44.0,0.47116875958633025,299.0,307.0,209,121.0,-40.0,0.58
07:34:48,299.0,28.0,306.14,7.0,297.0,77.0,310.71,21.0,302.57,7.139999999999986,105.0,28.0,0.4836114142676074,299.0,306.14,133,77.0,-76.0,0.58
07:34:49,299.0,32.0,305.12,8.0,297.0,88.0,311.0,24.0,302.06,6.1200000000000045,120.0,32.0,0.6640557205609674,299.0,305.12,152,88.0,19.0,0.58
07:34:50,299.0,20.0,305.0,9.0,297.0,99.0,310.0,27.0,302.0,6.0,119.0,36.0,0.7706166362138934,299.0,305.0,155,83.0,3.0,0.54
07:34:51,299.0,22.0,303.18,11.0,297.0,121.0,310.0,33.0,301.09,4.180000000000007,143.0,44.0,0.7164007258575482,299.0,303.18,187,99.0,32.0,0.53
07:34:52,299.0,18.0,301.82,17.0,297.0,99.0,304.91,11.0,300.41,2.819999999999993,117.0,28.0,0.8639039298491827,299.0,301.82,145,89.0,-42.0,0.61
07:34:53,299.0,26.0,300.56,18.0,297.0,143.0,301.48,21.0,299.78,1.5600000000000023,169.0,39.0,0.9931112727225216,299.0,300.56,208,130.0,63.0,0.62
07:34:54,299.0,26.0,307.55,53.0,297.0,143.0,306.0,16.0,303.27,8.550000000000011,169.0,69.0,1.3708573959419186,299.0,307.55,238,100.0,30.0,0.42
07:34:55,297.48,66.0,308.0,65.0,296.43,123.0,309.0,13.0,302.74,10.519999999999982,189.0,78.0,1.4980220292134434,297.48,308.0,267,111.0,29.0,0.42
07:34:56,299.55,55.0,308.0,50.0,296.57,60.0,309.0,10.0,303.77,8.449999999999989,115.0,60.0,1.7853375031094507,299.55,308.0,175,55.0,-92.0,0.31
07:34:57,302.0,52.0,308.0,65.0,301.0,26.0,309.0,13.0,305.0,6.0,78.0,78.0,1.940559197759698,302.0,308.0,156,0.0,-19.0,0.0
07:34:58,302.0,24.0,308.0,30.0,301.0,12.0,309.0,6.0,305.0,6.0,36.0,36.0,1.0202597708478676,302.0,308.0,72,0.0,-84.0,0.0
07:34:59,301.44,36.0,307.57,61.0,298.17,23.0,308.17,42.0,304.51,6.1299999999999955,59.0,103.0,0.9607965445455845,301.44,307.57,162,-44.0,90.0,-0.27
07:35:00,301.0,22.0,305.36,55.0,297.0,22.0,308.0,55.0,303.18,4.360000000000014,44.0,110.0,0.7998562370894026,301.0,305.36,154,-66.0,-8.0,-0.43
07:35:01,301.0,22.0,305.0,55.0,297.0,22.0,308.0,55.0,303.0,4.0,44.0,110.0,0.979448824600191,301.0,305.0,154,-66.0,0.0,-0.43
07:35:02,301.0,28.0,304.21,70.0,297.0,28.0,310.92,72.0,302.61,3.2099999999999795,56.0,142.0,1.0352052936545086,301.0,304.21,198,-86.0,44.0,-0.43
07:35:03,301.0,20.0,304.0,50.0,296.33,12.0,313.0,87.0,302.5,3.0,32.0,137.0,0.8041455092269777,301.0,304.0,169,-105.0,-29.0,-0.62
07:35:04,301.0,30.0,303.6,75.0,296.53,15.0,312.89,111.0,302.3,2.6000000000000227,45.0,186.0,0.3629325006245157,301.0,303.6,231,-141.0,62.0,-0.61
07:35:05,298.44,25.0,303.0,75.0,291.92,26.0,312.0,48.0,300.72,4.560000000000002,51.0,123.0,0.8796476567405682,298.44,303.0,174,-72.0,-57.0,-0.41
07:35:06,294.0,14.0,301.79,70.0,293.0,14.0,311.75,32.0,297.89,7.7900000000000205,28.0,102.0,2.0046520895178954,294.0,301.79,130,-74.0,-44.0,-0.57
07:35:07,294.0,15.0,300.91,66.0,293.0,15.0,308.22,51.0,297.45,6.910000000000025,30.0,117.0,2.3908722257803094,294.0,300.91,147,-87.0,17.0,-0.59
07:35:08,288.32,114.0,298.19,42.0,287.35,102.0,300.81,84.0,293.25,9.870000000000005,216.0,126.0,3.4730059026736684,288.31999999999994,298.19,342,90.0,176.0,0.26
07:35:09,288.49,140.0,291.67,54.0,287.53,136.0,296.08,71.0,290.08,3.180000000000007,276.0,125.0,4.197841111810225,288.49,291.67,401,151.0,59.0,0.38
07:35:10,286.95,144.0,294.29,85.0,279.35,79.0,307.0,85.0,290.62,7.340000000000032,223.0,170.0,3.6839883278862677,286.95,294.29,393,53.0,-8.0,0.13
07:35:11,284.53,129.0,292.65,100.0,277.37,139.0,302.11,36.0,288.59,8.120000000000005,268.0,136.0,3.481518346928641,284.53,292.65,404,132.0,11.0,0.33
07:35:12,288.0,60.0,293.33,49.0,287.0,12.0,301.94,32.0,290.66,5.329999999999984,72.0,81.0,1.6829289943427639,288.0,293.33,153,-9.0,-176.0,-0.06
07:35:13,288.89,55.0,301.6,15.0,286.55,55.0,303.87,75.0,295.25,12.710000000000036,110.0,90.0,2.498449519201845,288.89,301.6,200,20.0,47.0,0.1
07:35:14,289.14,35.0,299.86,7.0,284.0,35.0,304.51,35.0,294.5,10.720000000000027,70.0,42.0,2.833360195951223,289.14,299.86,112,28.0,-88.0,0.25
07:35:15,290.0,60.0,297.33,12.0,284.0,60.0,303.75,48.0,293.67,7.329999999999984,120.0,60.0,2.8106636227057336,290.0,297.33,180,60.0,68.0,0.33
07:35:16,290.92,60.0,296.25,12.0,284.67,60.0,303.0,48.0,293.58,5.329999999999984,120.0,60.0,1.743436262099109,290.92,296.25,180,60.0,0.0,0.33
07:35:17,291.27,75.0,294.52,29.0,285.0,75.0,301.56,39.0,292.89,3.25,150.0,68.0,0.9120690763327931,291.27,294.52,218,82.0,38.0,0.38
07:35:18,292.14,72.0,294.15,34.0,284.5,72.0,297.77,22.0,293.14,2.009999999999991,144.0,56.0,0.6167090075571652,292.14,294.15,200,88.0,-18.0,0.44
07:35:19,293.0,12.0,302.0,6.0,283.6,10.0,303.0,24.0,297.5,9.0,22.0,30.0,1.8963992195744919,293.0,302.0,52,-8.0,-148.0,-0.15
07:35:20,295.33,30.0,301.61,18.0,289.39,33.0,302.96,48.0,298.47,6.28000000000003,63.0,66.0,2.652909723304525,295.33,301.61,129,-3.0,77.0,-0.02
07:35:21,297.2,40.0,302.28,36.0,294.93,30.0,303.06,51.0,299.74,5.079999999999984,70.0,87.0,3.145817858682354,297.2,302.28,157,-17.0,28.0,-0.11
07:35:22,297.62,21.0,302.68,38.0,295.67,12.0,303.4,20.0,300.15,5.060000000000002,33.0,58.0,2.808050925465236,297.62,302.68,91,-25.0,-66.0,-0.27
07:35:23,298.9,20.0,303.0,40.0,296.0,10.0,304.0,10.0,300.95,4.100000000000023,30.0,50.0,1.3737066644693916,298.9,303.0,80,-20.0,-11.0,-0.25
07:35:24,301.0,18.0,304.48,33.0,296.0,9.0,306.53,30.0,302.74,3.480000000000018,27.0,63.0,1.581186263540325,301.0,304.48,90,-36.0,10.0,-0.4
07:35:25,301.0,14.0,305.0,28.0,296.0,7.0,307.0,28.0,303.0,4.0,21.0,56.0,1.4866842300937653,301.0,305.0,77,-35.0,-13.0,-0.45
07:35:26,297.8,80.0,304.4,35.0,288.34,32.0,305.5,80.0,301.1,6.599999999999966,112.0,115.0,1.2281978667990539,297.8,304.4,227,-3.0,150.0,-0.01
07:35:27,294.65,34.0,299.31,13.0,284.82,73.0,304.72,43.0,296.98,4.660000000000025,107.0,56.0,2.4077956723960354,294.65,299.31,163,51.0,-64.0,0.31
07:35:28,287.53,19.0,290.23,13.0,284.98,85.0,293.31,13.0,288.88,2.7000000000000455,104.0,26.0,5.912579809187088,287.53,290.23,130,78.0,-33.0,0.6
07:35:29,285.0,84.0,289.43,14.0,283.0,12.0,298.39,23.0,287.21,4.430000000000007,96.0,37.0,7.112086894857518,285.0,289.43,133,59.0,3.0,0.44
07:35:30,285.19,43.0,300.18,22.0,284.47,19.0,304.62,32.0,292.68,14.990000000000009,62.0,54.0,5.730767836861148,285.19,300.18,116,8.0,-17.0,0.07
07:35:31,286.39,80.0,300.05,21.0,285.49,51.0,304.24,45.0,293.22,13.660000000000025,131.0,66.0,3.847646033615976,286.39,300.05,197,65.0,81.0,0.33
07:35:32,288.64,22.0,302.0,7.0,286.37,43.0,303.71,28.0,295.32,13.360000000000014,65.0,35.0,3.3243224873649635,288.64,302.0,100,30.0,-97.0,0.3
07:35:33,290.9,40.0,302.0,10.0,286.0,70.0,303.0,40.0,296.45,11.100000000000023,110.0,50.0,3.5692057940109967,290.9,302.0,160,60.0,60.0,0.38
07:35:34,293.56,18.0,302.0,6.0,288.67,24.0,303.0,24.0,297.78,8.439999999999998,42.0,30.0,2.147300631025709,293.56,302.0,72,12.0,-88.0,0.17
07:35:35,295.43,28.0,302.0,9.0,294.0,9.0,303.0,36.0,298.71,6.569999999999993,37.0,45.0,2.148704260712601,295.43,302.0,82,-8.0,10.0,-0.1
07:35:36,297.29,21.0,302.0,7.0,294.9,20.0,303.0,28.0,299.64,4.7099999999999795,41.0,35.0,1.7280769658801851,297.29,302.0,76,6.0,-6.0,0.08
07:35:37,298.0,18.0,302.0,14.0,296.0,18.0,303.83,24.0,300.0,4.0,36.0,38.0,1.441641425600183,298.0,302.0,74,-2.0,-2.0,-0.03
07:35:38,298.0,27.0,301.15,33.0,296.0,27.0,302.89,27.0,299.58,3.1499999999999773,54.0,60.0,0.8968946426460098,298.0,301.15,114,-6.0,40.0,-0.05
07:35:39,296.2,30.0,299.95,38.0,295.03,111.0,301.64,22.0,298.07,3.75,141.0,60.0,0.7897784499510939,296.2,299.95,201,81.0,87.0,0.4
07:35:40,297.45,146.0,299.0,34.0,296.0,51.0,300.0,68.0,298.22,1.5500000000000114,197.0,102.0,0.8898426827293848,297.45,299.0,299,95.0,98.0,0.32
07:35:41,298.0,102.0,299.83,36.0,296.0,54.0,300.92,51.0,298.92,1.829999999999984,156.0,87.0,0.8377469785125332,298.0,299.83,243,69.0,-56.0,0.28
07:35:42,298.0,30.0,301.31,39.0,295.48,115.0,303.25,24.0,299.65,3.3100000000000023,145.0,63.0,0.7375432190772235,298.0,301.31,208,82.0,-35.0,0.39
07:35:43,298.0,18.0,299.56,27.0,296.0,72.0,303.0,18.0,298.78,1.5600000000000023,90.0,45.0,0.6286254846938908,298.0,299.56,135,45.0,-73.0,0.33
07:35:44,298.0,28.0,301.4,35.0,296.0,112.0,308.09,33.0,299.7,3.3999999999999773,140.0,68.0,0.6247239390378536,298.0,301.4,208,72.0,73.0,0.35
07:35:45,296.46,71.0,305.0,32.0,295.48,138.0,307.41,78.0,300.73,8.54000000000002,209.0,110.0,0.7769362908292557,296.46,305.0,319,99.0,111.0,0.31
07:35:46,296.0,96.0,305.0,24.0,295.0,144.0,307.0,60.0,300.5,9.0,240.0,84.0,0.77489999355263,296.0,305.0,324,156.0,5.0,0.48
07:35:47,296.71,28.0,305.0,10.0,295.31,52.0,307.0,25.0,300.86,8.29000000000002,80.0,35.0,0.8711945821733129,296.71,305.0,115,45.0,-176.0,0.39
07:35:48,301.0,16.0,305.0,24.0,296.0,96.0,307.0,60.0,303.0,4.0,112.0,84.0,1.2271593213633678,301.0,305.0,196,28.0,81.0,0.14
07:35:49,301.0,12.0,306.76,51.0,296.0,96.0,314.6,45.0,303.88,5.759999999999991,108.0,96.0,1.5398636303289561,301.0,306.76,204,12.0,8.0,0.06
07:35:50,301.0,12.0,305.0,48.0,296.0,96.0,309.5,60.0,303.0,4.0,108.0,108.0,1.4812562236191102,301.0,305.0,216,0.0,12.0,0.0
07:35:51,301.0,5.0,305.0,20.0,296.0,40.0,310.0,25.0,303.0,4.0,45.0,45.0,1.1221051644168014,301.0,305.0,90,0.0,-126.0,0.0
07:35:52,301.0,9.0,305.0,36.0,296.0,72.0,310.0,45.0,303.0,4.0,81.0,81.0,0.39354796405434594,301.0,305.0,162,0.0,72.0,0.0
07:35:53,301.0,6.0,305.0,24.0,296.0,48.0,310.0,30.0,303.0,4.0,54.0,54.0,0.39354796405434594,301.0,305.0,108,0.0,-54.0,0.0
07:35:54,301.0,5.0,305.0,20.0,296.0,40.0,310.0,25.0,303.0,4.0,45.0,45.0,0.0,301.0,305.0,90,0.0,-18.0,0.0
07:35:55,301.0,8.0,305.0,32.0,296.0,64.0,310.0,40.0,303.0,4.0,72.0,72.0,0.0,301.0,305.0,144,0.0,54.0,0.0
07:35:56,296.91,22.0,305.0,28.0,295.84,38.0,310.0,35.0,300.95,8.089999999999975,60.0,63.0,0.9167878707807637,296.91,305.0,123,-3.0,-21.0,-0.02
07:35:57,296.0,78.0,304.38,52.0,295.0,26.0,307.19,57.0,300.19,8.379999999999995,104.0,109.0,1.357818102696446,296.0,304.38,213,-5.0,90.0,-0.02
07:35:58,296.07,58.0,304.0,44.0,295.4,30.0,305.0,44.0,300.03,7.930000000000007,88.0,88.0,1.4712001903240874,296.07000000000005,304.0,176,0.0,-37.0,0.0
07:35:59,296.05,88.0,303.38,64.0,295.3,40.0,305.62,64.0,299.71,7.329999999999984,128.0,128.0,1.3240770370371444,296.05,303.38,256,0.0,80.0,0.0
07:36:00,296.0,48.0,303.0,32.0,295.0,16.0,305.0,32.0,299.5,7.0,64.0,64.0,0.5578351010903466,296.0,303.0,128,0.0,-128.0,0.0
07:36:01,296.0,91.0,301.85,53.0,294.03,136.0,304.32,38.0,298.92,5.850000000000023,227.0,91.0,0.4982469267423108,296.0,301.85,318,136.0,176.0,0.43
07:36:02,294.62,96.0,297.5,40.0,293.9,116.0,299.57,28.0,296.06,2.8799999999999955,212.0,68.0,1.6080516160893399,294.62,297.5,280,144.0,-38.0,0.51
07:36:03,294.0,136.0,295.02,40.0,292.0,14.0,303.6,43.0,294.51,1.0199999999999818,150.0,83.0,2.3251989162234756,294.0,295.02,233,67.0,-47.0,0.29
07:36:04,294.0,130.0,300.62,37.0,292.0,11.0,305.83,48.0,297.31,6.6200000000000045,141.0,85.0,2.048060057714744,294.0,300.62,226,56.0,-7.0,0.25
07:36:05,294.12,85.0,296.41,22.0,293.94,155.0,304.38,58.0,295.26,2.2900000000000205,240.0,80.0,1.7439237368663552,294.12,296.41,320,160.0,94.0,0.5
07:36:06,294.29,21.0,299.6,10.0,293.98,91.0,305.56,27.0,296.94,5.310000000000002,112.0,37.0,1.1586328150046474,294.29,299.6,149,75.0,-171.0,0.5
07:36:07,294.0,50.0,304.38,21.0,292.0,5.0,308.18,22.0,299.19,10.379999999999995,55.0,43.0,1.8359384521290776,294.0,304.38,98,12.0,-51.0,0.12
07:36:08,294.0,100.0,303.95,66.0,292.0,10.0,309.31,61.0,298.98,9.949999999999989,110.0,127.0,1.6130189087567748,294.0,303.95,237,-17.0,139.0,-0.07
07:36:09,294.0,100.0,302.9,30.0,292.0,10.0,304.2,40.0,298.45,8.899999999999977,110.0,70.0,1.6531575847471662,294.0,302.9,180,40.0,-57.0,0.22
07:36:10,294.0,110.0,301.82,33.0,292.0,11.0,305.0,44.0,297.91,7.819999999999993,121.0,77.0,0.9053341924436009,294.0,301.82,198,44.0,18.0,0.22
07:36:11,294.0,110.0,300.55,33.0,292.0,11.0,305.0,74.0,297.27,6.550000000000011,121.0,107.0,0.7861297602861497,294.0,300.55,228,14.0,30.0,0.06
07:36:12,294.0,140.0,298.5,42.0,292.0,14.0,305.0,95.0,296.25,4.5,154.0,137.0,1.0614235723814787,294.0,298.5,291,17.0,63.0,0.06
07:36:13,294.0,172.0,296.92,39.0,292.0,13.0,305.55,49.0,295.46,2.920000000000016,185.0,88.0,1.2159851972809759,294.0,296.92,273,97.0,-18.0,0.36
07:36:14,294.0,158.0,295.1,30.0,292.0,10.0,300.2,30.0,294.55,1.1000000000000227,168.0,60.0,1.351192066290275,294.0,295.1,228,108.0,-45.0,0.47
07:36:15,294.0,133.0,300.73,33.0,292.0,11.0,309.35,46.0,297.36,6.730000000000018,144.0,79.0,1.200070831245258,294.0,300.73,223,65.0,-5.0,0.29
07:36:16,294.0,132.0,302.11,45.0,292.0,12.0,304.13,38.0,298.06,8.110000000000014,144.0,83.0,1.412915425638005,294.0,302.11,227,61.0,4.0,0.27
07:36:17,294.0,110.0,299.1,30.0,292.0,10.0,304.0,30.0,296.55,5.100000000000023,120.0,60.0,1.414719053383347,294.0,299.1,180,60.0,-47.0,0.33
07:36:18,294.0,101.0,299.0,30.0,287.09,22.0,304.0,30.0,296.5,5.0,123.0,60.0,1.3156861327862477,294.0,299.0,183,63.0,3.0,0.34
07:36:19,294.0,141.0,298.0,42.0,286.0,42.0,305.57,54.0,296.0,4.0,183.0,96.0,0.8138673110564502,294.0,298.0,279,87.0,96.0,0.31
07:36:20,292.99,71.0,296.9,30.0,287.85,39.0,305.0,50.0,294.94,3.909999999999968,110.0,80.0,1.1268540278163166,292.99,296.9,190,30.0,-89.0,0.16
07:36:21,292.14,180.0,295.5,54.0,288.59,74.0,303.52,73.0,293.82,3.3600000000000136,254.0,127.0,1.169324591379649,292.14,295.5,381,127.0,176.0,0.33
07:36:22,293.76,66.0,298.5,48.0,291.56,110.0,303.45,62.0,296.13,4.740000000000009,176.0,110.0,1.093215440800718,293.76,298.5,286,66.0,-95.0,0.23
07:36:23,292.0,96.0,303.23,22.0,284.8,20.0,305.16,58.0,297.61,11.230000000000018,116.0,80.0,1.417303778307714,292.0,303.23,196,36.0,-90.0,0.18
07:36:24,292.0,89.0,301.06,53.0,286.0,12.0,302.73,30.0,296.53,9.060000000000002,101.0,83.0,1.4643872438687136,292.0,301.06,184,18.0,-12.0,0.1
07:36:25,292.72,54.0,299.24,17.0,291.61,46.0,300.23,65.0,295.98,6.519999999999982,100.0,82.0,1.3821830558958483,292.72,299.24,182,18.0,-2.0,0.1
07:36:26,294.14,28.0,298.0,14.0,292.0,98.0,301.62,53.0,296.07,3.8600000000000136,126.0,67.0,0.6742996366645493,294.14,298.0,193,59.0,11.0,0.31
07:36:27,293.28,76.0,297.89,19.0,290.78,64.0,301.0,38.0,295.59,4.610000000000014,140.0,57.0,0.7766466377998801,293.28,297.89,197,83.0,4.0,0.42
07:36:28,292.0,49.0,297.0,7.0,287.0,21.0,300.43,14.0,294.5,5.0,70.0,21.0,0.7665702838000584,292.0,297.0,91,49.0,-106.0,0.54
07:36:29,292.0,21.0,297.0,3.0,287.0,9.0,300.0,6.0,294.5,5.0,30.0,9.0,0.7770907282968671,292.0,297.0,39,21.0,-52.0,0.54
07:36:30,292.33,84.0,297.0,15.0,290.36,73.0,300.0,30.0,294.67,4.670000000000016,157.0,45.0,0.721131056053403,292.33,297.0,202,112.0,163.0,0.55
07:36:31,293.7,40.0,295.2,10.0,292.0,70.0,299.2,20.0,294.45,1.5,110.0,30.0,0.481321098648713,293.7,295.2,140,80.0,-62.0,0.57
07:36:32,294.0,49.0,297.0,21.0,292.0,98.0,302.0,42.0,295.5,3.0,147.0,63.0,0.4417352148113232,294.0,297.0,210,84.0,70.0,0.4
07:36:33,294.0,24.0,297.29,28.0,292.0,56.0,302.0,24.0,295.64,3.2900000000000205,80.0,52.0,0.5721625643159687,294.0,297.29,132,28.0,-78.0,0.21
07:36:34,295.49,51.0,297.0,90.0,293.33,63.0,298.0,36.0,296.25,1.509999999999991,114.0,126.0,0.7378143397935485,295.49,297.0,240,-12.0,108.0,-0.05
07:36:35,296.0,23.0,297.0,23.0,292.0,49.0,298.0,14.0,296.5,1.0,72.0,37.0,0.7974145722304004,296.0,297.0,109,35.0,-131.0,0.32
07:36:36,293.25,51.0,297.0,26.0,289.95,65.0,298.0,26.0,295.13,3.75,116.0,52.0,0.5605622177827735,293.25,297.0,168,64.0,59.0,0.38
07:36:37,293.2,90.0,296.0,90.0,288.76,59.0,297.0,36.0,294.6,2.8000000000000114,149.0,126.0,0.7829623234903056,293.2,296.0,275,23.0,107.0,0.08
07:36:38,292.55,44.0,297.64,33.0,290.8,30.0,301.13,15.0,295.09,5.089999999999975,74.0,48.0,0.8180036674766323,292.55,297.64,122,26.0,-153.0,0.21
07:36:39,292.0,24.0,299.0,18.0,288.57,21.0,303.0,9.0,295.5,7.0,45.0,27.0,0.7110766484740287,292.0,299.0,72,18.0,-50.0,0.25
07:36:40,292.0,18.0,297.7,20.0,284.0,45.0,299.73,11.0,294.85,5.699999999999989,63.0,31.0,0.336050591436331,292.0,297.7,94,32.0,22.0,0.34
07:36:41,284.59,54.0,296.0,30.0,283.25,40.0,298.15,26.0,290.3,11.410000000000025,94.0,56.0,2.1323390912337747,284.59,296.0,150,38.0,56.0,0.25
07:36:44,285.69,78.0,297.3,23.0,284.62,55.0,300.9,42.0,291.5,11.610000000000014,133.0,65.0,4.059184647191952,285.69,297.3,198,68.0,-120.0,0.34
07:36:45,287.67,110.0,296.43,42.0,285.83,58.0,300.82,66.0,292.05,8.759999999999991,168.0,108.0,3.2518579304757727,287.67,296.43,276,60.0,78.0,0.22
07:36:46,293.84,45.0,299.0,24.0,292.22,54.0,301.0,48.0,296.42,5.160000000000025,99.0,72.0,4.710012738836235,293.84,299.0,171,27.0,-105.0,0.16
07:36:47,295.68,50.0,298.68,38.0,293.88,80.0,300.79,58.0,297.18,3.0,130.0,96.0,4.676184341961113,295.68,298.68,226,34.0,55.0,0.15
07:36:48,294.0,75.0,296.0,52.0,292.0,75.0,297.42,38.0,295.0,2.0,150.0,90.0,2.554251358031222,294.0,296.0,240,60.0,14.0,0.25
07:36:49,294.0,44.0,295.0,56.0,292.0,70.0,302.33,42.0,294.5,1.0,114.0,98.0,1.9822209765828351,294.0,295.0,212,16.0,-28.0,0.08
07:36:50,292.63,19.0,301.25,32.0,287.0,40.0,305.62,32.0,296.94,8.620000000000005,59.0,64.0,1.1939514227999672,292.63,301.25,123,-5.0,-89.0,-0.04
07:36:51,289.38,16.0,304.5,36.0,284.64,25.0,305.26,76.0,296.94,15.120000000000005,41.0,112.0,1.2596507452489263,289.38,304.5,153,-71.0,30.0,-0.46
07:36:52,293.0,26.0,302.08,26.0,291.0,13.0,305.0,104.0,297.54,9.079999999999984,39.0,130.0,1.3434582241388318,293.0,302.08,169,-91.0,16.0,-0.54
07:36:53,291.41,34.0,301.27,30.0,288.12,24.0,306.38,126.0,296.34,9.859999999999957,58.0,156.0,1.1707775194316616,291.41,301.2699999999999,214,-98.0,45.0,-0.46
07:36:54,284.0,108.0,292.04,51.0,283.0,88.0,301.82,62.0,288.02,8.04000000000002,196.0,113.0,4.011643054909692,284.0,292.04,309,83.0,95.0,0.27
07:36:59,292.5,42.0,298.0,50.0,285.91,22.0,300.0,20.0,295.25,5.5,64.0,70.0,4.139305497302355,292.5,298.0,134,-6.0,-72.0,-0.04
07:37:00,295.51,41.0,298.0,55.0,292.96,47.0,300.0,22.0,296.76,2.490000000000009,88.0,77.0,5.420061807765671,295.51,298.0,165,11.0,31.0,0.07
07:37:01,296.0,27.0,298.0,45.0,295.0,45.0,300.0,18.0,297.0,2.0,72.0,63.0,5.473013794976475,296.0,298.0,135,9.0,-30.0,0.07
07:37:02,296.0,36.0,298.0,60.0,295.0,60.0,300.0,24.0,297.0,2.0,96.0,84.0,4.408845653910477,296.0,298.0,180,12.0,45.0,0.07
07:37:03,296.0,33.0,298.0,43.0,295.0,55.0,300.0,22.0,297.0,2.0,88.0,65.0,0.7629023528653819,296.0,298.0,153,23.0,-27.0,0.15
07:37:04,296.68,37.0,298.0,33.0,295.51,41.0,300.0,22.0,297.34,1.3199999999999932,78.0,55.0,0.2068816086752252,296.68,298.0,133,23.0,-20.0,0.17
07:37:05,296.43,14.0,298.0,30.0,295.0,22.0,300.0,20.0,297.21,1.5699999999999932,36.0,50.0,0.1574801575061546,296.43,298.0,86,-14.0,-47.0,-0.16
07:37:06,296.0,5.0,298.0,24.0,294.98,49.0,300.0,10.0,297.0,2.0,54.0,34.0,0.1574801575061546,296.0,298.0,88,20.0,2.0,0.23
07:37:07,296.0,11.0,298.0,39.0,295.0,132.0,300.0,22.0,297.0,2.0,143.0,61.0,0.1574801575061546,296.0,298.0,204,82.0,116.0,0.4
07:37:08,296.0,6.0,298.0,18.0,295.0,72.0,300.0,12.0,297.0,2.0,78.0,30.0,0.1574801575061546,296.0,298.0,108,48.0,-96.0,0.44
07:37:09,296.27,11.0,298.0,32.0,295.03,99.0,300.0,22.0,297.14,1.7300000000000182,110.0,54.0,0.098994949407113,296.27,298.0,164,56.0,56.0,0.34
07:37:10,296.0,14.0,298.43,23.0,295.0,168.0,301.74,43.0,297.22,2.430000000000007,182.0,66.0,0.10256705127926274,296.0,298.43,248,116.0,84.0,0.47
07:37:11,296.0,9.0,300.0,9.0,295.0,108.0,303.0,45.0,298.0,4.0,117.0,54.0,0.417755909603183,296.0,300.0,171,63.0,-77.0,0.37
07:37:12,296.0,8.0,298.4,20.0,295.0,96.0,302.5,24.0,297.2,2.3999999999999773,104.0,44.0,0.39410658457888803,296.0,298.4,148,60.0,-23.0,0.41
07:37:13,295.01,121.0,298.0,44.0,294.55,22.0,302.08,26.0,296.5,2.990000000000009,143.0,70.0,0.5322781227970063,295.01,298.0,213,73.0,65.0,0.34
07:37:14,295.0,96.0,298.0,32.0,294.0,8.0,303.0,38.0,296.5,3.0,104.0,70.0,0.623121176022881,295.0,298.0,174,34.0,-39.0,0.2
07:37:15,295.0,156.0,297.24,34.0,294.0,13.0,298.5,40.0,296.12,2.240000000000009,169.0,74.0,0.7453053065743368,295.0,297.24,243,95.0,69.0,0.39
07:37:16,295.6,218.0,300.37,35.0,294.93,108.0,301.8,35.0,297.98,4.769999999999982,326.0,70.0,0.7376991256656468,295.6,300.37,396,256.0,153.0,0.65
07:37:17,296.0,104.0,298.43,14.0,295.0,80.0,299.8,10.0,297.21,2.430000000000007,184.0,24.0,0.7388639929025226,296.0,298.43,208,160.0,-176.0,0.77
07:37:18,296.0,108.0,297.67,24.0,295.0,160.0,298.33,24.0,296.83,1.670000000000016,268.0,48.0,0.7127201414355645,296.0,297.67,316,220.0,108.0,0.7
07:37:19,296.0,37.0,302.22,23.0,295.0,140.0,303.38,34.0,299.11,6.220000000000027,177.0,57.0,1.1453602053539593,296.0,302.22,234,120.0,-82.0,0.51
07:37:20,296.0,22.0,303.0,22.0,295.0,110.0,304.0,44.0,299.5,7.0,132.0,66.0,1.161477507319528,296.0,303.0,198,66.0,-36.0,0.33
07:37:21,296.0,34.0,302.06,34.0,295.0,170.0,304.84,76.0,299.03,6.060000000000002,204.0,110.0,1.221834686039566,296.0,302.06,314,94.0,116.0,0.3
07:37:22,296.0,26.0,300.0,26.0,295.0,130.0,305.0,52.0,298.0,4.0,156.0,78.0,1.0830189287402,296.0,300.0,234,78.0,-80.0,0.33
07:37:23,296.0,11.0,305.22,36.0,295.0,100.0,308.06,47.0,300.61,9.220000000000027,111.0,83.0,0.941089793808429,296.0,305.22,194,28.0,-40.0,0.14
07:37:24,296.0,11.0,304.25,48.0,295.0,110.0,305.18,44.0,300.12,8.25,121.0,92.0,1.009440439060488,296.0,304.25,213,29.0,19.0,0.14
07:37:25,297.09,11.0,303.44,36.0,295.03,72.0,305.0,36.0,300.27,6.350000000000023,83.0,72.0,1.07518835559673,297.09,303.44,155,11.0,-58.0,0.07
07:37:26,295.03,66.0,300.76,68.0,293.83,59.0,302.59,68.0,297.9,5.730000000000018,125.0,136.0,1.3178960505330277,295.03,300.76,261,-11.0,106.0,-0.04
07:37:27,294.0,49.0,298.0,52.0,293.0,52.0,299.0,52.0,296.0,4.0,101.0,104.0,1.9791033323225258,294.0,298.0,205,-3.0,-56.0,-0.01
07:37:28,294.52,50.0,297.06,64.0,293.62,64.0,299.29,49.0,295.79,2.5400000000000205,114.0,113.0,2.152911981482059,294.52,297.06,227,1.0,22.0,0.0
07:37:29,295.0,12.0,297.0,48.0,294.0,48.0,304.0,48.0,296.0,2.0,60.0,96.0,1.9224125467776385,295.0,297.0,156,-36.0,-71.0,-0.23
07:37:30,295.0,9.0,296.78,36.0,294.0,36.0,304.0,36.0,295.89,1.7799999999999727,45.0,72.0,0.8897921105556894,295.0,296.78,117,-27.0,-39.0,-0.23
07:37:31,295.0,11.0,296.0,24.0,294.0,44.0,304.33,45.0,295.5,1.0,55.0,69.0,0.20719555981410492,295.0,296.0,124,-14.0,7.0,-0.11
07:37:32,294.02,49.0,297.56,32.0,292.11,72.0,305.71,56.0,295.79,3.5400000000000205,121.0,88.0,0.1858224959649375,294.02,297.56,209,33.0,85.0,0.16
07:37:33,294.0,17.0,304.23,52.0,292.11,61.0,308.71,28.0,299.12,10.230000000000018,78.0,80.0,1.4985492984908186,294.0,304.23,158,-2.0,-51.0,-0.01
07:37:34,294.0,9.0,304.78,9.0,293.0,9.0,308.81,26.0,299.39,10.779999999999973,18.0,35.0,1.9401984434608792,294.0,304.78,53,-17.0,-105.0,-0.32
07:37:35,294.0,11.0,303.0,11.0,293.0,11.0,306.0,11.0,298.5,9.0,22.0,22.0,1.8703341947386192,294.0,303.0,44,0.0,-9.0,0.0
07:37:36,294.0,9.0,303.0,9.0,293.0,9.0,306.0,9.0,298.5,9.0,18.0,18.0,1.434625386646003,294.0,303.0,36,0.0,-8.0,0.0
07:37:37,292.0,75.0,300.96,57.0,284.33,45.0,303.2,15.0,296.48,8.95999999999998,120.0,72.0,1.1407103050333727,292.0,300.96,192,48.0,156.0,0.25
07:37:38,292.0,60.0,299.42,48.0,283.0,36.0,303.0,12.0,295.71,7.420000000000016,96.0,60.0,1.5478468916558275,292.0,299.42,156,36.0,-36.0,0.23
07:37:39,292.0,55.0,299.0,33.0,283.0,33.0,303.84,19.0,295.5,7.0,88.0,52.0,1.471842382868405,292.0,299.0,140,36.0,-16.0,0.26
07:37:40,292.0,95.0,296.32,69.0,282.96,55.0,298.53,58.0,294.16,4.319999999999993,150.0,127.0,1.5949608145677854,292.0,296.32,277,23.0,137.0,0.08
07:37:41,292.0,39.0,294.76,59.0,287.96,23.0,296.74,47.0,293.38,2.759999999999991,62.0,106.0,1.2513912257985274,292.0,294.76,168,-44.0,-109.0,-0.26
07:37:42,291.97,59.0,293.53,45.0,290.6,25.0,295.59,34.0,292.75,1.5599999999999454,84.0,79.0,1.293889485236154,291.97,293.53,163,5.0,-5.0,0.03
07:37:43,292.0,142.0,293.11,36.0,291.0,34.0,295.48,44.0,292.56,1.1100000000000136,176.0,80.0,1.1991246807584202,292.0,293.11,256,96.0,93.0,0.38
07:37:44,292.0,60.0,293.0,20.0,291.0,20.0,302.0,10.0,292.5,1.0,80.0,30.0,0.7020683727411022,292.0,293.0,110,50.0,-146.0,0.45
07:37:45,296.0,20.0,300.62,13.0,291.91,44.0,305.93,56.0,298.31,4.6200000000000045,64.0,69.0,2.4898092296407337,296.0,300.62,133,-5.0,23.0,-0.04
07:37:46,300.0,11.0,302.0,11.0,297.0,44.0,306.0,55.0,301.0,2.0,55.0,66.0,3.978797557052357,300.0,302.0,121,-11.0,-12.0,-0.09
07:37:47,299.33,12.0,302.0,5.0,298.83,48.0,306.0,25.0,300.67,2.670000000000016,60.0,30.0,4.217471991609134,299.33,302.0,90,30.0,-31.0,0.33
07:37:48,299.0,41.0,302.0,7.0,297.0,28.0,306.0,35.0,300.5,3.0,69.0,42.0,3.568925608640385,299.0,302.0,111,27.0,21.0,0.24
07:37:49,299.0,50.0,302.0,10.0,297.0,40.0,306.0,50.0,300.5,3.0,90.0,60.0,1.0738854687585377,299.0,302.0,150,30.0,39.0,0.2
07:37:50,299.0,17.0,302.0,9.0,296.79,28.0,306.0,45.0,300.5,3.0,45.0,54.0,0.2174396468246346,299.0,302.0,99,-9.0,-51.0,-0.09
07:37:51,297.69,32.0,301.32,19.0,296.48,40.0,305.5,50.0,299.5,3.6299999999999955,72.0,69.0,0.47199576270437926,297.69,301.32,141,3.0,42.0,0.02
07:37:52,297.0,27.0,302.86,14.0,294.0,14.0,306.47,36.0,299.93,5.860000000000014,41.0,50.0,0.4560482430738168,297.0,302.86,91,-9.0,-50.0,-0.1
07:37:53,298.0,52.0,306.68,31.0,297.0,13.0,307.1,73.0,302.34,8.680000000000007,65.0,104.0,1.0835035763721022,298.0,306.68,169,-39.0,78.0,-0.23
07:37:54,297.86,28.0,306.6,20.0,295.8,10.0,307.07,56.0,302.23,8.740000000000009,38.0,76.0,1.313716103277856,297.86,306.6,114,-38.0,-55.0,-0.33
07:37:55,297.0,14.0,306.0,39.0,294.19,16.0,307.34,59.0,301.5,9.0,30.0,98.0,1.3137161032779425,297.0,306.0,128,-68.0,14.0,-0.53
07:37:56,295.56,25.0,305.63,41.0,294.78,27.0,306.63,46.0,300.6,10.069999999999993,52.0,87.0,1.0430004793920324,295.56,305.63,139,-35.0,11.0,-0.25
07:37:57,295.0,39.0,302.31,16.0,294.0,13.0,304.02,49.0,298.66,7.310000000000002,52.0,65.0,1.5142919137378115,295.0,302.31,117,-13.0,-22.0,-0.11
07:37:58,295.0,45.0,298.93,27.0,294.0,15.0,300.17,48.0,296.96,3.930000000000007,60.0,75.0,2.157521726428425,295.0,298.93,135,-15.0,18.0,-0.11
07:37:59,295.0,33.0,297.0,11.0,294.0,11.0,298.0,44.0,296.0,2.0,44.0,55.0,2.332355033010498,295.0,297.0,99,-11.0,-36.0,-0.11
07:38:00,294.58,19.0,303.14,56.0,293.33,12.0,305.87,31.0,298.86,8.560000000000002,31.0,87.0,1.7877024360918823,294.58,303.14,118,-56.0,19.0,-0.47
07:38:01,286.5,22.0,306.0,50.0,289.4,10.0,307.0,30.0,296.25,19.5,32.0,80.0,1.3398432744197932,286.5,306.0,112,-48.0,-6.0,-0.43
07:38:15,290.82,33.0,295.79,33.0,285.69,35.0,296.94,81.0,293.3,4.970000000000027,68.0,114.0,3.357391844869821,290.82,295.79,182,-46.0,25.0,-0.25
07:38:16,294.55,20.0,296.0,30.0,292.16,25.0,297.89,45.0,295.27,1.4499999999999886,45.0,75.0,4.59686088543036,294.55,296.0,120,-30.0,-62.0,-0.25
07:38:17,295.5,16.0,297.25,32.0,294.2,10.0,298.78,23.0,296.38,1.75,26.0,55.0,4.892664918017688,295.5,297.25,81,-29.0,-39.0,-0.36
07:38:18,295.96,46.0,297.81,69.0,294.85,13.0,330.82,51.0,296.88,1.8500000000000227,59.0,120.0,4.104506060417331,295.96,297.81,179,-61.0,98.0,-0.34
07:38:19,295.0,10.0,301.0,70.0,294.0,10.0,503.11,18.0,298.0,6.0,20.0,88.0,1.7843710376500137,295.0,301.0,108,-68.0,-71.0,-0.63
07:38:20,292.29,21.0,300.8,40.0,291.07,29.0,332.18,40.0,296.54,8.509999999999991,50.0,80.0,0.9821303375849118,292.29,300.8,130,-30.0,22.0,-0.23
07:38:21,293.79,38.0,297.39,18.0,292.09,33.0,301.82,91.0,295.59,3.599999999999966,71.0,109.0,0.8775078347255372,293.79,297.39,180,-38.0,50.0,-0.21
07:38:22,293.0,20.0,296.0,12.0,291.88,25.0,302.7,66.0,294.5,3.0,45.0,78.0,1.3255263105666735,293.0,296.0,123,-33.0,-57.0,-0.27
07:38:23,292.79,28.0,295.57,14.0,290.77,40.0,302.89,53.0,294.18,2.7799999999999727,68.0,67.0,1.5603589330677106,292.79,295.57,135,1.0,12.0,0.01
07:38:24,292.15,65.0,301.0,17.0,291.15,41.0,303.0,85.0,296.58,8.850000000000023,106.0,102.0,1.1175956334936292,292.15,301.0,208,4.0,73.0,0.02
07:38:25,292.69,52.0,301.0,13.0,292.28,32.0,303.0,65.0,296.85,8.310000000000002,84.0,78.0,1.1970171260278855,292.69,301.0,162,6.0,-46.0,0.04
07:38:26,292.0,168.0,301.0,12.0,291.0,36.0,304.25,60.0,296.5,9.0,204.0,72.0,1.2732713772028916,292.0,301.0,276,132.0,114.0,0.48
07:38:27,292.0,98.0,299.0,9.0,291.0,21.0,305.84,31.0,295.5,7.0,119.0,40.0,1.1000999954568877,292.0,299.0,159,79.0,-117.0,0.5
07:38:28,292.0,84.0,298.5,8.0,291.0,18.0,304.85,26.0,295.25,6.5,102.0,34.0,0.7122008143805808,292.0,298.5,136,68.0,-23.0,0.5
07:38:29,292.0,182.0,300.0,13.0,291.0,39.0,305.23,65.0,296.0,8.0,221.0,78.0,0.667645115315246,292.0,300.0,299,143.0,163.0,0.48
07:38:30,292.0,182.0,300.0,13.0,291.0,39.0,306.0,65.0,296.0,8.0,221.0,78.0,0.4873397172447772,292.0,300.0,299,143.0,0.0,0.48
07:38:31,292.0,84.0,300.0,6.0,291.0,18.0,306.0,30.0,296.0,8.0,102.0,36.0,0.3535533905991688,292.0,300.0,138,66.0,-161.0,0.48
07:38:32,297.15,46.0,300.0,16.0,292.71,55.0,340.67,60.0,298.58,2.8500000000000227,101.0,76.0,1.2795624252080984,297.15,300.0,177,25.0,39.0,0.14
07:38:33,293.24,90.0,300.0,13.0,292.06,49.0,605.54,65.0,296.62,6.759999999999991,139.0,78.0,1.117228714276786,293.24,300.0,217,61.0,40.0,0.28
07:38:34,292.0,156.0,300.0,12.0,291.0,36.0,546.0,60.0,296.0,8.0,192.0,72.0,1.117228714276786,292.0,300.0,264,120.0,47.0,0.45
07:38:35,292.0,111.0,299.31,26.0,291.0,42.0,397.83,46.0,295.65,7.310000000000002,153.0,72.0,1.17673276490652,292.0,299.31,225,81.0,-39.0,0.36
07:38:36,292.0,60.0,298.26,38.0,291.0,36.0,299.57,14.0,295.13,6.259999999999991,96.0,52.0,1.3356758588836029,292.0,298.26,148,44.0,-77.0,0.3
07:38:37,292.0,40.0,296.5,24.0,291.0,24.0,300.0,8.0,294.25,4.5,64.0,32.0,0.8974686624077852,292.0,296.5,96,32.0,-52.0,0.33
07:38:38,292.0,45.0,294.78,27.0,291.0,27.0,295.78,27.0,293.39,2.7799999999999727,72.0,54.0,1.0638044933180673,292.0,294.78,126,18.0,30.0,0.14
07:38:39,292.0,40.0,293.12,24.0,290.77,26.0,294.12,24.0,292.56,1.1200000000000045,66.0,48.0,1.2565349179403442,292.0,293.12,114,18.0,-12.0,0.16
07:38:40,291.03,39.0,292.92,39.0,286.5,16.0,299.78,27.0,291.97,1.8900000000000432,55.0,66.0,1.2696456198494848,291.03,292.92,121,-11.0,7.0,-0.09
07:38:41,289.0,15.0,291.9,30.0,283.5,20.0,300.9,42.0,290.45,2.8999999999999773,35.0,72.0,1.4438420966305818,289.0,291.9,107,-37.0,-14.0,-0.35
07:38:42,283.4,25.0,299.59,58.0,281.46,65.0,312.08,83.0,291.49,16.189999999999998,90.0,141.0,1.1073933357223942,283.4,299.59,231,-51.0,124.0,-0.22
07:38:43,283.0,24.0,294.67,24.0,281.0,60.0,297.74,35.0,288.83,11.670000000000016,84.0,59.0,1.466969665672101,283.0,294.67,143,25.0,-88.0,0.17
07:38:44,284.2,30.0,293.14,21.0,281.84,73.0,294.49,47.0,288.67,8.939999999999998,103.0,68.0,1.5036355941523365,284.2,293.14,171,35.0,28.0,0.2
07:38:45,283.03,31.0,291.25,16.0,282.03,77.0,294.15,39.0,287.14,8.220000000000027,108.0,55.0,1.6882476121711307,283.03,291.25,163,53.0,-8.0,0.33
07:38:46,285.0,7.0,291.92,13.0,281.0,31.0,293.88,32.0,288.46,6.920000000000016,38.0,45.0,1.585518842524864,285.0,291.92,83,-7.0,-80.0,-0.08
07:38:47,287.42,19.0,292.0,14.0,280.74,53.0,294.0,35.0,289.71,4.579999999999984,72.0,49.0,0.9265365616106115,287.42,292.0,121,23.0,38.0,0.19
07:38:48,281.14,43.0,291.82,22.0,279.35,92.0,293.84,49.0,286.48,10.680000000000007,135.0,71.0,1.283771786573061,281.14,291.82,206,64.0,85.0,0.31
07:39:03,280.82,17.0,291.0,51.0,275.39,158.0,292.0,85.0,285.91,10.180000000000007,175.0,136.0,1.8490321792762208,280.82,291.0,311,39.0,-31.0,0.13
07:39:04,281.3,10.0,291.94,48.0,276.0,100.0,293.69,32.0,286.62,10.639999999999986,110.0,80.0,2.400066665740585,281.3,291.94,190,30.0,-121.0,0.16
07:39:17,282.41,128.0,289.5,36.0,279.9,41.0,289.33,36.0,285.95,7.089999999999975,169.0,72.0,2.9737400693400824,282.41,289.5,241,97.0,81.0,0.4
07:39:37,287.46,41.0,291.47,60.0,284.93,56.0,293.19,118.0,289.47,4.010000000000048,97.0,178.0,1.2843870133258575,287.46,291.47,275,-81.0,78.0,-0.29
07:39:44,280.14,28.0,292.48,27.0,278.71,21.0,389.88,32.0,286.31,12.340000000000032,49.0,59.0,1.6930209685644084,280.14,292.48,108,-10.0,22.0,-0.09
07:39:45,283.2,50.0,294.0,45.0,281.57,70.0,368.49,47.0,288.6,10.800000000000011,120.0,92.0,2.6971614708799114,283.2,294.0,212,28.0,104.0,0.13
07:39:46,286.15,26.0,293.0,14.0,284.87,38.0,294.0,42.0,289.58,6.850000000000023,64.0,56.0,2.626086441836881,286.15,293.0,120,8.0,-92.0,0.07
07:39:47,290.13,23.0,292.09,11.0,288.6,20.0,310.15,39.0,291.11,1.9599999999999795,43.0,50.0,2.78918088334189,290.13,292.09,93,-7.0,-27.0,-0.08
07:39:48,291.46,46.0,329.86,35.0,286.43,35.0,474.08,49.0,310.66,38.400000000000034,81.0,84.0,9.88613524083101,291.46,329.86,165,-3.0,72.0,-0.02
07:39:49,294.01,69.0,377.84,62.0,287.92,91.0,552.4,60.0,335.93,83.82999999999998,160.0,122.0,20.443422658645044,294.01,377.84,282,38.0,117.0,0.13
07:39:53,300.0,20.0,389.57,28.0,294.0,10.0,414.89,27.0,344.79,89.57,30.0,55.0,30.45715892856724,300.0,389.57,85,-25.0,6.0,-0.29
07:39:54,300.0,16.0,389.0,16.0,294.0,8.0,391.0,24.0,344.5,89.0,24.0,40.0,27.98264372785394,300.0,389.0,64,-16.0,-21.0,-0.25
07:39:55,300.0,10.0,388.4,10.0,296.91,11.0,391.0,15.0,344.2,88.39999999999998,21.0,25.0,29.714476269993423,300.0,388.4,46,-4.0,-18.0,-0.09
07:39:56,300.0,10.0,379.29,14.0,298.0,20.0,388.09,11.0,339.64,79.29000000000002,30.0,25.0,26.06779660807565,300.0,379.29,55,5.0,9.0,0.09
07:39:57,300.0,22.0,381.14,28.0,298.0,44.0,389.78,27.0,340.57,81.13999999999999,66.0,55.0,2.436729365358085,300.0,381.14,121,11.0,66.0,0.09
07:39:58,300.0,24.0,353.0,42.0,298.0,48.0,389.6,30.0,326.5,53.0,72.0,72.0,7.354945275119197,300.0,353.0,144,0.0,23.0,0.0
07:39:59,300.0,16.0,385.0,16.0,298.0,32.0,408.92,26.0,342.5,85.0,48.0,42.0,7.03400454933022,300.0,385.0,90,6.0,-54.0,0.07
07:40:00,300.0,16.0,329.21,28.0,298.0,32.0,368.89,28.0,314.61,29.20999999999998,48.0,56.0,11.956254848404559,300.0,329.21,104,-8.0,14.0,-0.08
07:40:01,298.67,36.0,307.44,45.0,297.33,36.0,356.14,37.0,303.06,8.769999999999982,72.0,82.0,16.876293135638438,298.67,307.44,154,-10.0,50.0,-0.06
07:40:02,298.0,64.0,321.06,36.0,296.0,32.0,353.33,63.0,309.53,23.060000000000002,96.0,99.0,15.58243081165441,298.0,321.06,195,-3.0,41.0,-0.02
07:40:03,297.45,33.0,311.25,32.0,294.62,39.0,312.35,34.0,304.35,13.800000000000011,72.0,66.0,16.141008332814778,297.45,311.25,138,6.0,-57.0,0.04
07:40:04,296.0,8.0,307.5,16.0,294.0,24.0,310.0,32.0,301.75,11.5,32.0,48.0,5.334875818610496,296.0,307.5,80,-16.0,-58.0,-0.2
07:40:05,296.0,12.0,304.94,36.0,294.0,36.0,307.0,36.0,300.47,8.939999999999998,48.0,72.0,3.4989026851278235,296.0,304.94,120,-24.0,40.0,-0.2
07:40:06,296.0,15.0,300.19,32.0,294.0,45.0,301.45,44.0,298.09,4.189999999999998,60.0,76.0,4.37045993002964,296.0,300.19,136,-16.0,16.0,-0.12
07:40:07,292.93,28.0,297.81,27.0,292.02,60.0,298.93,28.0,295.37,4.8799999999999955,88.0,55.0,3.438412424360197,292.93,297.81,143,33.0,7.0,0.23
07:40:08,292.0,18.0,293.0,14.0,291.0,70.0,298.86,28.0,292.5,1.0,88.0,42.0,3.7641705593655455,292.0,293.0,130,46.0,-13.0,0.35
07:40:09,291.45,11.0,295.57,14.0,290.16,43.0,299.43,28.0,293.51,4.1200000000000045,54.0,42.0,3.286155808843242,291.45,295.57,96,12.0,-34.0,0.12
07:40:10,293.9,62.0,298.29,28.0,290.33,18.0,300.0,56.0,296.09,4.390000000000043,80.0,84.0,2.195477169089669,293.9,298.29,164,-4.0,68.0,-0.02
07:40:11,293.91,35.0,295.79,38.0,290.84,19.0,366.23,52.0,294.85,1.8799999999999955,54.0,90.0,1.447508203774326,293.91,295.79,144,-36.0,-20.0,-0.25
07:40:12,294.0,30.0,295.6,20.0,291.8,10.0,587.31,26.0,294.8,1.6000000000000227,40.0,46.0,1.3791482878914652,294.0,295.6,86,-6.0,-58.0,-0.07
07:40:13,293.8,15.0,356.85,13.0,290.25,8.0,564.0,20.0,325.32,63.05000000000001,23.0,33.0,13.673844740964217,293.8,356.85,56,-10.0,-30.0,-0.18
07:40:14,292.0,8.0,348.62,24.0,291.0,8.0,491.11,36.0,320.31,56.620000000000005,16.0,60.0,15.212114580162599,292.0,348.62000000000006,76,-44.0,20.0,-0.58
07:40:18,301.0,5.0,377.0,25.0,300.0,30.0,466.0,10.0,339.0,76.0,35.0,35.0,50.97408625958889,301.0,377.0,70,0.0,-40.0,0.0
07:40:19,300.04,49.0,374.62,26.0,298.29,84.0,376.81,43.0,337.33,74.57999999999998,133.0,69.0,46.104522229386674,300.04,374.62,202,64.0,132.0,0.32
07:40:20,300.0,65.0,372.26,27.0,298.0,104.0,373.73,30.0,336.13,72.25999999999999,169.0,57.0,42.94128863925725,300.0,372.26,226,112.0,24.0,0.5
07:40:21,300.0,60.0,366.35,31.0,298.0,96.0,367.92,24.0,333.18,66.35000000000002,156.0,55.0,25.931703954811738,300.0,366.35,211,101.0,-15.0,0.48
07:40:22,300.0,35.0,318.62,21.0,298.0,80.0,331.86,21.0,309.31,18.620000000000005,115.0,42.0,12.304407746819612,300.0,318.62,157,73.0,-54.0,0.46
07:40:23,297.75,40.0,301.05,22.0,296.64,22.0,302.54,26.0,299.4,3.3000000000000114,62.0,48.0,17.505212080977262,297.75,301.05,110,14.0,-47.0,0.13
07:40:24,297.0,21.0,298.17,18.0,295.0,6.0,300.0,12.0,297.58,1.170000000000016,27.0,30.0,18.412698064107566,297.0,298.17,57,-3.0,-53.0,-0.05
07:40:25,297.0,6.0,298.0,18.0,295.0,6.0,300.0,12.0,297.5,1.0,12.0,30.0,15.220863313228598,297.0,298.0,42,-18.0,-15.0,-0.43
07:40:26,295.0,10.0,297.4,30.0,294.0,10.0,308.0,20.0,296.2,2.3999999999999773,20.0,50.0,5.328754075765393,295.0,297.4,70,-30.0,28.0,-0.43
07:40:27,294.25,8.0,303.83,18.0,293.06,32.0,403.42,19.0,299.04,9.579999999999984,40.0,37.0,1.293475937149834,294.25,303.83,77,3.0,7.0,0.04
07:40:28,294.0,8.0,308.93,14.0,293.0,40.0,554.0,19.0,301.46,14.930000000000007,48.0,33.0,2.005362810063493,294.0,308.93,81,15.0,4.0,0.19
07:40:29,299.21,53.0,305.11,18.0,293.05,37.0,307.8,10.0,302.16,5.900000000000034,90.0,28.0,2.5376603397590602,299.21,305.11,118,62.0,37.0,0.53
07:40:30,300.0,138.0,304.0,12.0,294.0,6.0,308.0,6.0,302.0,4.0,144.0,18.0,2.550043136887357,300.0,304.0,162,126.0,44.0,0.78
07:40:31,300.0,157.0,303.86,14.0,294.0,8.0,306.4,10.0,301.93,3.8600000000000136,165.0,24.0,1.2998153714995522,300.0,303.86,189,141.0,27.0,0.75
07:40:32,300.0,142.0,301.8,46.0,294.9,31.0,303.18,11.0,300.9,1.8000000000000114,173.0,57.0,0.5127377497187212,300.0,301.8,230,116.0,41.0,0.5
07:40:33,300.0,100.0,301.0,60.0,295.0,48.0,304.75,16.0,300.5,1.0,148.0,76.0,0.7467395797643168,300.0,301.0,224,72.0,-6.0,0.32
07:40:34,296.19,42.0,303.81,32.0,294.25,32.0,575.4,25.0,300.0,7.6200000000000045,74.0,57.0,0.8807837418949701,296.19,303.81,131,17.0,-93.0,0.13
07:40:35,294.44,18.0,303.0,14.0,293.13,46.0,304.0,28.0,298.72,8.560000000000002,64.0,42.0,1.1813974775605043,294.44,303.0,106,22.0,-25.0,0.21
07:40:36,294.0,18.0,302.11,38.0,293.0,72.0,357.36,22.0,298.05,8.110000000000014,90.0,60.0,1.2073856053416014,294.0,302.11,150,30.0,44.0,0.2
07:40:37,294.0,14.0,300.43,28.0,293.0,56.0,302.86,14.0,297.21,6.430000000000007,70.0,42.0,1.3583924322470156,294.0,300.43,112,28.0,-38.0,0.25
07:40:38,294.0,24.0,299.83,48.0,293.0,96.0,304.0,24.0,296.92,5.829999999999984,120.0,72.0,1.2398991894447635,294.0,299.83,192,48.0,80.0,0.25
07:40:39,294.0,41.0,297.33,48.0,293.0,96.0,304.5,24.0,295.67,3.329999999999984,137.0,72.0,1.1605300513065273,294.0,297.33,209,65.0,17.0,0.31
07:40:40,294.0,56.0,296.86,28.0,293.0,64.0,348.3,20.0,295.43,2.8600000000000136,120.0,48.0,1.0948881221318154,294.0,296.86,168,72.0,-41.0,0.43
07:40:41,294.3,27.0,307.0,18.0,293.75,56.0,408.0,36.0,300.65,12.699999999999989,83.0,54.0,2.0887747604721207,294.3,307.0,137,29.0,-31.0,0.21
07:40:42,294.0,100.0,307.0,26.0,293.0,39.0,413.85,52.0,300.5,13.0,139.0,78.0,2.5658780173627647,294.0,307.0,217,61.0,80.0,0.28
07:40:43,294.0,70.0,307.0,14.0,293.0,21.0,552.0,28.0,300.5,13.0,91.0,42.0,2.740611245686911,294.0,307.0,133,49.0,-84.0,0.37
07:40:44,294.0,46.0,307.0,14.0,293.0,21.0,552.0,28.0,300.5,13.0,67.0,42.0,2.285066738628374,294.0,307.0,109,25.0,-24.0,0.23
07:40:45,294.0,36.0,307.0,12.0,293.0,18.0,509.5,24.0,300.5,13.0,54.0,36.0,0.06708203921924505,294.0,307.0,90,18.0,-19.0,0.2
07:40:46,294.0,44.0,307.0,20.0,293.0,30.0,425.0,40.0,300.5,13.0,74.0,60.0,0.0,294.0,307.0,134,14.0,44.0,0.1
07:40:47,294.0,14.0,307.0,14.0,293.0,21.0,356.0,35.0,300.5,13.0,35.0,49.0,0.0,294.0,307.0,84,-14.0,-50.0,-0.17
07:40:48,293.84,19.0,307.0,18.0,292.6,40.0,493.62,40.0,300.42,13.160000000000025,59.0,58.0,0.0357770874417116,293.84,307.0,117,1.0,33.0,0.01
07:40:49,293.0,13.0,297.48,42.0,292.0,144.0,331.62,21.0,295.24,4.480000000000018,157.0,63.0,2.343655264748998,293.0,297.48,220,94.0,103.0,0.43
07:40:50,293.0,5.0,297.0,25.0,292.0,95.0,420.88,16.0,295.0,4.0,100.0,41.0,2.9335507495159576,293.0,297.0,141,59.0,-79.0,0.42
07:40:52,292.18,114.0,395.18,34.0,291.14,115.0,604.4,50.0,343.68,103.0,229.0,84.0,44.188493977504905,292.18000000000006,395.18,313,145.0,111.0,0.46
07:40:53,292.23,71.0,309.0,27.0,291.41,93.0,572.22,45.0,300.61,16.769999999999982,164.0,72.0,44.16094111316002,292.23,309.0,236,92.0,-77.0,0.39
07:40:54,296.0,28.0,309.0,36.0,292.62,52.0,579.83,60.0,302.5,13.0,80.0,96.0,42.99416123149732,296.0,309.0,176,-16.0,-60.0,-0.09
07:40:55,296.29,17.0,307.03,37.0,292.59,58.0,331.75,51.0,301.66,10.739999999999952,75.0,88.0,41.81838973466084,296.29,307.03,163,-13.0,-13.0,-0.08
07:40:56,293.0,45.0,303.89,56.0,292.0,104.0,305.47,45.0,298.45,10.889999999999986,149.0,101.0,19.234088228974766,293.0,303.89,250,48.0,87.0,0.19
07:40:57,293.0,18.0,300.8,20.0,292.0,60.0,301.78,18.0,296.9,7.800000000000011,78.0,38.0,2.3123213444468167,293.0,300.8,116,40.0,-134.0,0.34
07:40:58,293.0,30.0,296.57,46.0,292.0,100.0,297.65,34.0,294.78,3.569999999999993,130.0,80.0,3.23054484568536,293.0,296.57,210,50.0,94.0,0.24
07:40:59,292.4,67.0,294.84,44.0,291.65,138.0,296.05,57.0,293.62,2.4399999999999977,205.0,101.0,3.168094064257561,292.4,294.84,306,104.0,96.0,0.34
07:41:00,292.22,37.0,294.0,36.0,291.17,139.0,299.38,48.0,293.11,1.7799999999999727,176.0,84.0,2.255298206442677,292.22,294.0,260,92.0,-46.0,0.35
07:41:01,293.9,39.0,302.25,48.0,292.61,44.0,538.67,54.0,298.07,8.350000000000023,83.0,102.0,2.1284806787902872,293.9,302.25,185,-19.0,-75.0,-0.1
07:41:02,293.34,32.0,305.0,18.0,293.12,8.0,457.33,12.0,299.17,11.660000000000025,40.0,30.0,2.716900807902956,293.34,305.0,70,10.0,-115.0,0.14
07:41:03,291.0,136.0,305.0,24.0,287.24,38.0,312.12,16.0,298.0,14.0,174.0,40.0,2.809542667407618,291.0,305.0,214,134.0,144.0,0.63
07:41:04,291.0,204.0,305.0,36.0,287.0,60.0,404.61,36.0,298.0,14.0,264.0,72.0,2.3780979794752284,291.0,305.0,336,192.0,122.0,0.57
07:41:05,291.0,57.0,305.0,15.0,287.0,25.0,438.0,25.0,298.0,14.0,82.0,40.0,0.5163041738980251,291.0,305.0,122,42.0,-176.0,0.34
07:41:06,289.82,40.0,304.3,40.0,287.63,49.0,378.66,41.0,297.06,14.480000000000018,89.0,81.0,0.7486521221398219,289.82,304.3,170,8.0,48.0,0.05
07:41:07,294.0,32.0,302.8,60.0,292.0,16.0,304.76,50.0,298.4,8.800000000000011,48.0,110.0,0.49630635698568154,294.0,302.8,158,-62.0,-12.0,-0.39
07:41:08,294.82,45.0,301.0,20.0,293.5,16.0,302.0,40.0,297.91,6.180000000000007,61.0,60.0,0.4930314391439901,294.82,301.0,121,1.0,-37.0,0.01
07:41:09,295.95,105.0,299.41,68.0,292.2,60.0,300.66,58.0,297.68,3.4600000000000364,165.0,126.0,0.49335585532591814,295.95,299.41,291,39.0,170.0,0.13
07:41:10,295.95,19.0,298.4,20.0,291.33,30.0,303.5,24.0,297.17,2.4499999999999886,49.0,44.0,0.5498454328120762,295.95,298.4,93,5.0,-176.0,0.05
07:41:11,291.13,23.0,297.23,26.0,287.53,83.0,308.0,39.0,294.18,6.100000000000023,106.0,65.0,1.6739683390028712,291.13,297.23,171,41.0,78.0,0.24
07:41:12,291.27,30.0,296.62,26.0,287.16,103.0,308.0,39.0,293.94,5.350000000000023,133.0,65.0,1.9519554298148447,291.2699999999999,296.62,198,68.0,27.0,0.34
07:41:13,292.0,40.0,295.2,20.0,291.0,20.0,307.2,30.0,293.6,3.1999999999999886,60.0,50.0,1.946427496718858,292.0,295.2,110,10.0,-88.0,0.09
07:41:14,292.29,28.0,295.0,14.0,291.0,14.0,306.0,21.0,293.64,2.7099999999999795,42.0,35.0,1.5078395140010508,292.29,295.0,77,7.0,-33.0,0.09
07:41:15,293.9,40.0,295.0,20.0,291.0,20.0,306.0,30.0,294.45,1.1000000000000227,60.0,50.0,0.36086008366498706,293.9,295.0,110,10.0,33.0,0.09
07:41:16,285.65,65.0,305.31,32.0,284.06,86.0,329.43,35.0,295.48,19.660000000000025,151.0,67.0,0.7809737511484017,285.65,305.31,218,84.0,108.0,0.39
07:41:17,287.24,107.0,303.31,52.0,285.05,56.0,356.47,60.0,295.28,16.069999999999993,163.0,112.0,0.8832326986603654,287.24,303.31,275,51.0,57.0,0.19
07:41:18,291.99,92.0,304.6,50.0,291.1,105.0,372.26,62.0,298.29,12.610000000000014,197.0,112.0,1.7584851435207456,291.99,304.6,309,85.0,34.0,0.28
07:41:19,294.1,62.0,306.0,33.0,293.2,104.0,354.64,11.0,300.05,11.899999999999977,166.0,44.0,2.3620647747222083,294.1,306.0,210,122.0,-99.0,0.58
07:41:20,295.75,24.0,305.58,36.0,294.0,84.0,329.12,25.0,300.67,9.829999999999984,108.0,61.0,2.5076742212623393,295.75,305.58,169,47.0,-41.0,0.28
07:41:21,294.5,72.0,305.0,48.0,293.41,102.0,337.0,58.0,299.75,10.5,174.0,106.0,2.1570859973547227,294.5,305.0,280,68.0,111.0,0.24
07:41:22,294.58,170.0,302.53,57.0,293.22,120.0,304.52,46.0,298.55,7.949999999999989,290.0,103.0,1.011592803446055,294.58,302.53,393,187.0,113.0,0.48
07:41:23,296.43,137.0,301.68,44.0,294.85,99.0,302.98,41.0,299.06,5.25,236.0,85.0,0.8310715973873083,296.43,301.68,321,151.0,-72.0,0.47
07:41:24,297.58,85.0,301.53,38.0,294.87,76.0,310.51,35.0,299.55,3.9499999999999886,161.0,73.0,0.7950974782904761,297.58,301.53,234,88.0,-87.0,0.38
07:41:25,295.65,68.0,306.55,82.0,294.6,100.0,340.62,66.0,301.1,10.900000000000034,168.0,148.0,0.9577421364771856,295.65,306.55,316,20.0,82.0,0.06
07:41:26,295.95,42.0,305.0,55.0,294.76,41.0,306.0,44.0,300.48,9.050000000000011,83.0,99.0,1.038205182025169,295.95,305.0,182,-16.0,-134.0,-0.09
07:41:27,293.67,18.0,305.0,65.0,292.03,37.0,306.0,52.0,299.33,11.329999999999984,55.0,117.0,0.8557628175984024,293.67,305.0,172,-62.0,-10.0,-0.36
07:41:28,293.63,19.0,303.57,70.0,291.91,44.0,305.1,83.0,298.6,9.939999999999998,63.0,153.0,0.9842611442010245,293.63,303.57,216,-90.0,44.0,-0.42
07:41:29,300.0,26.0,301.25,48.0,293.0,26.0,302.37,43.0,300.62,1.25,52.0,91.0,1.0283870866478078,300.0,301.25,143,-39.0,-73.0,-0.27
07:41:30,298.38,21.0,301.0,48.0,293.1,29.0,304.5,44.0,299.69,2.6200000000000045,50.0,92.0,0.835481896861854,298.38,301.0,142,-42.0,-1.0,-0.3
07:41:31,289.27,11.0,298.74,38.0,288.88,17.0,302.76,21.0,294.0,9.470000000000027,28.0,59.0,2.5906504974588143,289.27,298.74,87,-31.0,-55.0,-0.36
07:41:32,289.0,16.0,296.67,43.0,286.62,16.0,356.57,63.0,292.84,7.670000000000016,32.0,106.0,3.503341262278544,289.0,296.67,138,-74.0,51.0,-0.54
07:41:33,289.91,11.0,295.18,44.0,284.55,11.0,538.8,30.0,292.55,5.269999999999982,22.0,74.0,3.8996987063083695,289.91,295.18,96,-52.0,-42.0,-0.54
07:41:34,287.0,4.0,295.0,16.0,284.0,4.0,302.0,8.0,291.0,8.0,8.0,24.0,3.3474960791587036,287.0,295.0,32,-16.0,-64.0,-0.5
07:41:48,286.71,48.0,290.0,27.0,281.91,68.0,299.0,18.0,288.35,3.2900000000000205,116.0,45.0,22.180465955429824,286.71,290.0,161,71.0,-19.0,0.44
07:41:49,285.79,73.0,290.0,21.0,278.97,71.0,291.0,13.0,287.9,4.2099999999999795,144.0,34.0,18.432554082383234,285.79,290.0,178,110.0,17.0,0.62
07:41:50,289.0,9.0,290.33,3.0,283.45,11.0,326.33,6.0,289.67,1.329999999999984,20.0,9.0,11.07539931559964,289.0,290.33,29,11.0,-149.0,0.38
07:41:51,284.1,30.0,291.0,6.0,208.2,30.0,311.86,14.0,287.55,6.899999999999977,60.0,20.0,8.480443384634183,284.1,291.0,80,40.0,51.0,0.5
07:41:52,282.53,15.0,291.0,9.0,278.78,59.0,296.78,18.0,286.77,8.470000000000027,74.0,27.0,1.0753232072202483,282.53,291.0,101,47.0,21.0,0.47
07:41:53,284.6,15.0,289.27,15.0,278.87,105.0,293.11,19.0,286.93,4.669999999999959,120.0,34.0,1.1598189513826522,284.6,289.2699999999999,154,86.0,53.0,0.56
07:42:02,283.21,38.0,290.0,16.0,281.71,28.0,291.0,17.0,286.61,6.7900000000000205,66.0,33.0,1.7080193207295822,283.21,290.0,99,33.0,6.0,0.33
07:42:04,285.5,32.0,290.57,21.0,281.3,23.0,291.93,15.0,288.04,5.069999999999993,55.0,36.0,1.9378519035224877,285.5,290.57,91,19.0,-73.0,0.21
07:42:12,280.67,480.0,289.2,50.0,277.6,75.0,290.2,75.0,284.93,8.529999999999973,555.0,125.0,1.3503777249292142,280.67,289.2,680,430.0,176.0,0.63
07:42:13,282.0,288.0,290.0,36.0,275.0,45.0,291.0,54.0,286.0,8.0,333.0,90.0,1.6920460986583947,282.0,290.0,423,243.0,-176.0,0.57
07:42:14,282.64,352.0,290.0,44.0,275.0,55.0,291.0,66.0,286.32,7.360000000000014,407.0,110.0,1.6289260265540715,282.64,290.0,517,297.0,94.0,0.57
07:42:15,284.3,320.0,290.0,40.0,275.0,72.0,291.0,60.0,287.15,5.699999999999989,392.0,100.0,1.513713975619348,284.3,290.0,492,292.0,-25.0,0.59
07:42:16,285.0,224.0,290.0,28.0,275.0,92.0,291.0,42.0,287.5,5.0,316.0,70.0,1.0121511744722265,285.0,290.0,386,246.0,-106.0,0.64
07:42:17,285.36,352.0,291.0,66.0,275.0,121.0,343.73,22.0,288.18,5.639999999999986,473.0,88.0,0.883572294713674,285.36,291.0,561,385.0,175.0,0.69
07:42:18,286.0,256.0,291.0,42.0,275.0,88.0,371.47,15.0,288.5,5.0,344.0,57.0,0.862090482481753,286.0,291.0,401,287.0,-160.0,0.72
07:42:19,286.18,352.0,291.0,44.0,275.0,124.0,353.82,11.0,288.59,4.819999999999993,476.0,55.0,0.6327953855596853,286.18,291.0,531,421.0,130.0,0.79
07:42:20,287.44,470.0,296.38,74.0,275.17,193.0,327.32,50.0,291.91,8.939999999999998,663.0,124.0,1.7166915855754903,287.44,296.38,787,539.0,176.0,0.68
07:42:22,297.0,99.0,379.57,42.0,294.22,130.0,419.48,29.0,338.29,82.57,229.0,71.0,21.60947361691134,297.0,379.57,300,158.0,59.0,0.53
07:42:23,295.19,170.0,368.3,40.0,294.45,132.0,640.4,20.0,331.74,73.11000000000001,302.0,60.0,22.533190408816694,295.19,368.3,362,242.0,62.0,0.67
07:42:24,293.44,50.0,328.29,28.0,290.94,34.0,659.83,24.0,310.86,34.85000000000002,84.0,52.0,18.440487249527568,293.44,328.29,136,32.0,-176.0,0.24
07:42:25,293.97,31.0,377.33,15.0,291.88,33.0,599.62,21.0,335.65,83.35999999999996,64.0,36.0,13.179846357222472,293.97,377.33,100,28.0,-36.0,0.28
07:42:26,294.0,24.0,340.0,12.0,292.0,24.0,367.33,12.0,317.0,46.0,48.0,24.0,12.091603284924238,294.0,340.0,72,24.0,-28.0,0.33
07:42:27,294.0,36.0,342.64,22.0,292.0,36.0,343.78,18.0,318.32,48.639999999999986,72.0,40.0,10.503369935405974,294.0,342.64,112,32.0,40.0,0.29
07:42:28,298.15,13.0,334.85,26.0,295.85,26.0,340.59,34.0,316.5,36.700000000000045,39.0,60.0,9.380521307474847,298.15,334.85,99,-21.0,-13.0,-0.21
07:42:29,300.0,12.0,337.17,46.0,298.0,24.0,338.77,26.0,318.59,37.170000000000016,36.0,72.0,8.118470915140973,300.0,337.17,108,-36.0,9.0,-0.33
07:42:30,300.0,10.0,334.7,37.0,298.0,20.0,336.64,22.0,317.35,34.69999999999999,30.0,59.0,0.8831024855527374,300.0,334.7,89,-29.0,-19.0,-0.33
07:42:31,296.89,18.0,333.37,38.0,295.21,29.0,334.64,28.0,315.13,36.48000000000002,47.0,66.0,1.4125756616865965,296.89,333.37,113,-19.0,24.0,-0.17
07:42:32,292.0,69.0,332.61,36.0,289.0,11.0,333.47,30.0,312.31,40.610000000000014,80.0,66.0,2.405759755251758,292.0,332.61,146,14.0,33.0,0.1
07:42:33,292.91,139.0,327.96,49.0,289.08,13.0,330.79,39.0,310.43,35.049999999999955,152.0,88.0,3.40092928476742,292.91,327.96,240,64.0,94.0,0.27
07:42:34,293.0,125.0,323.77,62.0,291.16,19.0,325.15,52.0,308.39,30.769999999999982,144.0,114.0,3.5849016722900604,293.0,323.77,258,30.0,18.0,0.12
07:42:35,293.2,35.0,320.81,43.0,292.8,61.0,322.83,24.0,307.01,27.610000000000014,96.0,67.0,3.2105887310565557,293.2,320.81,163,29.0,-95.0,0.18
07:42:36,293.02,41.0,321.22,36.0,292.18,40.0,323.0,18.0,307.12,28.200000000000045,81.0,54.0,2.283313381905099,293.02,321.22,135,27.0,-28.0,0.2
07:42:37,293.0,37.0,317.62,37.0,292.0,45.0,318.96,27.0,305.31,24.620000000000005,82.0,64.0,1.9001368371742606,293.0,317.62,146,18.0,11.0,0.12
07:42:38,294.44,25.0,310.05,38.0,292.17,30.0,312.44,32.0,302.25,15.610000000000014,55.0,70.0,2.3729686049306182,294.44,310.05,125,-15.0,-21.0,-0.12
07:42:39,297.62,64.0,304.84,73.0,293.0,16.0,308.9,48.0,301.23,7.21999999999997,80.0,121.0,2.7175687663767043,297.62,304.84,201,-41.0,76.0,-0.2
07:42:40,298.0,44.0,302.27,22.0,293.0,11.0,304.0,44.0,300.14,4.269999999999982,55.0,66.0,2.913974948414301,298.0,302.27,121,-11.0,-80.0,-0.09
07:42:41,298.26,27.0,300.0,44.0,293.0,11.0,303.35,34.0,299.13,1.740000000000009,38.0,78.0,2.374619969592189,298.26,300.0,116,-40.0,-5.0,-0.34
07:42:42,294.33,9.0,299.3,27.0,292.07,30.0,331.41,34.0,296.81,4.970000000000027,39.0,61.0,2.091009325657311,294.33,299.3,100,-22.0,-16.0,-0.22
07:42:43,292.08,12.0,297.75,48.0,291.06,70.0,299.0,12.0,294.92,5.670000000000016,82.0,60.0,2.5591658797322503,292.08,297.75,142,22.0,42.0,0.15
07:42:44,292.0,8.0,294.52,23.0,291.0,48.0,296.2,20.0,293.26,2.519999999999982,56.0,43.0,2.856443592999096,292.0,294.52,99,13.0,-43.0,0.13
07:42:45,290.78,46.0,292.87,45.0,288.95,61.0,333.33,12.0,291.82,2.090000000000032,107.0,57.0,2.8854237123835973,290.78,292.87,164,50.0,65.0,0.3
07:42:46,290.17,35.0,293.62,42.0,287.54,78.0,293.86,21.0,291.9,3.4499999999999886,113.0,63.0,2.1283608716534697,290.17,293.62,176,50.0,12.0,0.28
07:42:47,286.36,88.0,290.12,43.0,234.23,75.0,292.22,46.0,288.24,3.759999999999991,163.0,89.0,2.464248364103212,286.36,290.12,252,74.0,76.0,0.29
07:42:55,289.0,15.0,291.0,5.0,282.8,15.0,293.0,10.0,290.0,2.0,30.0,15.0,1.833657547085897,289.0,291.0,45,15.0,8.0,0.33
07:42:56,289.0,24.0,292.33,12.0,270.46,26.0,293.71,28.0,290.67,3.329999999999984,50.0,40.0,2.40541680379621,289.0,292.33,90,10.0,45.0,0.11
07:42:57,289.67,27.0,293.67,6.0,284.8,15.0,415.6,25.0,291.67,4.0,42.0,31.0,2.646909518662341,289.67,293.67,73,11.0,-17.0,0.15
07:42:58,290.51,111.0,294.0,15.0,289.58,57.0,506.28,36.0,292.26,3.490000000000009,168.0,51.0,2.1367662483260474,290.51,294.0,219,117.0,146.0,0.53
07:42:59,292.25,65.0,346.13,23.0,291.72,25.0,358.5,24.0,319.19,53.879999999999995,90.0,47.0,12.570289177261822,292.25,346.13,137,43.0,-82.0,0.31
07:43:02,299.21,38.0,409.5,32.0,298.38,78.0,524.71,34.0,354.36,110.29000000000002,116.0,66.0,50.61496349894948,299.21,409.5,182,50.0,44.0,0.27
07:43:03,299.0,30.0,386.54,26.0,291.49,35.0,491.1,20.0,342.77,87.54000000000002,65.0,46.0,38.86136667694522,299.0,386.54,111,19.0,-71.0,0.17
07:43:04,299.0,33.0,349.38,32.0,293.0,176.0,455.33,24.0,324.19,50.379999999999995,209.0,56.0,37.45211369201995,299.0,349.38,265,153.0,154.0,0.58
07:43:05,299.0,13.0,354.0,10.0,293.0,80.0,423.0,12.0,326.5,55.0,93.0,22.0,38.66418200350277,299.0,354.0,115,71.0,-150.0,0.62
07:43:06,293.38,64.0,396.67,18.0,292.29,99.0,443.0,36.0,345.02,103.29000000000002,163.0,54.0,12.85530902001144,293.38,396.67,217,109.0,102.0,0.5
07:43:11,295.0,107.0,304.0,30.0,294.0,32.0,381.79,28.0,299.5,9.0,139.0,58.0,48.28412192429295,295.0,304.0,197,81.0,-27.0,0.41
07:43:12,295.0,63.0,296.0,28.0,293.0,7.0,583.03,29.0,295.5,1.0,70.0,57.0,59.14316866722641,295.0,296.0,127,13.0,-70.0,0.1
07:43:13,295.0,78.0,370.77,40.0,293.0,10.0,614.0,50.0,332.89,75.76999999999998,88.0,90.0,51.1342194621175,295.0,370.77,178,-2.0,51.0,-0.01
07:43:18,297.0,38.0,320.23,26.0,295.0,80.0,445.81,21.0,308.62,23.230000000000018,118.0,47.0,70.01496504319614,297.0,320.22999999999996,165,71.0,19.0,0.43
07:43:19,297.0,28.0,320.0,28.0,295.0,70.0,454.0,25.0,308.5,23.0,98.0,53.0,82.56498125718907,297.0,320.0,151,45.0,-14.0,0.3
07:43:20,297.0,28.0,319.86,28.0,295.0,70.0,337.0,35.0,308.43,22.860000000000014,98.0,63.0,88.11911750579432,297.0,319.86,161,35.0,10.0,0.22
07:43:21,297.0,32.0,319.0,32.0,295.0,80.0,557.5,40.0,308.0,22.0,112.0,72.0,42.5764943366642,297.0,319.0,184,40.0,23.0,0.22
07:43:22,297.0,56.0,316.93,56.0,295.41,119.0,396.73,56.0,306.96,19.930000000000007,175.0,112.0,0.6798676341798888,297.0,316.93,287,63.0,103.0,0.22
07:43:23,296.6,87.0,308.37,59.0,295.65,141.0,310.9,58.0,302.49,11.769999999999982,228.0,117.0,2.5278310861301234,296.6,308.37,345,111.0,58.0,0.32
07:43:24,296.0,94.0,303.07,56.0,295.0,140.0,308.82,34.0,299.54,7.069999999999993,234.0,90.0,3.8949621307538367,296.0,303.07,324,144.0,-21.0,0.44
07:43:25,296.25,32.0,300.53,30.0,295.41,85.0,301.65,46.0,298.39,4.279999999999973,117.0,76.0,4.305128337228452,296.25,300.53,193,41.0,-131.0,0.21
07:43:26,295.05,112.0,297.79,38.0,294.42,48.0,298.0,40.0,296.42,2.740000000000009,160.0,78.0,4.10407724098957,295.05,297.79,238,82.0,45.0,0.34
07:43:27,295.0,64.0,296.0,56.0,294.0,39.0,352.0,65.0,295.5,1.0,103.0,121.0,2.753864557310296,295.0,296.0,224,-18.0,-14.0,-0.08
07:43:28,294.06,32.0,295.92,53.0,293.05,63.0,342.51,61.0,294.99,1.8600000000000136,95.0,114.0,1.9368195579378225,294.06,295.92,209,-19.0,-15.0,-0.09
07:43:29,293.44,54.0,295.74,57.0,292.62,78.0,303.29,65.0,294.59,2.3000000000000114,132.0,122.0,1.5119755289061045,293.44,295.74,254,10.0,45.0,0.04
07:43:30,293.0,90.0,295.02,47.0,292.0,108.0,298.37,86.0,294.01,2.019999999999982,198.0,133.0,0.9168805811071157,293.0,295.02,331,65.0,77.0,0.2
07:43:31,293.0,10.0,294.57,21.0,292.0,42.0,307.0,35.0,293.79,1.5699999999999932,52.0,56.0,0.7006282894742195,293.0,294.57,108,-4.0,-176.0,-0.04
07:43:32,292.01,97.0,307.95,41.0,291.04,166.0,314.1,59.0,299.98,15.939999999999998,263.0,100.0,2.5641216819821855,292.01,307.95,363,163.0,176.0,0.45
07:43:33,292.0,48.0,305.0,16.0,291.0,80.0,306.75,16.0,298.5,13.0,128.0,32.0,2.862312002562054,292.0,305.0,160,96.0,-176.0,0.6
07:43:34,292.0,58.0,302.64,22.0,291.0,110.0,304.09,22.0,297.32,10.639999999999986,168.0,44.0,2.7424897447411682,292.0,302.64,212,124.0,52.0,0.58
07:43:35,292.0,106.0,300.36,28.0,291.0,140.0,301.36,28.0,296.18,8.360000000000014,246.0,56.0,2.3500382975624565,292.0,300.36,302,190.0,90.0,0.63
07:43:36,292.18,55.0,299.0,20.0,291.5,100.0,300.0,20.0,295.59,6.819999999999993,155.0,40.0,1.7728733739356901,292.18,299.0,195,115.0,-107.0,0.59
07:43:37,294.0,14.0,298.07,28.0,292.0,140.0,299.07,28.0,296.04,4.069999999999993,154.0,56.0,1.1788893077853084,294.0,298.07,210,98.0,15.0,0.47
07:43:38,294.0,11.0,297.18,22.0,292.0,110.0,298.18,22.0,295.59,3.180000000000007,121.0,44.0,0.7086818750404414,294.0,297.18,165,77.0,-45.0,0.47
07:43:39,294.87,15.0,296.4,30.0,293.12,25.0,298.61,33.0,295.63,1.5299999999999727,40.0,63.0,0.2823650120163643,294.87,296.4,103,-23.0,-62.0,-0.22
07:43:40,292.89,18.0,295.67,12.0,291.92,25.0,299.33,27.0,294.28,2.7800000000000296,43.0,39.0,0.6681541738335687,292.89,295.67,82,4.0,-21.0,0.05
07:43:41,292.0,36.0,303.76,29.0,290.0,90.0,341.6,35.0,297.88,11.759999999999991,126.0,64.0,1.2973164610113255,292.0,303.76,190,62.0,108.0,0.33
07:43:42,292.67,36.0,294.0,28.0,290.66,58.0,307.0,70.0,293.33,1.329999999999984,94.0,98.0,1.7147798692576595,292.67,294.0,192,-4.0,2.0,-0.02
07:43:43,292.84,25.0,294.0,18.0,291.7,20.0,307.0,45.0,293.42,1.160000000000025,45.0,63.0,1.9008340274762485,292.84,294.0,108,-18.0,-84.0,-0.17
07:43:44,292.0,16.0,294.0,16.0,291.0,24.0,307.0,40.0,293.0,2.0,40.0,56.0,2.0117455107472946,292.0,294.0,96,-16.0,-12.0,-0.17
07:43:45,292.0,10.0,304.26,19.0,291.0,15.0,313.54,13.0,298.13,12.259999999999991,25.0,32.0,2.6106072090629384,292.0,304.26,57,-7.0,-39.0,-0.12
07:43:46,292.35,37.0,305.3,46.0,289.0,48.0,372.94,18.0,298.83,12.949999999999989,85.0,64.0,2.8795086386415356,292.35,305.3,149,21.0,92.0,0.14
07:43:47,291.95,38.0,294.0,36.0,290.36,42.0,307.0,60.0,292.97,2.0500000000000114,80.0,96.0,2.946124573063954,291.95,294.0,176,-16.0,27.0,-0.09
07:43:48,291.17,23.0,294.0,20.0,289.44,27.0,307.0,45.0,292.59,2.829999999999984,50.0,65.0,3.0959941860429026,291.17,294.0,115,-15.0,-61.0,-0.13
07:43:49,291.0,15.0,294.0,10.0,288.2,15.0,307.0,25.0,292.5,3.0,30.0,35.0,3.1876605841920367,291.0,294.0,65,-5.0,-50.0,-0.08
07:43:50,291.0,15.0,294.0,10.0,288.0,15.0,307.0,25.0,292.5,3.0,30.0,35.0,2.775044143795257,291.0,294.0,65,-5.0,0.0,-0.08
07:43:51,291.0,24.0,294.0,16.0,288.0,24.0,307.0,40.0,292.5,3.0,48.0,56.0,0.20388722376165483,291.0,294.0,104,-8.0,39.0,-0.08
07:43:52,291.67,9.0,294.0,14.0,290.57,21.0,307.0,35.0,292.83,2.329999999999984,30.0,49.0,0.1429335510411978,291.67,294.0,79,-19.0,-25.0,-0.24
07:43:53,292.8,30.0,326.8,40.0,291.25,24.0,392.08,53.0,309.8,34.0,54.0,93.0,7.701225876444036,292.8,326.8,147,-39.0,68.0,-0.27
07:43:54,294.38,26.0,308.0,11.0,292.95,38.0,522.14,49.0,301.19,13.620000000000005,64.0,60.0,7.687108038788718,294.38,308.0,124,4.0,-23.0,0.03
07:43:55,295.0,14.0,307.86,7.0,292.91,22.0,539.94,31.0,301.43,12.860000000000014,36.0,38.0,7.178917049249778,295.0,307.86,74,-2.0,-50.0,-0.03
07:43:56,295.0,18.0,305.0,24.0,292.0,9.0,306.89,9.0,300.0,10.0,27.0,33.0,6.02904221249182,295.0,305.0,60,-6.0,-14.0,-0.1
07:43:57,292.05,22.0,303.83,48.0,287.59,34.0,306.0,12.0,297.94,11.779999999999973,56.0,60.0,4.535379807690593,292.05,303.83,116,-4.0,56.0,-0.03
07:43:58,291.0,13.0,303.0,52.0,287.43,21.0,306.0,24.0,297.0,12.0,34.0,76.0,1.9693831521593097,291.0,303.0,110,-42.0,-6.0,-0.38
07:43:59,291.0,10.0,301.12,34.0,289.79,28.0,304.39,23.0,296.06,10.120000000000005,38.0,57.0,2.1994953966784263,291.0,301.12,95,-19.0,-15.0,-0.2
07:44:00,290.0,36.0,293.25,12.0,284.0,12.0,302.84,19.0,291.62,3.25,48.0,31.0,3.1055885110572716,290.0,293.25,79,17.0,-16.0,0.22
07:44:01,289.21,38.0,291.79,66.0,282.54,41.0,292.33,36.0,290.5,2.580000000000041,79.0,102.0,3.3442009509017745,289.21,291.79,181,-23.0,102.0,-0.13
07:44:02,285.0,15.0,290.55,56.0,282.5,40.0,292.0,61.0,287.78,5.550000000000011,55.0,117.0,3.8708552026669847,285.0,290.55,172,-62.0,-9.0,-0.36
07:44:03,286.38,16.0,290.69,36.0,281.04,23.0,291.75,64.0,288.53,4.310000000000002,39.0,100.0,3.265550489582953,286.38,290.69,139,-61.0,-33.0,-0.44
07:44:04,282.0,13.0,290.08,13.0,276.85,53.0,292.68,25.0,286.04,8.079999999999984,66.0,38.0,2.209588196931062,282.0,290.08,104,28.0,-35.0,0.27
07:44:05,282.0,16.0,290.02,46.0,277.0,80.0,291.38,16.0,286.01,8.019999999999982,96.0,62.0,1.8789012746863596,282.0,290.02,158,34.0,54.0,0.22
07:44:06,282.13,15.0,290.04,25.0,277.15,67.0,294.36,47.0,286.09,7.910000000000025,82.0,72.0,1.1851793113359608,282.13,290.04,154,10.0,-4.0,0.06
07:44:07,283.71,17.0,293.63,41.0,279.88,17.0,294.7,33.0,288.67,9.920000000000016,34.0,74.0,1.3996856790074923,283.71,293.63,108,-40.0,-46.0,-0.37
07:44:08,285.23,26.0,293.0,64.0,284.55,22.0,294.88,16.0,289.12,7.769999999999982,48.0,80.0,1.5684482777632678,285.23,293.0,128,-32.0,20.0,-0.25
07:44:09,286.05,20.0,292.07,56.0,280.5,40.0,294.0,25.0,289.06,6.019999999999982,60.0,81.0,1.598014392932056,286.05,292.07,141,-21.0,13.0,-0.15
07:44:10,287.61,41.0,291.48,54.0,284.15,40.0,294.15,27.0,289.55,3.8700000000000045,81.0,81.0,1.381799551316089,287.61,291.48,162,0.0,21.0,0.0
07:44:11,288.19,48.0,292.78,32.0,278.56,80.0,294.94,16.0,290.48,4.589999999999975,128.0,48.0,0.6915417558011098,288.19,292.78,176,80.0,14.0,0.45
07:44:12,289.0,42.0,290.71,28.0,279.0,70.0,293.08,77.0,289.86,1.7099999999999795,112.0,105.0,0.5842773314242717,289.0,290.71,217,7.0,41.0,0.03
07:44:13,279.92,38.0,297.62,13.0,277.45,40.0,300.87,15.0,288.77,17.69999999999999,78.0,28.0,0.6725548304906779,279.92,297.62,106,50.0,-111.0,0.47
07:44:23,287.25,81.0,291.67,15.0,277.93,83.0,296.33,15.0,289.46,4.420000000000016,164.0,30.0,5.183057013001354,287.25,291.67,194,134.0,-80.0,0.69
07:44:26,287.03,36.0,289.87,23.0,277.84,19.0,291.18,17.0,288.45,2.840000000000032,55.0,40.0,1.9866554809569243,287.03,289.87,95,15.0,-37.0,0.16
07:44:27,286.0,35.0,289.35,23.0,274.0,14.0,290.36,22.0,287.67,3.3500000000000227,49.0,45.0,0.6970867951808669,286.0,289.35,94,4.0,-1.0,0.04
07:44:28,288.23,110.0,290.12,34.0,279.45,55.0,294.34,62.0,289.17,1.8899999999999864,165.0,96.0,0.580405031004734,288.23,290.12,261,69.0,167.0,0.26
07:44:29,293.0,67.0,294.0,11.0,286.0,55.0,298.0,44.0,293.5,1.0,122.0,55.0,2.38272323193749,293.0,294.0,177,67.0,-84.0,0.38
07:44:30,293.0,45.0,296.86,21.0,286.2,25.0,298.82,33.0,294.93,3.8600000000000136,70.0,54.0,3.2522115552364372,293.0,296.86,124,16.0,-53.0,0.13
07:44:31,293.0,19.0,298.0,55.0,286.63,27.0,301.0,33.0,295.5,5.0,46.0,88.0,3.525766583313782,293.0,298.0,134,-42.0,10.0,-0.31
07:44:32,293.0,13.0,297.52,62.0,292.0,13.0,300.37,27.0,295.26,4.519999999999982,26.0,89.0,2.633603994531232,293.0,297.52,115,-63.0,-19.0,-0.55
