Time,Bid1_Price,Bid1_Volume,Ask1_Price,Ask1_Volume,Bid2_Price,Bid2_Volume,Ask2_Price,Ask2_Volume,Mid-Price,Bid_Ask_Spread,Market_Depth_Bid,Market_Depth_Ask,Historical_Volatility,Weighted_Avg_Bid_Price,Weighted_Avg_Ask_Price,Total_volume,Cumulative_Volume_Difference,Total_Volume_Change_Corrected,Order_imbalance
07:30:06,203.57,14.0,226.21,33.0,165.94,17.0,227.57,23.0,214.89,22.640000000000015,31.0,56.0,51.617424093032774,203.57,226.21,87,-25.0,-9.0,-0.29
07:30:07,201.81,21.0,220.4,58.0,185.0,16.0,221.18,60.0,211.1,18.590000000000003,37.0,118.0,53.489438864134684,201.81,220.4,155,-81.0,68.0,-0.52
07:30:18,199.75,8.0,205.88,40.0,191.6,15.0,215.0,40.0,202.81,6.1299999999999955,23.0,80.0,2.3900251044718606,199.75,205.88000000000002,103,-57.0,-35.0,-0.55
07:30:19,188.0,10.0,204.7,50.0,187.0,10.0,211.0,50.0,196.35,16.69999999999999,20.0,100.0,4.544570386736936,188.0,204.7,120,-80.0,17.0,-0.67
07:30:20,188.0,9.0,195.62,21.0,187.0,9.0,201.03,37.0,191.81,7.6200000000000045,18.0,58.0,6.2938382565813535,188.0,195.62000000000003,76,-40.0,-44.0,-0.53
07:30:21,188.0,11.0,193.0,22.0,187.0,11.0,199.0,66.0,190.5,5.0,22.0,88.0,6.682245131690981,188.0,193.0,110,-66.0,34.0,-0.6
07:30:22,190.31,26.0,197.42,31.0,187.45,11.0,196.04,46.0,193.86,7.109999999999985,37.0,77.0,4.86113464121377,190.31,197.42,114,-40.0,4.0,-0.35
07:30:23,189.18,60.0,199.0,44.0,185.85,20.0,200.0,115.0,194.09,9.819999999999993,80.0,159.0,2.252658429502577,189.18,199.0,239,-79.0,125.0,-0.33
07:30:24,188.0,63.0,199.33,42.0,187.0,9.0,200.16,76.0,193.67,11.330000000000013,72.0,118.0,1.5663428743443029,188.0,199.33,190,-46.0,-49.0,-0.24
07:30:25,190.5,56.0,200.0,56.0,186.5,8.0,202.0,24.0,195.25,9.5,64.0,80.0,1.772407966583592,190.5,200.0,144,-16.0,-46.0,-0.11
07:30:26,191.62,91.0,200.0,76.0,186.92,13.0,202.0,39.0,195.81,8.379999999999995,104.0,115.0,0.9405742926577841,191.62000000000003,200.0,219,-11.0,75.0,-0.05
07:30:27,193.0,91.0,199.37,38.0,188.0,20.0,201.67,36.0,196.18,6.3700000000000045,111.0,74.0,1.0848963084131877,193.0,199.37,185,37.0,-34.0,0.2
07:30:28,193.0,105.0,197.98,47.0,189.0,15.0,199.22,41.0,195.49,4.97999999999999,120.0,88.0,0.9654014708961698,193.0,197.98,208,32.0,23.0,0.15
07:30:29,193.0,77.0,197.0,54.0,189.0,11.0,199.0,22.0,195.0,4.0,88.0,76.0,0.46382108620501317,193.0,197.0,164,12.0,-44.0,0.07
07:30:30,193.29,49.0,197.0,42.0,189.0,7.0,199.0,14.0,195.14,3.710000000000008,56.0,56.0,0.48355971710679574,193.29,197.0,112,0.0,-52.0,0.0
07:30:31,194.69,91.0,196.81,53.0,189.0,13.0,198.03,31.0,195.75,2.1200000000000045,104.0,84.0,0.47536301918471374,194.69,196.81,188,20.0,76.0,0.11
07:30:32,195.17,60.0,198.62,16.0,188.12,48.0,202.7,54.0,196.9,3.450000000000017,108.0,70.0,0.7550695332274864,195.17,198.62,178,38.0,-10.0,0.21
07:30:33,200.48,48.0,202.0,15.0,193.93,27.0,203.0,20.0,201.24,1.5200000000000102,75.0,35.0,2.589474850236653,200.48,202.0,110,40.0,-68.0,0.36
07:30:34,201.0,49.0,202.0,15.0,196.0,25.0,203.0,20.0,201.5,1.0,74.0,35.0,3.047274191799593,201.0,202.0,109,39.0,-1.0,0.36
07:30:35,201.0,54.0,202.0,16.0,196.0,30.0,203.0,24.0,201.5,1.0,84.0,40.0,2.8184960528635763,201.0,202.0,124,44.0,15.0,0.35
07:30:36,201.0,50.0,202.0,12.0,196.0,30.0,203.0,24.0,201.5,1.0,80.0,36.0,2.031236076877145,201.0,202.0,116,44.0,-8.0,0.38
07:30:37,201.0,64.0,202.0,16.0,196.0,40.0,203.14,14.0,201.5,1.0,104.0,30.0,0.1162755348602544,201.0,202.0,134,74.0,18.0,0.55
07:30:38,201.0,32.0,202.0,8.0,196.0,20.0,203.0,4.0,201.5,1.0,52.0,12.0,0.0,201.0,202.0,64,40.0,-70.0,0.62
07:30:39,201.72,29.0,203.75,8.0,199.49,86.0,206.12,8.0,202.74,2.030000000000001,115.0,16.0,0.554544858426234,201.72,203.75,131,99.0,67.0,0.76
07:30:40,203.07,45.0,205.0,15.0,201.0,216.0,403.16,51.0,204.03,1.9300000000000068,261.0,66.0,1.1287072251061603,203.07,205.0,327,195.0,176.0,0.6
07:30:41,201.04,112.0,316.0,8.0,197.7,60.0,473.89,28.0,258.52,114.96000000000001,172.0,36.0,25.100468521523727,201.04,316.0,208,136.0,-119.0,0.65
07:30:42,202.38,16.0,400.0,24.0,201.0,144.0,452.58,24.0,301.19,197.62,160.0,48.0,44.851279023011124,202.38,400.0,208,112.0,0.0,0.54
07:30:45,202.3,27.0,391.26,31.0,200.89,171.0,438.0,10.0,296.78,188.95999999999998,198.0,41.0,45.14229026090707,202.3,391.26,239,157.0,124.0,0.66
07:30:46,201.0,177.0,380.8,35.0,199.0,99.0,384.4,20.0,290.9,179.8,276.0,55.0,44.123727517062555,201.0,380.8,331,221.0,92.0,0.67
07:30:47,201.0,145.0,343.55,44.0,199.0,99.0,492.06,17.0,272.27,142.55,244.0,61.0,43.11965503108744,201.0,343.55,305,183.0,-26.0,0.6
07:30:48,201.0,30.0,202.0,12.0,199.0,27.0,375.0,12.0,201.5,1.0,57.0,24.0,45.53235695634462,201.0,202.0,81,33.0,-176.0,0.41
07:30:49,201.0,98.0,202.0,48.0,199.1,60.0,441.94,54.0,201.5,1.0,158.0,102.0,47.508132987942076,201.0,202.0,260,56.0,176.0,0.22
07:30:50,201.0,32.0,240.35,23.0,200.0,8.0,654.75,12.0,220.67,39.349999999999994,40.0,35.0,41.64034906193745,201.0,240.35,75,5.0,-176.0,0.07
07:30:51,201.0,32.0,393.75,8.0,199.44,16.0,728.5,40.0,297.38,192.75,48.0,48.0,43.7694006127568,201.0,393.75,96,0.0,21.0,0.0
07:30:52,201.0,24.0,349.83,6.0,199.0,54.0,591.35,26.0,275.42,148.82999999999998,78.0,32.0,44.3922783826196,201.0,349.83,110,46.0,14.0,0.42
07:30:53,199.57,56.0,248.5,12.0,198.12,51.0,294.33,9.0,224.04,48.93000000000001,107.0,21.0,40.575193406809476,199.57,248.5,128,86.0,18.0,0.67
07:30:54,199.54,67.0,202.94,18.0,197.78,83.0,210.83,24.0,201.24,3.4000000000000057,150.0,42.0,40.643069519907016,199.54,202.94,192,108.0,64.0,0.56
07:30:55,202.18,61.0,205.05,21.0,197.14,29.0,398.33,15.0,203.61,2.8700000000000045,90.0,36.0,43.66852665249877,202.18,205.05,126,54.0,-66.0,0.43
07:30:57,204.0,12.0,434.0,24.0,203.0,36.0,532.6,10.0,319.0,230.0,48.0,34.0,67.07212423950794,204.0,434.0,82,14.0,-72.0,0.17
07:31:16,203.74,50.0,206.92,26.0,202.25,24.0,207.72,29.0,205.33,3.1799999999999784,74.0,55.0,1.520273001803191,203.74,206.92000000000002,129,19.0,27.0,0.15
07:31:17,203.19,69.0,205.06,47.0,201.04,79.0,211.71,21.0,204.13,1.8700000000000045,148.0,68.0,1.8684084136002466,203.19,205.06,216,80.0,87.0,0.37
07:31:18,201.0,110.0,256.0,12.0,200.0,33.0,352.17,24.0,228.5,55.0,143.0,36.0,10.089150112869286,201.0,256.0,179,107.0,-37.0,0.6
07:31:19,201.19,47.0,258.64,11.0,200.85,82.0,479.82,22.0,229.91,57.44999999999999,129.0,33.0,12.990812137815267,201.19,258.64,162,96.0,-17.0,0.59
07:31:20,201.27,60.0,234.3,37.0,200.65,93.0,224.68,50.0,217.78,33.03,153.0,87.0,12.260381315440709,201.27,234.3,240,66.0,78.0,0.28
07:31:21,200.15,46.0,215.17,36.0,199.36,28.0,287.31,26.0,207.66,15.019999999999982,74.0,62.0,11.732677869949706,200.15,215.17,136,12.0,-104.0,0.09
07:31:22,200.39,23.0,204.0,48.0,199.14,21.0,369.0,22.0,202.2,3.6100000000000136,44.0,70.0,12.304283806870178,200.38999999999996,204.0,114,-26.0,-22.0,-0.23
07:31:23,200.0,116.0,277.29,28.0,198.62,16.0,451.5,32.0,238.64,77.29000000000002,132.0,60.0,15.13934014414125,200.0,277.29,192,72.0,78.0,0.38
07:31:24,200.0,112.0,201.07,46.0,198.0,30.0,281.85,13.0,200.53,1.0699999999999932,142.0,59.0,15.654546304508758,200.0,201.07,201,83.0,9.0,0.41
07:31:25,200.0,104.0,201.0,67.0,198.0,33.0,202.73,11.0,200.5,1.0,137.0,78.0,16.328287724069842,200.0,201.0,215,59.0,14.0,0.27
07:31:26,200.0,50.0,234.0,24.0,198.0,21.0,306.5,8.0,217.0,34.0,71.0,32.0,16.539990326478712,200.0,234.0,103,39.0,-112.0,0.38
07:31:27,200.33,33.0,399.0,36.0,198.8,25.0,657.89,18.0,299.67,198.67,58.0,54.0,41.31661372862017,200.33,399.0,112,4.0,9.0,0.04
07:31:28,200.8,10.0,399.0,16.0,199.25,8.0,574.0,16.0,299.9,198.2,18.0,32.0,51.80178037480951,200.8,399.0,50,-14.0,-62.0,-0.28
07:31:29,200.0,40.0,375.04,27.0,198.0,30.0,542.0,28.0,287.52,175.04000000000002,70.0,55.0,48.23926222487233,200.0,375.04,125,15.0,75.0,0.12
07:31:31,200.0,30.0,281.4,40.0,198.0,30.0,529.5,20.0,240.7,81.39999999999998,60.0,60.0,35.93782937240346,200.0,281.4,120,0.0,-12.0,0.0
07:31:32,199.2,20.0,299.1,30.0,196.35,68.0,398.29,42.0,249.15,99.90000000000003,88.0,72.0,40.6577016074444,199.2,299.1,160,16.0,40.0,0.1
07:31:37,200.82,85.0,245.74,19.0,197.55,157.0,267.35,17.0,223.28,44.920000000000016,242.0,36.0,10.798093813261335,200.82000000000002,245.74,278,206.0,147.0,0.74
07:31:38,198.0,88.0,219.5,8.0,196.0,56.0,342.78,27.0,208.75,21.5,144.0,35.0,16.24599735319423,198.0,219.5,179,109.0,-99.0,0.61
07:31:39,198.0,165.0,218.4,15.0,196.0,105.0,267.16,37.0,208.2,20.400000000000006,270.0,52.0,15.861956688882849,198.0,218.4,322,218.0,143.0,0.68
07:31:40,198.0,143.0,215.79,29.0,196.0,91.0,243.73,15.0,206.9,17.789999999999992,234.0,44.0,14.84285248865582,198.0,215.79,278,190.0,-44.0,0.68
07:31:41,199.66,169.0,213.1,62.0,197.19,189.0,214.0,70.0,206.38,13.439999999999998,358.0,132.0,7.09597209690099,199.66,213.1,490,226.0,176.0,0.46
07:31:43,202.62,104.0,206.39,46.0,200.19,101.0,208.44,50.0,204.5,3.769999999999982,205.0,96.0,1.330518695846837,202.62,206.38999999999996,301,109.0,-31.0,0.36
07:31:44,203.0,75.0,205.71,34.0,201.0,55.0,206.38,32.0,204.35,2.710000000000008,130.0,66.0,1.228201937792842,203.0,205.71,196,64.0,-105.0,0.33
07:31:45,203.0,40.0,204.0,40.0,200.16,63.0,326.94,33.0,203.5,1.0,103.0,73.0,1.36831282972797,203.0,204.0,176,30.0,-20.0,0.17
07:31:46,200.68,106.0,412.26,39.0,199.22,81.0,489.43,35.0,306.47,211.57999999999998,187.0,74.0,45.506402516569,200.68,412.26,261,113.0,85.0,0.43
07:31:58,200.89,54.0,205.47,15.0,200.93,90.0,214.0,30.0,203.18,4.5800000000000125,144.0,45.0,2.106414014385416,200.89,205.47,189,99.0,106.0,0.52
07:31:59,200.0,130.0,202.5,10.0,199.0,20.0,211.0,20.0,201.25,2.5,150.0,30.0,2.5863719763405264,200.0,202.5,180,120.0,-9.0,0.67
07:32:00,200.08,155.0,209.45,33.0,199.64,61.0,219.03,31.0,204.77,9.369999999999976,216.0,64.0,2.309887443145161,200.08,209.45,280,152.0,100.0,0.54
07:32:01,201.0,40.0,209.2,30.0,200.0,120.0,211.0,20.0,205.1,8.199999999999989,160.0,50.0,1.939059050158028,201.0,209.2,210,110.0,-70.0,0.52
07:32:02,200.09,92.0,203.33,27.0,198.89,38.0,208.75,24.0,201.71,3.240000000000009,130.0,51.0,1.7391003421309326,200.08999999999997,203.33000000000004,181,79.0,-29.0,0.44
07:32:03,200.0,78.0,205.33,27.0,197.0,18.0,208.95,21.0,202.67,5.3300000000000125,96.0,48.0,1.755591068557809,200.0,205.33000000000004,144,48.0,-37.0,0.33
07:32:04,200.85,84.0,208.42,31.0,199.18,39.0,219.44,18.0,204.63,7.569999999999993,123.0,49.0,1.4968233028650375,200.84999999999997,208.42,172,74.0,28.0,0.43
07:32:05,203.0,92.0,206.32,38.0,200.25,40.0,241.47,19.0,204.66,3.319999999999993,132.0,57.0,1.4792667102317265,203.0,206.32,189,75.0,17.0,0.4
07:32:06,201.67,72.0,204.44,64.0,199.82,33.0,206.36,44.0,203.05,2.7700000000000102,105.0,108.0,1.2841650984199442,201.67,204.44,213,-3.0,24.0,-0.01
07:32:07,200.0,16.0,206.0,32.0,199.0,8.0,208.25,16.0,203.0,6.0,24.0,48.0,0.9633119951499842,200.0,206.0,72,-24.0,-141.0,-0.33
07:32:08,200.0,18.0,205.5,28.0,199.0,9.0,207.14,28.0,202.75,5.5,27.0,56.0,0.9444416339826562,200.0,205.5,83,-29.0,11.0,-0.35
07:32:09,200.0,20.0,204.0,20.0,199.0,10.0,206.86,28.0,202.0,4.0,30.0,48.0,0.9718899114611513,200.0,204.0,78,-18.0,-5.0,-0.23
07:32:10,200.0,24.0,203.25,24.0,199.0,12.0,206.0,36.0,201.62,3.25,36.0,60.0,0.6399453101633907,200.0,203.25,96,-24.0,18.0,-0.25
07:32:11,200.93,60.0,275.31,26.0,199.94,34.0,242.0,62.0,238.12,74.38,94.0,88.0,16.009850717605033,200.93,275.31,182,6.0,86.0,0.03
07:32:12,201.68,94.0,400.09,22.0,200.73,66.0,449.4,40.0,300.89,198.40999999999997,160.0,62.0,43.06693778294428,201.68,400.09,222,98.0,40.0,0.44
07:32:24,202.11,54.0,290.64,44.0,201.45,22.0,293.0,33.0,246.37,88.52999999999997,76.0,77.0,38.498533088937094,202.11,290.64,153,-1.0,6.0,-0.01
07:32:25,201.0,78.0,249.35,46.0,200.0,26.0,280.59,29.0,225.17,48.349999999999994,104.0,75.0,33.288733829930884,201.0,249.35,179,29.0,26.0,0.16
07:32:26,202.45,86.0,223.52,42.0,200.95,88.0,236.04,56.0,212.99,21.07000000000002,174.0,98.0,16.869614103469722,202.45000000000002,223.52,272,76.0,93.0,0.28
07:32:27,202.75,56.0,205.09,43.0,201.15,74.0,210.69,32.0,203.92,2.3400000000000034,130.0,75.0,20.07772447265836,202.75,205.09000000000003,205,55.0,-67.0,0.27
07:32:28,202.62,90.0,204.83,36.0,201.23,86.0,205.53,38.0,203.73,2.210000000000008,176.0,74.0,17.904571483282815,202.62,204.83,250,102.0,45.0,0.41
07:32:29,203.05,73.0,204.86,35.0,201.1,82.0,207.86,35.0,203.96,1.8100000000000023,155.0,70.0,9.378423641528665,203.05,204.86,225,85.0,-25.0,0.38
07:32:30,203.15,26.0,208.93,28.0,201.0,51.0,429.67,36.0,206.04,5.780000000000001,77.0,64.0,3.9503379602236204,203.15000000000003,208.93,141,13.0,-84.0,0.09
07:32:31,202.09,22.0,208.93,14.0,201.0,33.0,237.37,19.0,205.51,6.840000000000003,55.0,33.0,1.0636587798648585,202.09000000000003,208.93,88,22.0,-53.0,0.25
07:32:32,202.33,24.0,209.0,16.0,201.11,37.0,293.38,29.0,205.67,6.6699999999999875,61.0,45.0,1.0587114809916864,202.33,209.0,106,16.0,18.0,0.15
07:32:33,201.0,40.0,211.06,31.0,200.0,16.0,286.05,21.0,206.03,10.060000000000002,56.0,52.0,0.8596918052323388,201.0,211.06,108,4.0,2.0,0.04
07:32:34,201.0,65.0,208.81,59.0,200.0,26.0,210.31,32.0,204.91,7.810000000000002,91.0,91.0,0.4643490066573369,201.0,208.81,182,0.0,74.0,0.0
07:32:35,201.0,40.0,205.79,28.0,200.0,16.0,207.0,34.0,203.39,4.789999999999992,56.0,62.0,1.0389995187600618,201.0,205.79,118,-6.0,-64.0,-0.05
07:32:36,201.0,30.0,204.8,25.0,200.0,12.0,205.86,29.0,202.9,3.8000000000000114,42.0,54.0,1.3818465906111324,201.0,204.8,96,-12.0,-22.0,-0.12
07:32:37,201.0,65.0,203.33,48.0,200.0,26.0,204.26,61.0,202.17,2.3300000000000125,91.0,109.0,1.5658863304798307,201.0,203.33,200,-18.0,104.0,-0.09
07:32:38,200.92,49.0,202.45,44.0,199.69,26.0,204.08,49.0,201.69,1.5300000000000011,75.0,93.0,1.2464429389200025,200.92,202.45,168,-18.0,-32.0,-0.11
07:32:39,199.71,28.0,233.22,45.0,198.18,68.0,296.84,25.0,216.47,33.50999999999999,96.0,70.0,6.265044293537249,199.71,233.22,166,26.0,-2.0,0.16
07:32:40,199.45,58.0,316.36,25.0,196.5,103.0,350.3,43.0,257.9,116.91000000000003,161.0,68.0,24.099950829825023,199.45,316.36,229,93.0,63.0,0.41
07:32:41,200.4,52.0,266.12,16.0,197.2,105.0,343.14,21.0,233.26,65.72,157.0,37.0,23.724773339275224,200.40000000000003,266.12,194,120.0,-35.0,0.62
07:32:42,202.8,40.0,256.81,42.0,197.41,86.0,273.06,34.0,229.8,54.00999999999999,126.0,76.0,20.916020893085403,202.8,256.81,202,50.0,8.0,0.25
07:32:46,197.49,82.0,249.45,22.0,108.81,37.0,324.84,38.0,223.47,51.95999999999998,119.0,60.0,2.808072292514072,197.49,249.45,179,59.0,88.0,0.33
07:32:47,200.59,46.0,243.19,32.0,196.47,144.0,245.2,40.0,221.89,42.599999999999994,190.0,72.0,3.8918697306031484,200.58999999999997,243.19,262,118.0,83.0,0.45
07:32:48,202.0,24.0,241.6,20.0,197.0,104.0,252.42,19.0,221.8,39.599999999999994,128.0,39.0,3.9804082705150576,202.0,241.6,167,89.0,-95.0,0.53
07:32:49,202.0,33.0,240.43,28.0,197.0,143.0,241.16,38.0,221.21,38.43000000000001,176.0,66.0,3.3302147077905224,202.0,240.43,242,110.0,75.0,0.45
07:32:50,202.0,45.0,236.7,40.0,193.88,48.0,240.6,50.0,219.35,34.69999999999999,93.0,90.0,1.4849175061207345,202.0,236.7,183,3.0,-59.0,0.02
07:32:51,202.77,65.0,233.45,40.0,200.75,40.0,251.27,52.0,218.11,30.67999999999998,105.0,92.0,1.6700958056301933,202.77,233.45,197,13.0,14.0,0.07
07:32:52,203.0,46.0,231.0,27.0,200.6,20.0,232.0,36.0,217.0,28.0,66.0,63.0,2.025988647545531,203.0,231.0,129,3.0,-68.0,0.02
07:32:53,203.31,26.0,228.72,46.0,202.0,36.0,230.69,52.0,216.01,25.409999999999997,62.0,98.0,2.0331207539108793,203.31,228.72000000000003,160,-36.0,31.0,-0.23
07:32:59,204.0,136.0,206.47,60.0,201.0,51.0,209.18,49.0,205.23,2.469999999999999,187.0,109.0,4.095989501937477,204.0,206.47,296,78.0,2.0,0.26
07:33:00,201.43,56.0,204.73,56.0,200.07,86.0,205.46,65.0,203.08,3.299999999999983,142.0,121.0,5.392482730615058,201.43,204.73,263,21.0,-33.0,0.08
07:33:01,192.98,65.0,201.44,18.0,169.08,93.0,202.88,41.0,197.21,8.460000000000008,158.0,59.0,6.9482782039855735,192.98,201.44,217,99.0,-46.0,0.46
07:33:02,168.03,72.0,197.43,46.0,95.76,164.0,198.39,31.0,182.73,29.400000000000006,236.0,77.0,11.149985650214077,168.03,197.43,313,159.0,96.0,0.51
07:33:03,180.69,94.0,196.9,40.0,173.77,48.0,197.92,26.0,188.8,16.210000000000008,142.0,66.0,9.525961893687096,180.69,196.9,208,76.0,-105.0,0.37
07:33:04,179.78,68.0,194.4,40.0,163.57,46.0,195.9,29.0,187.09,14.620000000000005,114.0,69.0,8.215136639154455,179.78,194.4,183,45.0,-25.0,0.25
07:33:05,170.4,10.0,278.27,22.0,92.06,34.0,280.13,15.0,224.34,107.86999999999998,44.0,37.0,16.67284408851648,170.4,278.27,81,7.0,-102.0,0.09
07:33:06,171.5,2.0,397.0,10.0,66.0,6.0,486.0,2.0,284.25,225.5,8.0,12.0,42.94596104408402,171.5,397.0,20,-4.0,-61.0,-0.2
07:33:07,190.17,24.0,285.75,40.0,155.86,14.0,430.0,12.0,237.96,95.58000000000001,38.0,52.0,40.0788506571731,190.17,285.75,90,-14.0,70.0,-0.16
07:33:08,201.09,46.0,373.42,24.0,197.75,24.0,493.12,24.0,287.25,172.33,70.0,48.0,42.285375367850165,201.08999999999997,373.42,118,22.0,28.0,0.19
07:33:09,201.55,60.0,259.5,24.0,200.57,42.0,290.68,40.0,230.53,57.94999999999999,102.0,64.0,30.42216839740375,201.55,259.5,166,38.0,48.0,0.23
07:33:16,204.0,32.0,214.53,17.0,201.0,18.0,215.07,15.0,209.26,10.530000000000001,50.0,32.0,2.653258374147463,204.0,214.53,82,18.0,-140.0,0.22
07:33:17,204.0,24.0,210.83,12.0,201.0,16.0,211.38,16.0,207.42,6.8300000000000125,40.0,28.0,2.116624671495486,204.0,210.83,68,12.0,-14.0,0.18
07:33:18,204.0,30.0,208.4,10.0,202.81,62.0,210.22,18.0,206.2,4.400000000000006,92.0,28.0,1.3146406353004119,204.0,208.4,120,64.0,52.0,0.53
07:33:19,204.0,24.0,319.14,28.0,203.0,64.0,554.33,12.0,261.57,115.13999999999999,88.0,40.0,24.220282822460725,204.0,319.14,128,48.0,8.0,0.38
07:33:34,204.0,44.0,208.2,10.0,203.0,56.0,209.32,25.0,206.1,4.199999999999989,100.0,35.0,2.1626187828587633,204.0,208.2,135,65.0,37.0,0.48
07:33:36,203.56,18.0,205.38,32.0,202.88,85.0,208.38,26.0,204.47,1.8199999999999932,103.0,58.0,1.709233746440912,203.56,205.38,161,45.0,-8.0,0.28
07:33:37,201.9,31.0,204.75,32.0,200.2,75.0,212.0,32.0,203.33,2.8499999999999943,106.0,64.0,1.4297482295746475,201.9,204.75,170,42.0,9.0,0.25
07:33:38,201.0,24.0,204.0,32.0,200.0,96.0,212.0,32.0,202.5,3.0,120.0,64.0,1.4899899328422885,201.0,204.0,184,56.0,14.0,0.3
07:33:39,201.12,32.0,204.0,36.0,200.05,114.0,363.0,48.0,202.56,2.8799999999999955,146.0,84.0,1.2982796308850357,201.12,204.0,230,62.0,46.0,0.27
07:33:40,202.0,65.0,235.0,40.0,200.35,66.0,517.98,49.0,218.5,33.0,131.0,89.0,6.881741785331131,202.0,235.0,220,42.0,-10.0,0.19
07:34:02,204.0,103.0,206.8,56.0,203.0,12.0,208.03,38.0,205.4,2.8000000000000114,115.0,94.0,1.7385539968502788,204.0,206.8,209,21.0,3.0,0.1
07:34:03,203.86,29.0,272.65,26.0,201.45,31.0,347.76,29.0,238.26,68.78999999999996,60.0,55.0,14.079148766881035,203.86,272.65,115,5.0,-94.0,0.04
07:34:04,203.0,10.0,343.0,35.0,201.0,114.0,418.78,37.0,273.0,140.0,124.0,72.0,29.696278891470154,203.0,343.0,196,52.0,81.0,0.27
07:34:05,203.0,12.0,288.25,24.0,201.0,72.0,290.0,60.0,245.62,85.25,84.0,84.0,28.650042233825427,203.0,288.25,168,0.0,-28.0,0.0
07:34:23,203.0,44.0,276.56,80.0,201.0,48.0,433.72,50.0,239.78,73.56,92.0,130.0,23.270928644985187,203.0,276.56,222,-38.0,123.0,-0.17
07:34:24,201.72,32.0,222.0,30.0,200.43,53.0,283.0,50.0,211.86,20.28,85.0,80.0,18.856836426081166,201.72,222.0,165,5.0,-57.0,0.03
07:34:25,200.44,45.0,283.0,40.0,196.84,77.0,400.5,24.0,241.72,82.56,122.0,64.0,13.249415081428255,200.44,283.0,186,58.0,21.0,0.31
07:34:26,202.84,38.0,283.0,50.0,198.5,48.0,425.1,30.0,242.92,80.16,86.0,80.0,13.737171470138215,202.84,283.0,166,6.0,-20.0,0.04
07:34:27,201.0,24.0,281.38,40.0,200.0,40.0,387.9,10.0,241.19,80.38,64.0,50.0,13.25979562436687,201.0,281.38,114,14.0,-52.0,0.12
07:34:28,201.0,21.0,280.43,35.0,200.0,35.0,351.0,7.0,240.71,79.43,56.0,42.0,13.341219959208338,201.0,280.43,98,14.0,-16.0,0.14
07:34:29,200.25,24.0,277.89,45.0,148.18,33.0,351.0,9.0,239.07,77.63999999999999,57.0,54.0,1.412044616852787,200.25,277.89,111,3.0,13.0,0.03
07:34:30,192.13,23.0,245.34,38.0,140.17,18.0,268.64,28.0,218.74,53.21000000000001,41.0,66.0,10.036878498815241,192.13,245.34,107,-25.0,-4.0,-0.23
07:34:43,148.72,53.0,241.89,38.0,147.19,32.0,299.62,32.0,195.31,93.16999999999999,85.0,70.0,15.51092260311885,148.72,241.89,155,15.0,-35.0,0.1
07:34:44,147.69,75.0,237.63,27.0,95.43,47.0,239.27,37.0,192.66,89.94,122.0,64.0,12.480916633002069,147.69,237.63,186,58.0,31.0,0.31
07:34:45,151.15,98.0,210.76,33.0,147.54,104.0,222.58,31.0,180.96,59.609999999999985,202.0,64.0,10.638056683433724,151.15,210.76,266,138.0,80.0,0.52
07:34:46,151.0,48.0,191.0,8.0,150.0,42.0,192.0,6.0,171.0,40.0,90.0,14.0,10.641798250293453,151.0,191.0,104,76.0,-162.0,0.73
07:34:47,177.89,70.0,191.0,10.0,157.19,37.0,192.0,10.0,184.44,13.110000000000014,107.0,20.0,9.715033710695364,177.89,191.0,127,87.0,23.0,0.69
07:34:48,189.67,24.0,191.0,3.0,188.0,3.0,192.0,3.0,190.33,1.3300000000000125,27.0,6.0,8.56483041279549,189.67,191.0,33,21.0,-94.0,0.64
07:34:49,190.24,74.0,192.55,22.0,189.55,31.0,193.23,26.0,191.39,2.3100000000000023,105.0,48.0,8.252413586336203,190.24,192.55,153,57.0,120.0,0.37
07:34:50,190.42,96.0,193.0,57.0,94.62,21.0,196.0,12.0,191.71,2.5800000000000125,117.0,69.0,8.769026741888052,190.42,193.0,186,48.0,33.0,0.26
07:34:51,193.4,58.0,197.82,28.0,192.25,85.0,202.52,27.0,195.61,4.4199999999999875,143.0,55.0,4.02891796887836,193.4,197.82,198,88.0,12.0,0.44
07:34:52,194.6,60.0,197.79,39.0,193.46,67.0,198.73,37.0,196.2,3.1899999999999977,127.0,76.0,2.6657869382140076,194.6,197.79,203,51.0,5.0,0.25
07:34:53,196.5,48.0,198.42,43.0,193.92,50.0,364.93,44.0,197.46,1.9199999999999875,98.0,87.0,2.7539299192160587,196.5,198.42,185,11.0,-18.0,0.06
07:34:54,198.0,32.0,330.17,23.0,176.7,10.0,451.89,37.0,264.09,132.17000000000002,42.0,60.0,30.863226176146306,198.0,330.17,102,-18.0,-83.0,-0.18
07:34:55,199.8,20.0,456.84,37.0,198.06,33.0,496.5,40.0,328.32,257.03999999999996,53.0,77.0,59.18654771145197,199.8,456.84,130,-24.0,28.0,-0.18
07:34:57,201.2,15.0,291.0,25.0,199.64,11.0,401.19,27.0,246.1,89.80000000000001,26.0,52.0,58.27092971628312,201.2,291.0,78,-26.0,-87.0,-0.33
07:34:58,203.36,28.0,207.79,48.0,201.59,29.0,208.67,60.0,205.57,4.429999999999978,57.0,108.0,55.64476228720911,203.35999999999999,207.79,165,-51.0,87.0,-0.31
07:34:59,204.0,44.0,206.0,22.0,201.0,44.0,208.0,55.0,205.0,2.0,88.0,77.0,64.41707638507046,204.0,206.0,165,11.0,0.0,0.07
07:35:00,202.71,34.0,204.38,16.0,201.1,40.0,213.31,35.0,203.54,1.6699999999999875,74.0,51.0,57.16960180025735,202.71,204.38,125,23.0,-40.0,0.18
07:35:01,201.25,32.0,202.54,13.0,200.73,22.0,204.65,17.0,201.89,1.289999999999992,54.0,30.0,18.881582295982767,201.25,202.54,84,24.0,-41.0,0.29
07:35:02,201.08,24.0,202.38,13.0,200.36,11.0,320.11,27.0,201.73,1.299999999999983,35.0,40.0,1.7500657130416426,201.08,202.38,75,-5.0,-9.0,-0.07
07:35:03,200.18,11.0,202.6,10.0,137.83,42.0,398.82,22.0,201.39,2.4199999999999875,53.0,32.0,1.5254671415548202,200.18,202.6,85,21.0,10.0,0.25
07:35:04,196.48,50.0,201.0,7.0,186.62,68.0,328.84,25.0,198.74,4.52000000000001,118.0,32.0,1.7311470185870055,196.48,201.0,150,86.0,65.0,0.57
07:35:05,200.0,19.0,207.88,8.0,157.0,16.0,276.31,16.0,203.94,7.8799999999999955,35.0,24.0,1.8561438521738343,200.0,207.88,59,11.0,-91.0,0.19
07:35:06,170.33,43.0,267.38,13.0,137.67,43.0,322.85,26.0,218.86,97.04999999999998,86.0,39.0,8.001760431302891,170.33,267.38,125,47.0,66.0,0.38
07:35:07,187.76,107.0,368.33,15.0,158.16,64.0,478.38,24.0,278.05,180.57,171.0,39.0,33.2684284269632,187.76,368.33,210,132.0,85.0,0.63
07:35:08,202.95,38.0,253.15,26.0,129.36,22.0,409.75,16.0,228.05,50.20000000000002,60.0,42.0,31.595181119910922,202.95,253.15000000000003,102,18.0,-108.0,0.18
07:35:09,155.24,21.0,196.0,90.0,116.35,17.0,375.75,32.0,175.62,40.75999999999999,38.0,122.0,37.614247699508404,155.24,196.0,160,-84.0,58.0,-0.53
07:35:10,160.42,36.0,264.44,43.0,158.32,28.0,409.62,48.0,212.43,104.02000000000001,64.0,91.0,36.84067683960182,160.42,264.44,155,-27.0,-5.0,-0.17
07:35:11,196.14,14.0,202.65,26.0,177.43,28.0,373.0,29.0,199.4,6.510000000000019,42.0,55.0,38.33253774536682,196.14000000000001,202.65000000000003,97,-13.0,-58.0,-0.13
07:35:20,187.5,54.0,197.5,32.0,181.44,55.0,273.8,20.0,192.5,10.0,109.0,52.0,12.290336447792756,187.5,197.5,161,57.0,102.0,0.35
07:35:21,190.4,40.0,199.33,12.0,189.73,33.0,206.24,34.0,194.87,8.930000000000007,73.0,46.0,15.887963368536141,190.4,199.33,119,27.0,-42.0,0.23
07:35:22,194.45,31.0,199.0,11.0,193.0,24.0,200.0,44.0,196.73,4.550000000000011,55.0,55.0,16.205499066673315,194.45,199.0,110,0.0,-9.0,0.0
07:35:23,197.6,47.0,213.28,29.0,196.3,40.0,284.31,39.0,205.44,15.680000000000007,87.0,68.0,14.925359962156831,197.59999999999997,213.28,155,19.0,45.0,0.12
07:35:24,198.94,64.0,322.18,22.0,197.75,48.0,513.0,17.0,260.56,123.24000000000001,112.0,39.0,28.672133684118545,198.94,322.18,151,73.0,-4.0,0.48
07:35:27,202.55,33.0,272.63,19.0,199.6,50.0,341.33,9.0,237.59,70.07999999999998,83.0,28.0,19.97044491241952,202.55,272.63,111,55.0,41.0,0.5
07:35:31,201.52,58.0,220.67,18.0,200.37,76.0,221.67,18.0,211.09,19.149999999999977,134.0,36.0,10.696245603012851,201.52,220.67,170,98.0,-39.0,0.58
07:35:32,201.0,34.0,219.33,9.0,200.0,36.0,220.33,9.0,210.17,18.330000000000013,70.0,18.0,2.6725699242430636,201.0,219.33,88,52.0,-82.0,0.59
07:35:33,201.0,32.0,218.0,12.0,200.0,48.0,219.0,12.0,209.5,17.0,80.0,24.0,2.3628013035309956,201.0,218.0,104,56.0,16.0,0.54
07:35:34,201.53,86.0,214.73,33.0,200.06,128.0,216.18,33.0,208.13,13.199999999999989,214.0,66.0,2.088054118064714,201.53000000000003,214.73,280,148.0,176.0,0.53
07:35:35,202.96,25.0,209.76,51.0,201.32,136.0,210.76,51.0,206.36,6.799999999999983,161.0,102.0,1.8507430939939105,202.96,209.76,263,59.0,-17.0,0.22
07:35:36,201.52,29.0,205.0,33.0,200.14,140.0,206.55,33.0,203.26,3.4799999999999898,169.0,66.0,2.774964864636187,201.52,205.0,235,103.0,-28.0,0.44
07:35:37,200.06,216.0,211.9,30.0,198.54,113.0,255.23,43.0,205.98,11.840000000000003,329.0,73.0,2.363150439554131,200.06,211.9,402,256.0,167.0,0.64
07:35:38,200.12,100.0,355.0,9.0,198.15,52.0,356.0,27.0,277.56,154.88,152.0,36.0,32.080193577969155,200.12,355.0,188,116.0,-176.0,0.62
07:35:40,200.67,27.0,347.0,5.0,198.5,10.0,516.6,15.0,273.83,146.33,37.0,20.0,42.47521783346134,200.66999999999996,347.0,57,17.0,-22.0,0.3
07:35:42,203.21,29.0,258.29,35.0,200.07,91.0,302.33,27.0,230.75,55.08000000000001,120.0,62.0,22.861199006176463,203.21,258.29,182,58.0,57.0,0.32
07:35:46,202.0,77.0,330.0,11.0,201.0,264.0,340.0,36.0,266.0,128.0,341.0,47.0,26.522193159691387,202.0,330.0,388,294.0,132.0,0.76
07:35:47,202.0,58.0,328.5,10.0,201.0,240.0,616.24,37.0,265.25,126.5,298.0,47.0,29.003193444860266,202.0,328.5,345,251.0,-43.0,0.73
07:35:48,203.71,35.0,328.0,7.0,201.14,111.0,430.0,28.0,265.86,124.28999999999999,146.0,35.0,23.000867374949014,203.71,328.0,181,111.0,-164.0,0.61
07:35:52,202.0,39.0,318.33,12.0,201.0,216.0,323.3,33.0,260.17,116.32999999999998,255.0,45.0,2.535107492790278,202.0,318.33,300,210.0,155.0,0.7
07:35:53,202.0,46.0,316.71,41.0,201.0,276.0,319.52,23.0,259.35,114.70999999999998,322.0,64.0,3.0863457356557418,202.0,316.71,386,258.0,86.0,0.67
07:35:54,202.0,40.0,277.76,34.0,201.0,300.0,304.67,43.0,239.88,75.75999999999999,340.0,77.0,10.156064690616967,202.0,277.76,417,263.0,31.0,0.63
07:35:55,201.0,331.0,300.19,47.0,200.35,85.0,313.34,50.0,250.6,99.19,416.0,97.0,9.551158568466683,201.0,300.19,513,319.0,96.0,0.62
07:35:56,201.31,163.0,284.62,50.0,200.89,235.0,294.04,47.0,242.97,83.31,398.0,97.0,9.236916693355601,201.31,284.62,495,301.0,-18.0,0.61
07:36:05,203.76,17.0,205.1,39.0,201.53,66.0,209.04,27.0,204.43,1.3400000000000034,83.0,66.0,7.3882014049405065,203.76,205.1,149,17.0,-96.0,0.11
07:36:06,202.0,18.0,203.07,43.0,201.0,279.0,204.17,29.0,202.53,1.0699999999999932,297.0,72.0,3.0458365025001206,202.0,203.07,369,225.0,176.0,0.61
07:36:07,201.01,290.0,212.56,48.0,198.73,131.0,248.98,47.0,206.78,11.550000000000011,421.0,95.0,2.0151600432624868,201.01,212.56000000000003,516,326.0,147.0,0.63
07:36:08,201.0,102.0,291.17,24.0,198.0,54.0,381.5,24.0,246.08,90.17000000000002,156.0,48.0,18.451237627865694,201.0,291.17,204,108.0,-176.0,0.53
07:36:09,201.89,90.0,429.0,36.0,199.0,54.0,720.26,38.0,315.44,227.11,144.0,74.0,48.42143296103474,201.89,429.0,218,70.0,14.0,0.32
07:36:14,202.0,50.0,253.8,50.0,201.0,210.0,254.93,14.0,227.9,51.80000000000001,260.0,64.0,45.067074233857305,202.0,253.8,324,196.0,173.0,0.6
07:36:15,202.38,48.0,249.83,60.0,201.19,156.0,251.33,60.0,226.1,47.45000000000002,204.0,120.0,42.05487938396678,202.38,249.83,324,84.0,0.0,0.26
07:36:16,201.75,114.0,246.44,80.0,200.74,235.0,247.81,80.0,224.09,44.69,349.0,160.0,22.574069859021474,201.75,246.44,509,189.0,176.0,0.37
07:36:22,204.0,36.0,220.18,44.0,201.0,484.0,222.34,44.0,212.09,16.180000000000007,520.0,88.0,4.772501440541403,204.0,220.18,608,432.0,176.0,0.71
07:36:25,203.82,33.0,306.15,20.0,201.14,142.0,285.85,48.0,254.98,102.32999999999998,175.0,68.0,19.641062343976465,203.82,306.15,243,107.0,94.0,0.44
07:36:44,202.8,10.0,204.91,23.0,201.84,19.0,205.54,13.0,203.86,2.109999999999985,29.0,36.0,4.891132793125516,202.8,204.91000000000003,65,-7.0,-115.0,-0.11
07:36:45,201.31,39.0,203.22,63.0,200.25,84.0,260.68,44.0,202.26,1.9099999999999966,123.0,107.0,4.116327246464655,201.31,203.22,230,16.0,165.0,0.07
07:36:46,201.0,68.0,202.55,44.0,200.0,77.0,367.5,30.0,201.77,1.5500000000000114,145.0,74.0,3.7073103457880237,201.0,202.55,219,71.0,-11.0,0.32
07:36:47,201.81,52.0,303.71,28.0,198.67,75.0,445.17,23.0,252.76,101.89999999999998,127.0,51.0,22.01136456469676,201.81,303.71,178,76.0,-41.0,0.43
07:37:00,204.0,138.0,220.0,14.0,203.0,28.0,222.23,22.0,212.0,16.0,166.0,36.0,3.033954515148549,204.0,220.0,202,130.0,80.0,0.64
07:37:06,204.0,45.0,209.0,30.0,203.0,30.0,399.43,46.0,206.5,5.0,75.0,76.0,1.9354896021391044,204.0,209.0,151,-1.0,67.0,-0.01
07:37:07,204.0,24.0,208.12,16.0,203.0,16.0,485.27,22.0,206.06,4.1200000000000045,40.0,38.0,1.4915093026824688,204.0,208.12,78,2.0,-73.0,0.03
07:37:08,204.0,24.0,207.0,22.0,203.0,22.0,306.0,32.0,205.5,3.0,46.0,54.0,0.94958938493862,204.0,207.0,100,-8.0,22.0,-0.08
07:37:09,203.62,32.0,205.62,32.0,202.14,146.0,388.31,64.0,204.62,2.0,178.0,96.0,0.8548216188117422,203.62,205.62,274,82.0,174.0,0.3
07:37:10,202.74,68.0,328.17,24.0,201.94,181.0,469.3,40.0,265.45,125.43,249.0,64.0,26.74364933960941,202.74,328.17,313,185.0,39.0,0.59
07:37:11,202.16,115.0,406.0,16.0,201.5,101.0,471.5,32.0,304.08,203.84,216.0,48.0,45.57144412897177,202.15999999999997,406.0,264,168.0,-49.0,0.64
07:37:12,202.06,194.0,424.39,36.0,201.45,179.0,443.31,52.0,313.23,222.32999999999998,373.0,88.0,52.04141936957525,202.06,424.39,461,285.0,176.0,0.62
07:37:13,203.0,39.0,236.54,35.0,202.0,260.0,297.0,35.0,219.77,33.53999999999999,299.0,70.0,48.68612379313025,203.0,236.54,369,229.0,-92.0,0.62
07:37:14,203.0,26.0,222.56,9.0,202.0,140.0,223.83,12.0,212.78,19.560000000000002,166.0,21.0,46.38826327854928,203.0,222.56,187,145.0,-176.0,0.78
07:37:15,203.15,40.0,221.17,12.0,202.23,130.0,222.05,21.0,212.16,18.019999999999982,170.0,33.0,51.53840829905403,203.15,221.17,203,137.0,16.0,0.67
07:37:20,203.67,63.0,206.78,9.0,202.64,66.0,208.0,27.0,205.22,3.1100000000000136,129.0,36.0,2.365153271987861,203.67,206.78,165,93.0,-17.0,0.56
07:37:21,203.49,63.0,206.82,22.0,202.18,73.0,209.89,38.0,205.16,3.329999999999984,136.0,60.0,2.1606179671553956,203.49,206.82,196,76.0,31.0,0.39
07:37:22,204.0,26.0,216.0,27.0,202.0,91.0,277.16,50.0,210.0,12.0,117.0,77.0,2.233387561529511,204.0,216.0,194,40.0,-2.0,0.21
07:37:25,202.0,58.0,211.61,36.0,201.0,276.0,213.67,36.0,206.81,9.610000000000014,334.0,72.0,3.012080676209538,202.0,211.61,406,262.0,100.0,0.65
07:37:26,202.0,52.0,209.6,20.0,201.0,299.0,233.39,31.0,205.8,7.599999999999994,351.0,51.0,2.8313653949984756,202.0,209.6,402,300.0,-4.0,0.75
07:37:27,202.0,54.0,205.86,22.0,201.0,322.0,206.7,20.0,203.93,3.8600000000000136,376.0,42.0,3.44632412869056,202.0,205.86,418,334.0,16.0,0.8
07:37:28,202.0,20.0,207.45,11.0,201.0,184.0,235.0,12.0,204.73,5.449999999999989,204.0,23.0,1.8305135891313766,202.0,207.45,227,181.0,-176.0,0.8
07:37:29,202.0,20.0,258.8,10.0,201.0,230.0,364.71,34.0,230.4,56.80000000000001,250.0,44.0,11.269828303927037,202.0,258.8,294,206.0,67.0,0.7
07:37:30,202.0,14.0,235.14,7.0,201.0,161.0,282.57,7.0,218.57,33.139999999999986,175.0,14.0,11.57356600188529,202.0,235.14000000000001,189,161.0,-105.0,0.85
07:37:31,202.46,26.0,268.85,20.0,201.04,167.0,294.4,10.0,235.66,66.39000000000001,193.0,30.0,14.472849408461187,202.46,268.85,223,163.0,34.0,0.73
07:37:50,204.0,18.0,208.6,15.0,202.0,63.0,209.14,21.0,206.3,4.599999999999994,81.0,36.0,3.165656330052012,204.0,208.6,117,45.0,-24.0,0.38
07:37:51,204.0,24.0,206.86,14.0,202.0,84.0,208.94,34.0,205.43,2.8600000000000136,108.0,48.0,2.695974777329819,204.0,206.85999999999999,156,60.0,39.0,0.38
07:37:52,202.41,22.0,205.62,24.0,201.14,44.0,207.0,8.0,204.02,3.210000000000008,66.0,32.0,2.244644738037358,202.40999999999997,205.62,98,34.0,-58.0,0.35
07:37:53,201.59,51.0,204.82,22.0,192.65,26.0,205.67,18.0,203.2,3.2299999999999898,77.0,40.0,1.8337475289687695,201.59,204.82,117,37.0,19.0,0.32
07:37:54,202.8,88.0,204.16,19.0,201.0,45.0,232.91,43.0,203.48,1.3599999999999852,133.0,62.0,1.3289770502154,202.8,204.16,195,71.0,78.0,0.36
07:38:04,200.91,11.0,251.42,38.0,195.82,17.0,254.09,43.0,226.17,50.50999999999999,28.0,81.0,4.305610293558068,200.90999999999997,251.42,109,-53.0,-26.0,-0.49
07:38:05,176.96,25.0,249.0,45.0,156.24,17.0,250.0,36.0,212.98,72.03999999999999,42.0,81.0,7.941755473444982,176.96,249.0,123,-39.0,14.0,-0.32
07:38:06,189.79,19.0,248.61,41.0,159.67,15.0,249.52,42.0,219.2,58.82000000000002,34.0,83.0,7.854326833026068,189.79,248.61,117,-49.0,-6.0,-0.42
07:38:07,186.67,15.0,243.84,50.0,155.2,20.0,245.08,49.0,215.25,57.170000000000016,35.0,99.0,7.291258464764031,186.67,243.84,134,-64.0,17.0,-0.48
07:38:08,187.08,13.0,196.06,34.0,128.11,18.0,207.71,21.0,191.57,8.97999999999999,31.0,55.0,13.00183563963154,187.07999999999998,196.06,86,-24.0,-48.0,-0.28
07:38:09,188.0,10.0,195.67,36.0,149.0,20.0,198.54,26.0,191.83,7.6699999999999875,30.0,62.0,13.392151806188311,188.0,195.67,92,-32.0,6.0,-0.35
07:38:10,188.0,9.0,195.8,30.0,149.0,18.0,202.42,31.0,191.9,7.800000000000011,27.0,61.0,14.01440152129205,188.0,195.8,88,-34.0,-4.0,-0.39
07:38:11,193.32,22.0,198.9,42.0,184.57,14.0,200.64,22.0,196.11,5.5800000000000125,36.0,64.0,10.192243128967892,193.32,198.90000000000003,100,-28.0,12.0,-0.28
07:38:12,193.0,10.0,194.0,5.0,188.0,5.0,197.0,10.0,193.5,1.0,15.0,15.0,1.9068481848310372,193.0,194.0,30,0.0,-70.0,0.0
07:38:13,193.0,18.0,195.85,13.0,188.0,9.0,198.23,26.0,194.42,2.8499999999999943,27.0,39.0,1.8023512421260657,193.0,195.84999999999997,66,-12.0,36.0,-0.18
07:38:14,189.0,12.0,196.63,19.0,77.87,30.0,198.33,36.0,192.82,7.6299999999999955,42.0,55.0,1.6099999999979417,189.0,196.63,97,-13.0,31.0,-0.13
07:38:15,192.75,8.0,197.46,13.0,101.0,40.0,199.46,26.0,195.11,4.710000000000008,48.0,39.0,1.2975631005825425,192.75,197.46,87,9.0,-10.0,0.1
07:38:16,195.0,16.0,200.25,8.0,179.78,32.0,239.75,16.0,197.62,5.25,48.0,24.0,1.8538554420432547,195.0,200.25,72,24.0,-15.0,0.33
07:38:17,199.33,24.0,240.43,14.0,179.45,56.0,446.75,24.0,219.88,41.099999999999994,80.0,38.0,11.263605106713998,199.33,240.43,118,42.0,46.0,0.36
07:38:18,202.08,26.0,343.0,20.0,155.25,32.0,447.24,29.0,272.54,140.92,58.0,49.0,33.62488185852845,202.07999999999998,343.0,107,9.0,-11.0,0.08
07:38:22,203.69,29.0,240.0,27.0,199.81,32.0,241.0,18.0,221.84,36.31,61.0,45.0,36.55938620928965,203.69,240.0,106,16.0,7.0,0.15
07:38:24,203.2,10.0,238.6,20.0,201.05,38.0,266.46,26.0,220.9,35.400000000000006,48.0,46.0,33.4452347876345,203.2,238.6,94,2.0,-18.0,0.02
07:38:25,201.07,15.0,238.41,22.0,151.49,41.0,334.94,33.0,219.74,37.34,56.0,55.0,12.013431233415186,201.07,238.40999999999997,111,1.0,17.0,0.01
07:38:27,169.5,40.0,233.54,28.0,146.5,46.0,321.09,22.0,201.52,64.03999999999999,86.0,50.0,14.11517516717359,169.5,233.54,136,36.0,72.0,0.26
07:38:28,202.43,35.0,217.06,32.0,162.47,30.0,366.68,50.0,209.75,14.629999999999995,65.0,82.0,12.695736685990054,202.43,217.06,147,-17.0,11.0,-0.12
07:38:34,201.21,57.0,210.0,30.0,172.69,39.0,211.0,30.0,205.61,8.789999999999992,96.0,60.0,52.37004038570141,201.21,210.0,156,36.0,4.0,0.23
07:38:35,201.2,60.0,208.48,27.0,182.71,42.0,209.62,48.0,204.84,7.280000000000001,102.0,75.0,3.8345443014776595,201.2,208.48,177,27.0,21.0,0.15
07:38:36,203.0,52.0,205.18,28.0,201.0,78.0,206.51,37.0,204.09,2.180000000000007,130.0,65.0,1.9180119916190967,203.0,205.18,195,65.0,18.0,0.33
07:38:37,201.36,44.0,286.67,18.0,178.0,24.0,352.24,33.0,244.02,85.31,68.0,51.0,17.243744662920385,201.36,286.67,119,17.0,-76.0,0.14
07:38:38,203.0,118.0,299.06,17.0,200.02,81.0,340.35,52.0,251.03,96.06,199.0,69.0,23.513046803849047,203.0,299.06,268,130.0,149.0,0.49
07:38:39,203.27,66.0,257.83,12.0,202.16,86.0,365.3,23.0,230.55,54.559999999999974,152.0,35.0,21.769320843792908,203.27,257.83,187,117.0,-81.0,0.63
07:38:40,203.0,80.0,256.7,10.0,201.0,60.0,283.36,11.0,229.85,53.69999999999999,140.0,21.0,17.97409302301501,203.0,256.7,161,119.0,-26.0,0.74
07:38:41,203.0,104.0,252.48,21.0,201.0,78.0,285.58,31.0,227.74,49.47999999999999,182.0,52.0,10.294885623453874,203.0,252.48,234,130.0,73.0,0.56
07:38:42,203.78,79.0,248.38,45.0,202.04,71.0,250.74,39.0,226.08,44.599999999999994,150.0,84.0,10.204746444669606,203.78,248.38,234,66.0,0.0,0.28
07:38:55,202.49,73.0,206.48,25.0,201.69,144.0,242.29,21.0,204.49,3.9899999999999807,217.0,46.0,2.018967557935929,202.49,206.48,263,171.0,12.0,0.65
07:38:56,202.18,114.0,204.7,27.0,201.25,157.0,242.76,29.0,203.44,2.519999999999982,271.0,56.0,2.6863115977112586,202.18,204.7,327,215.0,64.0,0.66
07:38:57,203.04,48.0,308.0,21.0,201.43,74.0,384.0,38.0,255.52,104.96000000000001,122.0,59.0,22.1856176384611,203.04,308.0,181,63.0,-146.0,0.35
07:38:59,202.55,76.0,225.85,13.0,201.2,95.0,354.0,26.0,214.2,23.299999999999983,171.0,39.0,21.31423514930798,202.55,225.84999999999997,210,132.0,102.0,0.63
07:39:00,202.0,214.0,220.37,27.0,201.0,117.0,287.45,20.0,211.19,18.370000000000005,331.0,47.0,20.382919810468657,202.0,220.37,378,284.0,168.0,0.75
07:39:01,202.0,205.0,218.73,33.0,201.0,100.0,220.0,11.0,210.36,16.72999999999999,305.0,44.0,19.167424970506474,202.0,218.73,349,261.0,-29.0,0.75
07:39:02,202.95,79.0,214.06,33.0,201.83,174.0,218.43,23.0,208.5,11.110000000000014,253.0,56.0,3.070328972601558,202.95,214.06,309,197.0,-40.0,0.64
07:39:03,202.04,282.0,215.15,26.0,201.25,144.0,217.0,30.0,208.6,13.110000000000014,426.0,56.0,2.3329809257678753,202.04,215.15000000000003,482,370.0,173.0,0.77
07:39:07,202.21,56.0,207.08,25.0,201.5,169.0,209.0,19.0,204.65,4.8700000000000045,225.0,44.0,2.0745481435718043,202.21,207.08,269,181.0,164.0,0.67
07:39:08,202.0,74.0,204.25,12.0,201.0,136.0,237.11,18.0,203.12,2.25,210.0,30.0,2.989954849157008,202.0,204.25,240,180.0,-29.0,0.75
07:39:09,202.0,32.0,415.4,20.0,201.0,102.0,436.29,28.0,308.7,213.39999999999998,134.0,48.0,45.8679395656704,202.0,415.4,182,86.0,-58.0,0.47
07:39:10,202.0,52.0,332.13,53.0,201.0,221.0,431.07,45.0,267.07,130.13,273.0,98.0,47.6392356151942,202.0,332.13,371,175.0,176.0,0.47
07:39:11,202.0,32.0,258.34,38.0,201.0,136.0,394.42,26.0,230.17,56.339999999999975,168.0,64.0,45.05903871588903,202.0,258.34,232,104.0,-139.0,0.45
07:39:17,203.0,13.0,233.18,45.0,202.0,65.0,268.12,50.0,218.09,30.180000000000007,78.0,95.0,4.80926397695088,203.0,233.18,173,-17.0,28.0,-0.1
07:39:18,202.7,40.0,265.0,44.0,201.3,97.0,365.13,15.0,233.85,62.30000000000001,137.0,59.0,11.134585757898494,202.7,265.0,196,78.0,23.0,0.4
07:39:25,203.0,35.0,345.0,5.0,202.0,10.0,747.0,1.0,274.0,142.0,45.0,6.0,19.565703922935217,203.0,345.0,51,39.0,-37.0,0.76
07:39:26,203.36,33.0,432.41,22.0,202.82,34.0,464.79,19.0,317.89,229.05,67.0,41.0,20.08303388435028,203.36,432.41,108,26.0,57.0,0.24
07:39:29,202.45,11.0,404.16,25.0,201.2,49.0,416.88,25.0,303.31,201.71000000000004,60.0,50.0,16.608734148030774,202.45,404.16,110,10.0,-38.0,0.09
07:39:34,201.55,89.0,209.64,33.0,197.82,60.0,351.4,43.0,205.59,8.089999999999975,149.0,76.0,28.071568000380594,201.55,209.64,225,73.0,104.0,0.32
07:39:35,202.0,66.0,209.0,21.0,201.0,21.0,396.86,28.0,205.5,7.0,87.0,49.0,16.651365409479066,202.0,209.0,136,38.0,-89.0,0.28
07:39:36,202.28,54.0,209.0,27.0,201.6,45.0,262.89,36.0,205.64,6.719999999999999,99.0,63.0,2.0177041408489345,202.28,209.0,162,36.0,26.0,0.22
07:39:37,202.46,104.0,208.18,44.0,201.39,31.0,213.4,40.0,205.32,5.719999999999999,135.0,84.0,1.2392053905625562,202.46,208.18,219,51.0,57.0,0.23
07:39:38,203.09,176.0,207.0,44.0,202.0,44.0,209.0,33.0,205.05,3.9099999999999966,220.0,77.0,0.2401041440699343,203.09000000000003,207.0,297,143.0,78.0,0.48
07:39:49,201.21,151.0,305.33,42.0,201.04,81.0,323.12,26.0,253.27,104.11999999999998,232.0,68.0,8.915203306710309,201.21,305.33,300,164.0,102.0,0.55
07:39:50,201.0,278.0,273.0,60.0,200.0,48.0,331.0,12.0,237.0,72.0,326.0,72.0,15.012705618907612,201.0,273.0,398,254.0,98.0,0.64
07:39:51,201.0,264.0,261.09,47.0,199.0,12.0,274.26,38.0,231.04,60.089999999999975,276.0,85.0,17.758083511459926,201.0,261.09,361,191.0,-37.0,0.53
07:39:52,201.05,113.0,246.12,16.0,200.86,71.0,256.71,28.0,223.59,45.06999999999999,184.0,44.0,18.372401857133156,201.05,246.12,228,140.0,-133.0,0.61
07:39:53,201.07,182.0,244.02,50.0,200.72,182.0,244.59,34.0,222.54,42.95000000000002,364.0,84.0,12.52481017820209,201.07,244.02,448,280.0,176.0,0.62
07:39:54,201.46,59.0,242.0,8.0,200.95,110.0,243.0,40.0,221.73,40.53999999999999,169.0,48.0,6.622918540945351,201.46,242.0,217,121.0,-176.0,0.56
07:40:01,203.38,48.0,205.6,42.0,201.52,107.0,208.33,24.0,204.49,2.219999999999999,155.0,66.0,8.100088271124136,203.38,205.59999999999997,221,89.0,111.0,0.4
07:40:02,202.1,80.0,205.31,35.0,201.07,244.0,207.73,22.0,203.71,3.210000000000008,324.0,57.0,8.08155801810544,202.1,205.31,381,267.0,160.0,0.7
07:40:03,202.0,8.0,205.75,8.0,201.0,152.0,208.0,16.0,203.88,3.75,160.0,24.0,6.4384198371965295,202.0,205.75,184,136.0,-176.0,0.74
07:40:04,201.0,209.0,202.79,14.0,200.0,52.0,206.28,25.0,201.89,1.789999999999992,261.0,39.0,3.1099726686913423,201.0,202.79,300,222.0,116.0,0.74
07:40:05,201.18,68.0,208.0,16.0,200.78,72.0,425.5,24.0,204.59,6.819999999999993,140.0,40.0,1.0867474407642057,201.18,208.0,180,100.0,-120.0,0.56
07:40:06,202.0,80.0,207.05,42.0,201.0,210.0,308.45,51.0,204.52,5.050000000000011,290.0,93.0,1.092185881618852,202.0,207.05,383,197.0,176.0,0.51
07:40:07,201.52,46.0,204.7,63.0,200.9,240.0,205.94,85.0,203.11,3.1799999999999784,286.0,148.0,1.1257308737027625,201.52,204.7,434,138.0,51.0,0.32
07:40:08,201.0,143.0,210.07,45.0,198.23,39.0,218.08,65.0,205.53,9.069999999999993,182.0,110.0,1.4298321579848086,201.0,210.07,292,72.0,-142.0,0.25
07:40:09,201.0,60.0,258.2,30.0,199.0,12.0,433.96,26.0,229.6,57.19999999999999,72.0,56.0,11.286130869346051,201.0,258.2,128,16.0,-164.0,0.12
07:40:10,201.8,40.0,371.29,38.0,199.94,17.0,435.69,39.0,286.54,169.49,57.0,77.0,35.64518550940648,201.8,371.29,134,-20.0,6.0,-0.15
07:40:11,203.89,18.0,406.04,23.0,199.12,33.0,453.43,23.0,304.97,202.15000000000003,51.0,46.0,47.08309940944836,203.89,406.04,97,5.0,-37.0,0.05
07:40:12,198.0,16.0,356.12,16.0,197.0,56.0,358.0,16.0,277.06,158.12,72.0,32.0,41.55153125938914,198.0,356.12,104,40.0,7.0,0.38
07:40:13,197.0,56.0,244.33,15.0,194.0,96.0,281.4,10.0,220.67,47.33000000000001,152.0,25.0,36.80263536759279,197.0,244.33,177,127.0,73.0,0.72
07:40:14,197.11,79.0,203.0,26.0,192.46,119.0,320.83,23.0,200.06,5.889999999999986,198.0,49.0,45.095650011946745,197.11,203.0,247,149.0,70.0,0.6
07:40:15,200.09,46.0,216.29,28.0,198.75,53.0,363.27,45.0,208.19,16.19999999999999,99.0,73.0,46.23659968033976,200.08999999999997,216.29,172,26.0,-75.0,0.15
07:40:16,200.65,80.0,295.33,43.0,194.14,69.0,389.98,42.0,247.99,94.67999999999998,149.0,85.0,31.600079588507295,200.65,295.33,234,64.0,62.0,0.27
07:40:30,204.0,81.0,239.0,20.0,203.0,35.0,241.0,10.0,221.5,35.0,116.0,30.0,42.28393465608415,204.0,239.0,146,86.0,21.0,0.59
07:40:48,202.82,11.0,205.55,33.0,201.7,47.0,341.67,48.0,204.18,2.730000000000018,58.0,81.0,1.5322956633770228,202.82,205.55,139,-23.0,-42.0,-0.17
07:40:49,201.16,32.0,207.81,37.0,188.3,37.0,265.17,59.0,204.48,6.650000000000006,69.0,96.0,1.2505078968179768,201.16,207.81,165,-27.0,26.0,-0.16
07:40:50,201.0,28.0,333.4,30.0,149.2,10.0,486.79,29.0,267.2,132.39999999999998,38.0,59.0,27.75146338483798,201.0,333.4,97,-21.0,-68.0,-0.22
07:40:51,174.0,16.0,299.06,17.0,134.57,14.0,407.59,34.0,236.53,125.06,30.0,51.0,27.980450854123184,174.0,299.06,81,-21.0,-16.0,-0.26
07:40:52,157.47,68.0,195.57,14.0,112.0,20.0,308.64,25.0,176.52,38.099999999999994,88.0,39.0,34.850166714091955,157.47,195.57,127,49.0,46.0,0.39
07:40:53,148.64,73.0,193.0,30.0,134.12,25.0,194.0,5.0,170.82,44.360000000000014,98.0,35.0,40.79207521075635,148.64,193.0,133,63.0,6.0,0.47
07:40:54,154.49,130.0,193.0,56.0,53.33,12.0,194.0,10.0,173.75,38.50999999999999,142.0,66.0,44.212327805715034,154.49,193.0,208,76.0,75.0,0.37
07:40:55,155.05,82.0,193.0,20.0,117.44,9.0,194.0,5.0,174.02,37.94999999999999,91.0,25.0,28.136402932855564,155.05,193.0,116,66.0,-92.0,0.57
07:40:56,161.52,46.0,400.82,39.0,152.48,46.0,562.83,29.0,281.17,239.29999999999998,92.0,68.0,48.06986301207862,161.52,400.82,160,24.0,44.0,0.15
07:41:01,201.08,39.0,265.67,9.0,200.5,36.0,515.27,41.0,233.37,64.59,75.0,50.0,32.550416587196004,201.08,265.67,125,25.0,62.0,0.2
07:41:12,203.46,50.0,206.0,22.0,201.75,106.0,276.0,20.0,204.73,2.539999999999992,156.0,42.0,1.7550270653211217,203.46,206.0,198,114.0,28.0,0.58
07:41:13,201.02,111.0,207.0,12.0,200.09,145.0,339.58,24.0,204.01,5.97999999999999,256.0,36.0,1.8994288615291102,201.02,207.0,292,220.0,94.0,0.75
07:41:14,201.0,90.0,205.44,9.0,200.0,108.0,378.0,18.0,203.22,4.439999999999998,198.0,27.0,1.690582739770484,201.0,205.44,225,171.0,-67.0,0.76
07:41:15,201.83,72.0,360.9,21.0,200.59,111.0,473.89,27.0,281.37,159.06999999999996,183.0,48.0,34.42951016206896,201.83,360.9,231,135.0,6.0,0.58
07:41:19,203.43,42.0,366.12,32.0,202.53,57.0,513.42,43.0,284.78,162.69,99.0,75.0,46.876169318748765,203.42999999999998,366.12,174,24.0,120.0,0.14
07:41:20,203.0,44.0,346.76,29.0,202.0,33.0,405.38,26.0,274.88,143.76,77.0,55.0,47.069806882969075,203.0,346.76,132,22.0,-42.0,0.17
07:41:21,203.0,44.0,253.0,33.0,202.0,33.0,256.27,22.0,228.0,50.0,77.0,55.0,44.32841188222293,203.0,253.0,132,22.0,0.0,0.17
07:41:22,203.0,56.0,237.23,39.0,202.0,42.0,266.65,31.0,220.12,34.22999999999999,98.0,70.0,52.96596907449162,203.0,237.23,168,28.0,36.0,0.17
07:41:23,203.0,32.0,217.38,24.0,202.0,24.0,397.75,16.0,210.19,14.379999999999995,56.0,40.0,33.856790751635074,203.0,217.38,96,16.0,-72.0,0.17
07:41:24,203.0,29.0,214.77,39.0,201.67,48.0,270.49,35.0,208.88,11.77000000000001,77.0,74.0,27.118915538789583,203.0,214.77,151,3.0,55.0,0.02
07:41:25,204.0,14.0,212.79,42.0,203.0,14.0,214.0,42.0,208.39,8.789999999999992,28.0,84.0,8.652018839554367,204.0,212.79000000000002,112,-56.0,-39.0,-0.5
07:41:27,201.02,44.0,209.0,21.0,200.13,84.0,210.0,21.0,205.01,7.97999999999999,128.0,42.0,1.9334761441517423,201.02,209.0,170,86.0,74.0,0.51
07:41:28,201.0,42.0,208.71,21.0,200.0,84.0,209.71,21.0,204.86,7.710000000000008,126.0,42.0,1.8832020603227717,201.0,208.70999999999998,168,84.0,-2.0,0.5
07:41:29,201.0,54.0,206.22,27.0,200.0,108.0,209.0,27.0,203.61,5.219999999999999,162.0,54.0,1.9840438503228568,201.0,206.22,216,108.0,48.0,0.5
07:41:30,202.0,30.0,209.0,36.0,200.03,111.0,329.74,35.0,205.5,7.0,141.0,71.0,1.3998821378973245,202.0,209.0,212,70.0,-4.0,0.33
07:41:35,200.65,48.0,269.48,25.0,188.9,31.0,314.86,21.0,235.06,68.83000000000001,79.0,46.0,25.097054209608046,200.65,269.48,125,33.0,43.0,0.26
07:41:36,201.44,50.0,265.65,31.0,170.06,35.0,269.78,27.0,233.54,64.20999999999998,85.0,58.0,26.86019601566609,201.44,265.65,143,27.0,18.0,0.19
07:41:38,201.85,52.0,256.37,30.0,191.38,64.0,261.28,36.0,229.11,54.52000000000001,116.0,66.0,3.3755103317873223,201.84999999999997,256.37,182,50.0,62.0,0.27
07:41:41,203.22,36.0,233.88,40.0,191.85,52.0,234.46,46.0,218.55,30.659999999999997,88.0,86.0,7.240920521591313,203.22,233.88000000000002,174,2.0,116.0,0.01
07:41:42,200.0,50.0,230.94,36.0,95.2,20.0,232.86,28.0,215.47,30.939999999999998,70.0,64.0,5.122165557652525,200.0,230.94,134,6.0,-40.0,0.04
07:41:50,203.44,25.0,207.0,25.0,200.57,28.0,209.0,10.0,205.22,3.5600000000000023,53.0,35.0,2.1683334614398815,203.44,207.0,88,18.0,-131.0,0.2
07:41:53,202.0,34.0,303.33,12.0,201.0,27.0,398.53,17.0,252.67,101.32999999999998,61.0,29.0,121.86509721819456,202.0,303.33,90,32.0,-20.0,0.36
07:41:54,202.0,52.0,254.75,8.0,201.0,24.0,372.5,16.0,228.38,52.75,76.0,24.0,117.78345414361056,202.0,254.75,100,52.0,10.0,0.52
07:41:55,202.0,36.0,242.88,8.0,201.0,18.0,253.33,6.0,222.44,40.879999999999995,54.0,14.0,114.06182328018438,202.0,242.88,68,40.0,-32.0,0.59
07:41:56,202.06,63.0,229.8,15.0,201.44,54.0,232.18,17.0,215.93,27.74000000000001,117.0,32.0,80.03787809531184,202.06,229.8,149,85.0,81.0,0.57
07:41:57,202.0,40.0,226.0,8.0,201.0,24.0,227.88,8.0,214.0,24.0,64.0,16.0,15.594009426699262,202.0,226.0,80,48.0,-69.0,0.6
07:42:00,202.0,65.0,211.13,15.0,201.0,75.0,212.65,37.0,206.57,9.129999999999995,140.0,52.0,3.722380958470157,202.0,211.13,192,88.0,72.0,0.46
07:42:01,202.12,24.0,208.83,6.0,201.06,48.0,210.71,14.0,205.48,6.710000000000008,72.0,20.0,3.9656865735935938,202.12,208.83,92,52.0,-100.0,0.57
07:42:03,202.42,52.0,206.97,31.0,201.19,79.0,333.66,38.0,204.7,4.550000000000011,131.0,69.0,2.2344283385195265,202.42000000000002,206.97,200,62.0,-46.0,0.31
07:42:04,203.06,88.0,321.8,45.0,201.25,112.0,460.49,47.0,262.43,118.74000000000001,200.0,92.0,25.486155653608947,203.05999999999997,321.8,292,108.0,92.0,0.37
07:42:09,203.79,39.0,294.54,26.0,201.69,51.0,409.98,57.0,249.17,90.75000000000003,90.0,83.0,19.167206369212714,203.79,294.54,173,7.0,23.0,0.04
07:42:10,202.0,17.0,279.0,18.0,201.0,90.0,298.11,27.0,240.5,77.0,107.0,45.0,14.576320523369056,202.0,279.0,152,62.0,-21.0,0.41
07:42:11,203.8,147.0,244.67,36.0,201.93,169.0,258.7,33.0,224.23,40.869999999999976,316.0,69.0,12.138328550504415,203.8,244.66999999999996,385,247.0,176.0,0.64
07:42:23,204.0,201.0,228.77,13.0,203.0,55.0,230.45,11.0,216.38,24.77000000000001,256.0,24.0,3.39056337501339,204.0,228.77,280,232.0,-97.0,0.83
07:42:24,204.0,112.0,226.43,7.0,203.0,35.0,407.8,15.0,215.21,22.430000000000007,147.0,22.0,3.7663417263947823,204.0,226.43,169,125.0,-111.0,0.74
07:42:25,204.0,128.0,226.0,8.0,203.0,40.0,468.25,32.0,215.0,22.0,168.0,40.0,3.3948755499992487,204.0,226.0,208,128.0,39.0,0.62
07:42:26,204.0,205.0,224.92,13.0,203.0,61.0,251.78,45.0,214.46,20.919999999999987,266.0,58.0,1.7487080945609565,204.0,224.92000000000002,324,208.0,116.0,0.64
07:42:27,204.0,96.0,223.0,12.0,203.0,19.0,239.0,20.0,213.5,19.0,115.0,32.0,1.0547037498668108,204.0,223.0,147,83.0,-176.0,0.56
07:42:28,204.0,29.0,223.0,7.0,203.0,14.0,311.14,35.0,213.5,19.0,43.0,42.0,0.8089993819422848,204.0,223.0,85,1.0,-62.0,0.01
07:42:29,204.0,27.0,221.78,9.0,203.0,18.0,434.67,45.0,212.89,17.78,45.0,54.0,0.8454584555038211,204.0,221.78,99,-9.0,14.0,-0.09
07:42:30,203.61,23.0,220.46,13.0,201.79,19.0,347.69,13.0,212.04,16.849999999999994,42.0,26.0,0.8914706949657872,203.61000000000004,220.46,68,16.0,-31.0,0.24
07:42:31,202.76,21.0,220.0,8.0,201.18,11.0,265.36,36.0,211.38,17.24000000000001,32.0,44.0,0.9336594668200104,202.76,220.0,76,-12.0,8.0,-0.16
07:42:32,203.0,12.0,273.61,36.0,199.81,16.0,497.31,36.0,238.31,70.61000000000001,28.0,72.0,11.59199422014969,203.0,273.61,100,-44.0,24.0,-0.44
07:42:33,200.21,19.0,392.67,42.0,150.44,16.0,553.98,44.0,296.44,192.46,35.0,86.0,36.59454563182862,200.21,392.66999999999996,121,-51.0,21.0,-0.42
07:42:34,200.0,15.0,304.5,32.0,139.83,24.0,305.53,49.0,252.25,104.5,39.0,81.0,35.062597308242715,200.0,304.5,120,-42.0,-1.0,-0.35
07:42:37,198.68,71.0,272.24,41.0,126.45,11.0,274.76,33.0,235.46,73.56,82.0,74.0,22.992810180575866,198.68,272.24,156,8.0,76.0,0.05
07:42:38,178.18,67.0,249.68,38.0,78.42,43.0,251.14,42.0,213.93,71.5,110.0,80.0,16.55176576682948,178.18,249.68,190,30.0,34.0,0.16
07:42:40,168.15,117.0,242.48,46.0,95.44,18.0,244.44,36.0,205.32,74.32999999999998,135.0,82.0,24.094328585789267,168.15,242.48,217,53.0,87.0,0.24
07:42:42,202.0,24.0,230.88,32.0,84.0,16.0,231.88,32.0,216.44,28.879999999999995,40.0,64.0,23.783533589439063,202.0,230.88,104,-24.0,-102.0,-0.23
07:42:43,203.1,29.0,222.55,40.0,195.8,51.0,226.32,53.0,212.83,19.450000000000017,80.0,93.0,23.588854783562006,203.1,222.55,173,-13.0,69.0,-0.08
07:42:44,204.0,15.0,228.5,40.0,200.0,72.0,229.56,36.0,216.25,24.5,87.0,76.0,24.58316639491295,204.0,228.5,163,11.0,-10.0,0.07
07:42:46,200.0,39.0,223.24,21.0,117.2,10.0,224.17,24.0,211.62,23.24000000000001,49.0,45.0,2.14190802789949,200.0,223.24,94,4.0,-128.0,0.04
07:42:47,200.0,48.0,221.31,36.0,80.0,16.0,222.31,36.0,210.65,21.310000000000002,64.0,72.0,2.3592965053125514,200.0,221.31,136,-8.0,42.0,-0.06
07:42:48,200.0,60.0,220.29,34.0,119.3,20.0,221.33,48.0,210.15,20.289999999999992,80.0,82.0,2.763678707805939,200.0,220.29,162,-2.0,26.0,-0.01
07:42:49,200.0,84.0,215.61,61.0,122.07,28.0,217.7,53.0,207.8,15.610000000000014,112.0,114.0,2.6845800416414347,200.0,215.61,226,-2.0,64.0,-0.01
07:42:50,202.12,16.0,212.08,36.0,198.12,52.0,213.11,44.0,207.1,9.960000000000008,68.0,80.0,1.928919386594272,202.12,212.08,148,-12.0,-78.0,-0.08
07:42:51,204.0,9.0,208.91,33.0,200.0,54.0,210.21,33.0,206.45,4.909999999999997,63.0,66.0,1.869023809366541,204.0,208.91,129,-3.0,-19.0,-0.02
07:42:52,200.33,24.0,203.96,45.0,154.69,32.0,205.28,46.0,202.14,3.6299999999999955,56.0,91.0,2.9208166666154596,200.33,203.96,147,-35.0,18.0,-0.24
07:42:53,193.61,23.0,201.08,37.0,149.69,26.0,202.03,58.0,197.34,7.469999999999999,49.0,95.0,4.408228669202393,193.61000000000004,201.08,144,-46.0,-3.0,-0.32
07:42:54,197.17,12.0,200.26,23.0,161.91,22.0,252.2,30.0,198.71,3.0900000000000034,34.0,53.0,4.409259575028138,197.17,200.26,87,-19.0,-57.0,-0.22
07:42:57,161.5,12.0,251.5,16.0,0.0,0.0,474.0,13.0,206.5,90.0,12.0,29.0,18.453314607407886,161.5,251.5,41,-17.0,11.0,-0.41
07:42:58,187.0,14.0,219.68,22.0,0.0,0.0,282.57,21.0,203.34,32.68000000000001,14.0,43.0,19.39976340061842,187.0,219.68,57,-29.0,16.0,-0.51
07:42:59,187.0,14.0,193.71,21.0,0.0,0.0,276.0,21.0,190.36,6.710000000000008,14.0,42.0,18.70154325182746,187.0,193.71,56,-28.0,-1.0,-0.5
07:43:00,181.17,12.0,198.0,18.0,0.0,0.0,310.0,18.0,189.58,16.830000000000013,12.0,36.0,16.76047374032054,181.17,198.0,48,-24.0,-8.0,-0.5
07:43:01,152.0,10.0,207.69,13.0,0.0,0.0,339.43,7.0,179.85,55.69,10.0,20.0,10.914058823369755,152.0,207.69,30,-10.0,-18.0,-0.33
07:43:02,164.5,52.0,223.0,18.0,157.5,20.0,249.0,6.0,193.75,58.5,72.0,24.0,8.453988999281608,164.5,223.0,96,48.0,66.0,0.5
07:43:03,203.0,47.0,250.08,13.0,202.0,18.0,428.14,21.0,226.54,47.08000000000001,65.0,34.0,17.829759673085203,203.0,250.07999999999998,99,31.0,3.0,0.31
07:43:04,203.7,20.0,251.67,18.0,202.0,20.0,346.89,38.0,227.68,47.97,40.0,56.0,22.156620906626923,203.7,251.66999999999996,96,-16.0,-3.0,-0.17
07:43:05,201.3,50.0,260.95,22.0,193.47,19.0,353.13,31.0,231.13,59.64999999999998,69.0,53.0,23.397090631101538,201.3,260.95,122,16.0,26.0,0.13
07:43:06,201.0,120.0,238.09,11.0,184.0,24.0,255.53,19.0,219.55,37.09,144.0,30.0,15.12061010673779,201.0,238.09000000000003,174,114.0,52.0,0.66
07:43:07,201.0,105.0,214.47,17.0,95.67,18.0,274.44,9.0,207.74,13.469999999999999,123.0,26.0,9.276139822144856,201.0,214.47,149,97.0,-25.0,0.65
07:43:08,201.0,75.0,223.2,5.0,68.0,15.0,276.2,10.0,212.1,22.19999999999999,90.0,15.0,9.938956182617014,201.0,223.2,105,75.0,-44.0,0.71
07:43:09,201.0,60.0,223.0,4.0,68.0,12.0,237.0,8.0,212.0,22.0,72.0,12.0,9.215298692933409,201.0,223.0,84,60.0,-21.0,0.71
07:43:14,199.85,66.0,217.4,10.0,163.9,21.0,529.38,26.0,208.62,17.55000000000001,87.0,36.0,15.251189461808487,199.85,217.4,123,51.0,40.0,0.41
07:43:23,203.65,68.0,205.0,22.0,202.68,50.0,210.39,51.0,204.32,1.3499999999999943,118.0,73.0,2.274471367148482,203.65,205.0,191,45.0,-141.0,0.24
07:43:24,200.32,160.0,203.57,35.0,194.9,62.0,243.24,45.0,201.95,3.25,222.0,80.0,2.591472554355571,200.32,203.57,302,142.0,111.0,0.47
07:43:25,200.0,154.0,202.65,31.0,178.0,22.0,203.54,13.0,201.32,2.6500000000000057,176.0,44.0,2.47494040331845,200.0,202.65,220,132.0,-82.0,0.6
07:43:26,200.0,122.0,250.59,17.0,181.52,31.0,422.57,21.0,225.29,50.59,153.0,38.0,10.01138202247713,200.0,250.58999999999997,191,115.0,-29.0,0.6
07:43:27,202.67,18.0,439.59,17.0,200.31,48.0,571.26,19.0,321.13,236.92,66.0,36.0,51.459819956933195,202.67,439.59,102,30.0,-89.0,0.29
07:43:31,204.0,39.0,302.78,36.0,201.0,180.0,544.07,30.0,253.39,98.77999999999997,219.0,66.0,36.923998700032236,204.0,302.78,285,153.0,102.0,0.54
07:43:32,204.0,15.0,409.91,33.0,201.0,180.0,585.75,24.0,306.95,205.91000000000003,195.0,57.0,30.880774277857448,204.0,409.91,252,138.0,-33.0,0.55
07:43:34,204.0,5.0,444.06,17.0,201.0,100.0,607.33,18.0,324.03,240.06,105.0,35.0,63.875907038569586,204.0,444.06,140,70.0,-84.0,0.5
07:43:35,201.04,192.0,343.17,46.0,200.2,121.0,507.68,40.0,272.11,142.13000000000002,313.0,86.0,54.40310193362125,201.04,343.17,399,227.0,176.0,0.57
07:43:36,201.0,170.0,388.9,40.0,200.0,100.0,676.32,41.0,294.95,187.89999999999998,270.0,81.0,46.13429115094307,201.0,388.9,351,189.0,-48.0,0.54
07:43:37,201.8,97.0,450.82,44.0,200.91,140.0,471.36,44.0,326.31,249.01999999999998,237.0,88.0,45.75103255665367,201.8,450.81999999999994,325,149.0,-26.0,0.46
07:43:38,202.48,89.0,448.69,52.0,201.15,164.0,615.5,40.0,325.59,246.21,253.0,92.0,24.280813824910886,202.47999999999996,448.69,345,161.0,20.0,0.47
07:43:39,203.82,60.0,390.04,25.0,201.25,64.0,448.14,29.0,296.93,186.22000000000003,124.0,54.0,22.963804562832873,203.82,390.04,178,70.0,-167.0,0.39
07:43:51,204.0,37.0,255.52,46.0,203.0,26.0,267.3,30.0,229.76,51.52000000000001,63.0,76.0,7.11735765575808,204.0,255.52,139,-13.0,34.0,-0.09
07:43:56,201.98,42.0,204.24,58.0,201.04,83.0,240.81,54.0,203.11,2.2600000000000193,125.0,112.0,3.8530014274549553,201.98,204.24,237,13.0,102.0,0.05
07:43:57,201.0,40.0,203.45,22.0,200.0,88.0,350.06,17.0,202.23,2.4499999999999886,128.0,39.0,3.4342073321174653,201.0,203.45,167,89.0,-70.0,0.53
07:43:58,200.68,34.0,217.71,17.0,198.41,79.0,242.54,26.0,209.19,17.03,113.0,43.0,3.1506475524833455,200.68,217.71,156,70.0,-11.0,0.45
07:43:59,200.0,69.0,251.4,15.0,137.0,14.0,383.63,19.0,225.7,51.400000000000006,83.0,34.0,9.661659795292437,200.0,251.4,117,49.0,-39.0,0.42
07:44:00,200.0,157.0,216.64,11.0,140.27,22.0,246.7,23.0,208.32,16.639999999999986,179.0,34.0,9.452420324973412,200.0,216.64,213,145.0,96.0,0.68
07:44:01,203.0,28.0,214.86,7.0,200.0,105.0,350.0,7.0,208.93,11.860000000000014,133.0,14.0,8.770218355318805,203.0,214.85999999999999,147,119.0,-66.0,0.81
07:44:02,201.42,74.0,204.41,22.0,197.32,141.0,281.31,13.0,202.91,2.990000000000009,215.0,35.0,8.606407496741651,201.42,204.40999999999997,250,180.0,103.0,0.72
07:44:03,200.0,108.0,232.0,19.0,109.46,26.0,438.0,16.0,216.0,32.0,134.0,35.0,8.78341448412696,200.0,232.0,169,99.0,-81.0,0.59
07:44:19,203.09,68.0,207.53,15.0,202.32,19.0,209.11,27.0,205.31,4.439999999999998,87.0,42.0,2.918377974145007,203.09,207.53,129,45.0,87.0,0.35
07:44:20,203.0,21.0,204.17,6.0,202.0,6.0,299.5,6.0,203.58,1.1699999999999875,27.0,12.0,3.3747844375566105,203.0,204.17,39,15.0,-90.0,0.38
07:44:21,202.27,11.0,330.0,6.0,200.53,19.0,423.22,18.0,266.14,127.72999999999999,30.0,24.0,26.67447562746035,202.27,330.0,54,6.0,15.0,0.11
07:44:22,200.42,53.0,393.0,9.0,199.95,114.0,427.0,36.0,296.71,192.58,167.0,45.0,42.86583056468146,200.42000000000002,393.0,212,122.0,158.0,0.58
07:44:25,204.0,14.0,301.18,22.0,200.17,92.0,571.14,14.0,252.59,97.18,106.0,36.0,47.071571356817834,204.0,301.18,142,70.0,75.0,0.49
07:44:26,202.0,20.0,293.0,64.0,200.0,235.0,499.33,48.0,247.5,91.0,255.0,112.0,51.29176961267755,202.0,293.0,367,143.0,176.0,0.39
07:44:27,200.12,68.0,262.74,54.0,199.32,123.0,297.96,54.0,231.43,62.620000000000005,191.0,108.0,59.78357926722009,200.12,262.74,299,83.0,-68.0,0.28
07:44:28,200.0,40.0,280.82,17.0,199.0,90.0,453.06,17.0,240.41,80.82,130.0,34.0,42.123093072565105,200.0,280.82,164,96.0,-135.0,0.59
07:44:29,200.0,40.0,421.4,5.0,199.0,90.0,446.0,11.0,310.7,221.39999999999998,130.0,16.0,31.31021287056318,200.0,421.4,146,114.0,-18.0,0.78
07:44:30,200.0,64.0,333.57,14.0,199.0,144.0,414.0,12.0,266.79,133.57,208.0,26.0,31.50732978213135,200.0,333.57,234,182.0,88.0,0.78
07:44:31,200.74,65.0,253.08,12.0,199.25,96.0,370.87,39.0,226.91,52.34,161.0,51.0,34.636136043155574,200.74,253.08,212,110.0,-22.0,0.52
07:44:32,200.59,51.0,226.61,18.0,199.11,141.0,228.75,12.0,213.6,26.02000000000001,192.0,30.0,38.413294183133786,200.59,226.61,222,162.0,10.0,0.73
07:44:36,203.46,26.0,211.96,28.0,199.15,118.0,213.9,10.0,207.71,8.5,144.0,38.0,2.5869731347607945,203.46,211.96,182,106.0,86.0,0.58
07:44:37,199.0,249.0,209.69,39.0,178.57,14.0,211.0,21.0,204.35,10.689999999999998,263.0,60.0,3.913237789858153,199.0,209.69,323,203.0,141.0,0.63
07:44:38,202.0,40.0,205.87,23.0,198.92,244.0,208.04,26.0,203.93,3.8700000000000045,284.0,49.0,3.9145114637683354,202.0,205.87,333,235.0,10.0,0.71
07:44:39,200.0,12.0,203.33,21.0,199.0,136.0,203.93,30.0,201.67,3.3300000000000125,148.0,51.0,3.5472919248313213,200.0,203.33,199,97.0,-134.0,0.49
07:44:40,199.0,132.0,201.44,18.0,197.0,47.0,203.62,42.0,200.22,2.4399999999999977,179.0,60.0,2.8596293466065137,199.0,201.44,239,119.0,40.0,0.5
07:44:41,199.0,54.0,364.16,25.0,197.0,32.0,463.38,26.0,281.58,165.16000000000003,86.0,51.0,35.38675105177043,199.0,364.16,137,35.0,-102.0,0.26
07:44:45,200.62,32.0,288.5,32.0,198.64,33.0,601.0,32.0,244.56,87.88,65.0,64.0,18.06328403142647,200.62,288.5,129,1.0,34.0,0.01
07:44:50,203.67,24.0,255.14,28.0,199.29,112.0,405.5,32.0,229.4,51.47,136.0,60.0,22.232192424499775,203.67,255.14000000000001,196,76.0,88.0,0.39
07:44:51,203.0,57.0,313.27,22.0,199.0,143.0,470.33,21.0,258.14,110.26999999999998,200.0,43.0,19.896346398270843,203.0,313.27,243,157.0,47.0,0.65
07:44:52,203.0,99.0,285.77,26.0,199.0,143.0,355.28,18.0,244.38,82.76999999999998,242.0,44.0,15.408458715912657,203.0,285.77,286,198.0,43.0,0.69
07:44:53,203.0,99.0,311.55,22.0,199.0,143.0,320.0,11.0,257.27,108.55000000000001,242.0,33.0,14.115334923408113,203.0,311.55,275,209.0,-11.0,0.76
07:44:54,203.22,81.0,308.44,43.0,200.75,185.0,311.09,35.0,255.83,105.22,266.0,78.0,12.289077670841914,203.22,308.44,344,188.0,69.0,0.55
07:44:55,203.07,80.0,307.1,29.0,200.78,104.0,308.05,41.0,255.09,104.03000000000003,184.0,70.0,5.585988721791864,203.07,307.1,254,114.0,-90.0,0.45
07:44:56,203.93,43.0,257.96,51.0,200.83,72.0,290.1,63.0,230.95,54.02999999999997,115.0,114.0,11.16734883488402,203.93,257.96,229,1.0,-25.0,0.0
07:44:58,203.0,9.0,237.58,24.0,201.0,27.0,259.14,21.0,220.29,34.58000000000001,36.0,45.0,15.443568240532526,203.0,237.58,81,-9.0,-15.0,-0.11
07:44:59,201.09,22.0,234.09,22.0,199.96,50.0,255.36,33.0,217.59,33.0,72.0,55.0,15.090398271748304,201.09000000000003,234.09000000000003,127,17.0,46.0,0.13
07:45:00,200.0,77.0,231.73,33.0,199.0,143.0,232.82,33.0,215.86,31.72999999999999,220.0,66.0,9.42997242837876,200.0,231.73,286,154.0,159.0,0.54
07:45:01,200.41,54.0,229.97,40.0,199.28,95.0,231.08,36.0,215.19,29.560000000000002,149.0,76.0,9.358674051380536,200.41,229.96999999999997,225,73.0,-61.0,0.32
07:45:02,202.0,32.0,226.86,57.0,201.0,32.0,228.11,55.0,214.43,24.860000000000014,64.0,112.0,2.3353201065342066,202.0,226.86,176,-48.0,-49.0,-0.27
07:45:03,202.0,36.0,222.86,58.0,201.0,36.0,224.45,66.0,212.43,20.860000000000014,72.0,124.0,1.8949670181781029,202.0,222.86,196,-52.0,20.0,-0.27
07:45:04,203.09,23.0,217.47,60.0,201.5,32.0,218.56,66.0,210.28,14.379999999999995,55.0,126.0,2.2753395350985968,203.08999999999997,217.47,181,-71.0,-15.0,-0.39
07:45:05,199.88,57.0,214.38,64.0,198.3,100.0,216.0,64.0,207.13,14.5,157.0,128.0,3.2742510594000946,199.88,214.38,285,29.0,104.0,0.1
07:45:06,201.75,72.0,212.29,28.0,200.0,32.0,213.68,31.0,207.02,10.539999999999992,104.0,59.0,3.255483067070481,201.75,212.29,163,45.0,-122.0,0.28
07:45:07,202.2,140.0,209.07,58.0,200.0,72.0,209.97,61.0,205.63,6.8700000000000045,212.0,119.0,2.7801744549546936,202.2,209.07,331,93.0,168.0,0.28
07:45:08,204.0,53.0,207.5,42.0,200.0,56.0,209.83,53.0,205.75,3.5,109.0,95.0,1.8764247919867643,204.0,207.5,204,14.0,-127.0,0.07
07:45:09,199.54,52.0,204.23,13.0,198.94,36.0,210.0,36.0,201.88,4.689999999999998,88.0,49.0,2.1301103257771565,199.54,204.23,137,39.0,-67.0,0.28
07:45:10,199.0,82.0,201.5,22.0,198.0,20.0,208.86,28.0,200.25,2.5,102.0,50.0,2.8870625209687377,199.0,201.5,152,52.0,15.0,0.34
07:45:11,199.01,89.0,201.24,21.0,198.27,30.0,210.31,39.0,200.12,2.230000000000018,119.0,60.0,2.793533604591536,199.01,201.24,179,59.0,27.0,0.33
07:45:12,199.0,46.0,207.12,17.0,198.0,16.0,303.48,29.0,203.06,8.120000000000005,62.0,46.0,2.3223199607250757,199.0,207.12,108,16.0,-71.0,0.15
07:45:13,200.25,32.0,208.08,52.0,198.56,32.0,454.31,39.0,204.16,7.8300000000000125,64.0,91.0,1.7567242242258951,200.25,208.07999999999998,155,-27.0,47.0,-0.17
07:45:14,200.71,14.0,206.36,28.0,198.44,18.0,421.33,18.0,203.54,5.650000000000006,32.0,46.0,1.9040955858312592,200.71,206.35999999999999,78,-14.0,-77.0,-0.18
07:45:15,199.0,16.0,203.33,15.0,198.0,16.0,221.8,10.0,201.17,4.3300000000000125,32.0,25.0,1.6987936896463047,199.0,203.33,57,7.0,-21.0,0.12
07:45:16,198.36,11.0,200.78,9.0,196.09,11.0,203.0,18.0,199.57,2.4199999999999875,22.0,27.0,1.89107112504583,198.36,200.78,49,-5.0,-8.0,-0.1
07:45:17,198.0,6.0,201.82,11.0,195.0,6.0,277.17,12.0,199.91,3.819999999999993,12.0,23.0,2.088935135417575,198.0,201.82,35,-11.0,-14.0,-0.31
07:45:18,199.31,35.0,231.0,16.0,198.93,43.0,489.18,22.0,215.16,31.689999999999998,78.0,38.0,6.500665350560832,199.31,231.0,116,40.0,81.0,0.34
07:45:19,200.0,13.0,342.06,32.0,198.92,49.0,454.76,17.0,271.03,142.06,62.0,49.0,30.693693489053764,200.0,342.06,111,13.0,-5.0,0.12
07:45:20,201.18,22.0,342.0,30.0,198.73,30.0,514.0,15.0,271.59,140.82,52.0,45.0,36.92650159438315,201.18,342.0,97,7.0,-14.0,0.07
07:45:21,199.0,77.0,341.25,60.0,195.0,11.0,493.84,37.0,270.12,142.25,88.0,97.0,35.133879233582796,199.0,341.25,185,-9.0,88.0,-0.05
07:45:22,199.0,20.0,341.0,50.0,195.0,10.0,379.81,32.0,270.0,142.0,30.0,82.0,24.840224435378595,199.0,341.0,112,-52.0,-73.0,-0.46
07:45:23,199.0,56.0,310.0,51.0,195.0,16.0,341.5,80.0,254.5,111.0,72.0,131.0,7.267906851355402,199.0,310.0,203,-59.0,91.0,-0.29
07:45:24,199.0,96.0,333.75,53.0,195.0,12.0,342.79,56.0,266.38,134.75,108.0,109.0,6.987046586361004,199.0,333.75,217,-1.0,14.0,-0.0
07:45:25,203.44,36.0,327.52,44.0,198.92,97.0,337.92,60.0,265.48,124.07999999999998,133.0,104.0,6.386726861231748,203.44,327.52,237,29.0,20.0,0.12
07:45:26,199.0,90.0,310.5,42.0,198.0,9.0,327.49,39.0,254.75,111.5,99.0,81.0,7.138992926175189,199.0,310.5,180,18.0,-57.0,0.1
07:45:27,199.0,100.0,247.0,50.0,198.0,10.0,331.3,47.0,223.0,48.0,110.0,97.0,17.606311936347716,199.0,247.0,207,13.0,27.0,0.06
07:45:28,199.0,120.0,242.95,42.0,198.0,12.0,261.78,51.0,220.98,43.94999999999999,132.0,93.0,22.507265937913928,199.0,242.95,225,39.0,18.0,0.17
07:45:29,199.68,82.0,239.0,60.0,199.5,52.0,240.33,60.0,219.34,39.31999999999999,134.0,120.0,21.738608511125573,199.68,239.0,254,14.0,29.0,0.06
07:45:30,202.0,13.0,235.73,59.0,201.0,65.0,237.0,53.0,218.86,33.72999999999999,78.0,112.0,15.382564155562028,202.0,235.73,190,-34.0,-64.0,-0.18
07:45:31,202.0,11.0,231.73,55.0,201.0,55.0,232.82,61.0,216.86,29.72999999999999,66.0,116.0,2.3114324562880917,202.0,231.73,182,-50.0,-8.0,-0.27
07:45:35,202.27,22.0,218.4,50.0,200.29,49.0,220.26,38.0,210.34,16.129999999999995,71.0,88.0,2.888212249815118,202.27,218.4,159,-17.0,11.0,-0.11
07:45:36,200.29,104.0,214.57,37.0,199.9,124.0,216.97,64.0,207.43,14.280000000000001,228.0,101.0,4.102288385764964,200.29,214.57,329,127.0,170.0,0.39
07:45:37,201.35,46.0,211.76,46.0,199.98,126.0,212.65,49.0,206.55,10.409999999999997,172.0,95.0,4.067791784246366,201.35,211.76,267,77.0,-62.0,0.29
07:45:38,202.5,40.0,207.09,44.0,200.6,30.0,208.23,44.0,204.8,4.590000000000003,70.0,88.0,3.538280655909355,202.5,207.09000000000003,158,-18.0,-109.0,-0.11
07:45:39,202.53,32.0,241.84,44.0,200.33,43.0,277.29,34.0,222.19,39.31,75.0,78.0,6.962684108875124,202.53,241.84000000000003,153,-3.0,-5.0,-0.02
07:45:43,203.36,33.0,217.38,39.0,202.18,33.0,218.22,23.0,210.37,14.019999999999982,66.0,62.0,6.602594187134481,203.36,217.38,128,4.0,48.0,0.03
07:45:44,202.43,14.0,214.79,14.0,201.13,46.0,216.88,34.0,208.61,12.359999999999985,60.0,48.0,6.276785005078807,202.43,214.79,108,12.0,-20.0,0.11
07:45:45,201.55,11.0,212.17,23.0,200.77,39.0,213.33,12.0,206.86,10.619999999999976,50.0,35.0,2.193980401002374,201.55,212.17,85,15.0,-23.0,0.18
07:45:47,200.43,46.0,211.0,44.0,199.57,61.0,281.14,14.0,205.72,10.569999999999993,107.0,58.0,1.772926958445485,200.43,211.0,165,49.0,42.0,0.3
07:45:48,200.9,84.0,327.33,27.0,199.9,89.0,554.52,25.0,264.12,126.42999999999998,173.0,52.0,25.40476372651361,200.90000000000003,327.33,225,121.0,60.0,0.54
07:45:49,201.46,91.0,448.06,16.0,200.0,104.0,514.03,32.0,324.76,246.6,195.0,48.0,52.500591615713994,201.46,448.06,243,147.0,18.0,0.6
07:45:50,203.0,63.0,382.92,13.0,200.61,23.0,475.71,14.0,292.96,179.92000000000002,86.0,27.0,52.23259059246416,203.0,382.92,113,59.0,-130.0,0.52
07:45:51,203.0,49.0,390.0,14.0,202.0,7.0,467.16,19.0,296.5,187.0,56.0,33.0,45.17340279412181,203.0,390.0,89,23.0,-24.0,0.26
07:45:56,203.0,33.0,265.08,37.0,202.0,13.0,265.75,40.0,234.04,62.079999999999984,46.0,77.0,26.492573487677188,203.0,265.08,123,-31.0,21.0,-0.25
07:45:57,203.0,36.0,262.72,36.0,202.0,24.0,263.79,48.0,232.86,59.72000000000003,60.0,84.0,10.973442941938439,203.0,262.72,144,-24.0,21.0,-0.17
07:46:03,202.0,9.0,205.71,21.0,201.0,45.0,207.04,27.0,203.86,3.710000000000008,54.0,48.0,3.412582599730531,202.0,205.70999999999998,102,6.0,-45.0,0.06
07:46:04,201.03,60.0,202.91,43.0,200.11,94.0,204.21,28.0,201.97,1.8799999999999955,154.0,71.0,3.22078872327634,201.03,202.90999999999997,225,83.0,123.0,0.37
07:46:05,200.29,28.0,205.1,20.0,199.38,110.0,461.5,16.0,202.69,4.810000000000002,138.0,36.0,2.739465276287379,200.29,205.1,174,102.0,-51.0,0.59
07:46:06,199.23,136.0,204.24,25.0,161.27,182.0,310.21,19.0,201.73,5.010000000000019,318.0,44.0,2.258156327623153,199.23,204.24,362,274.0,176.0,0.76
07:46:07,199.65,136.0,261.45,40.0,182.99,97.0,328.78,32.0,230.55,61.79999999999998,233.0,72.0,12.54376339062499,199.65,261.45,305,161.0,-57.0,0.53
07:46:08,201.0,48.0,247.0,12.0,200.0,8.0,293.4,15.0,224.0,46.0,56.0,27.0,13.970287040715483,201.0,247.0,83,29.0,-176.0,0.35
07:46:09,201.83,72.0,269.0,12.0,200.0,12.0,556.75,24.0,235.42,67.16999999999999,84.0,36.0,15.749710156062607,201.83,269.0,120,48.0,37.0,0.4
07:46:18,203.0,16.0,211.0,24.0,200.89,18.0,330.0,12.0,207.0,8.0,34.0,36.0,1.8132512236263105,203.0,211.0,70,-2.0,-62.0,-0.03
07:46:19,201.79,34.0,210.1,40.0,200.86,28.0,217.26,38.0,205.95,8.310000000000002,62.0,78.0,2.276148061964005,201.79,210.1,140,-16.0,70.0,-0.11
07:46:20,203.0,21.0,206.85,52.0,200.98,49.0,208.0,52.0,204.92,3.8499999999999943,70.0,104.0,2.4167850545678884,203.0,206.84999999999997,174,-34.0,34.0,-0.2
07:46:21,202.05,19.0,204.0,64.0,199.34,50.0,205.0,64.0,203.03,1.9499999999999886,69.0,128.0,2.1752310222095796,202.05,204.0,197,-59.0,23.0,-0.3
07:46:22,199.16,43.0,201.6,40.0,198.77,86.0,203.0,40.0,200.38,2.4399999999999977,129.0,80.0,2.615650970596634,199.15999999999997,201.6,209,49.0,12.0,0.23
07:46:23,199.0,36.0,200.0,36.0,198.0,45.0,203.0,36.0,199.5,1.0,81.0,72.0,2.793139810317995,199.0,200.0,153,9.0,-56.0,0.06
07:46:24,198.09,44.0,230.78,23.0,165.11,45.0,355.68,25.0,214.44,32.69,89.0,48.0,5.981319252471239,198.09000000000003,230.77999999999997,137,41.0,-16.0,0.3
07:46:34,203.03,64.0,307.41,37.0,202.09,79.0,627.58,38.0,255.22,104.38000000000002,143.0,75.0,21.926450465134096,203.03,307.41,218,68.0,65.0,0.31
07:46:35,203.0,61.0,252.16,38.0,202.0,88.0,433.45,44.0,227.58,49.16,149.0,82.0,21.800923604287487,203.0,252.16,231,67.0,13.0,0.29
07:46:36,203.0,50.0,209.0,20.0,202.0,80.0,215.5,32.0,206.0,6.0,130.0,52.0,21.786360411963702,203.0,209.0,182,78.0,-49.0,0.43
07:46:37,203.0,40.0,208.25,16.0,202.0,64.0,219.0,16.0,205.62,5.25,104.0,32.0,21.80942731939514,203.0,208.25,136,72.0,-46.0,0.53
07:46:38,203.0,35.0,207.29,14.0,202.0,56.0,225.5,16.0,205.14,4.289999999999992,91.0,30.0,21.917288153418504,203.0,207.29,121,61.0,-15.0,0.5
07:46:39,203.78,18.0,207.0,20.0,202.47,45.0,258.8,40.0,205.39,3.219999999999999,63.0,60.0,9.862782568828063,203.78,207.0,123,3.0,2.0,0.02
07:46:40,203.76,17.0,207.0,26.0,202.42,55.0,383.0,52.0,205.38,3.240000000000009,72.0,78.0,0.3241604540628737,203.76,207.0,150,-6.0,27.0,-0.04
07:46:41,202.0,40.0,205.5,16.0,201.0,32.0,277.4,20.0,203.75,3.5,72.0,36.0,0.7495532002321259,202.0,205.5,108,36.0,-42.0,0.33
07:46:42,202.0,46.0,313.8,30.0,201.0,48.0,356.88,32.0,257.9,111.80000000000001,94.0,62.0,23.70536795748968,202.0,313.8,156,32.0,48.0,0.21
07:46:43,200.86,43.0,346.3,69.0,199.53,93.0,466.25,53.0,273.58,145.44,136.0,122.0,33.82042799847422,200.86000000000004,346.3,258,14.0,102.0,0.05
07:46:49,200.17,29.0,367.0,28.0,200.3,20.0,648.78,18.0,283.59,166.83,49.0,46.0,42.92412573367082,200.17,367.0,95,3.0,7.0,0.03
07:46:51,200.9,10.0,442.67,45.0,199.0,110.0,644.8,20.0,321.78,241.77,120.0,65.0,75.8355189208855,200.9,442.67,185,55.0,56.0,0.3
07:46:52,201.55,11.0,291.38,39.0,199.0,154.0,404.69,52.0,246.47,89.82999999999998,165.0,91.0,70.6202396625782,201.55,291.38,256,74.0,71.0,0.29
07:47:00,204.0,26.0,227.4,35.0,200.0,26.0,228.82,17.0,215.7,23.400000000000006,52.0,52.0,12.269758758834252,204.0,227.4,104,0.0,-25.0,0.0
07:47:01,200.25,56.0,222.69,35.0,199.4,20.0,223.73,30.0,211.47,22.439999999999998,76.0,65.0,14.538537409244121,200.25,222.69,141,11.0,37.0,0.08
07:47:02,199.0,42.0,218.63,41.0,198.0,11.0,220.29,14.0,208.82,19.629999999999995,53.0,55.0,13.91562431226108,199.0,218.63,108,-2.0,-33.0,-0.02
07:47:03,199.0,30.0,215.79,24.0,198.0,22.0,217.0,48.0,207.4,16.789999999999992,52.0,72.0,8.445122852865557,199.0,215.79,124,-20.0,16.0,-0.16
07:47:04,198.16,61.0,212.3,56.0,197.12,41.0,213.52,23.0,205.23,14.140000000000015,102.0,79.0,4.036561655665901,198.16,212.3,181,23.0,57.0,0.13
07:47:05,199.5,60.0,205.9,60.0,198.0,46.0,208.09,74.0,202.7,6.400000000000006,106.0,134.0,3.354076624049072,199.5,205.9,240,-28.0,59.0,-0.12
07:47:06,201.0,33.0,202.71,34.0,199.0,24.0,204.34,29.0,201.85,1.710000000000008,57.0,63.0,2.9756427877002523,201.0,202.71,120,-6.0,-120.0,-0.05
07:47:07,198.94,32.0,200.79,71.0,197.82,56.0,280.81,53.0,199.86,1.8499999999999943,88.0,124.0,2.948418219993999,198.94,200.79,212,-36.0,92.0,-0.17
07:47:08,196.39,41.0,340.78,46.0,169.73,67.0,622.69,42.0,268.59,144.39,108.0,88.0,29.659258756752354,196.39,340.78,196,20.0,-16.0,0.1
07:47:09,196.0,36.0,229.15,33.0,144.0,33.0,241.66,29.0,212.58,33.150000000000006,69.0,62.0,29.192419050157376,196.0,229.15,131,7.0,-65.0,0.05
07:47:10,194.16,57.0,208.35,77.0,149.91,86.0,211.24,49.0,201.25,14.189999999999998,143.0,126.0,29.37804333171274,194.15999999999997,208.35,269,17.0,138.0,0.06
07:47:11,150.76,59.0,195.17,47.0,129.8,55.0,196.05,81.0,172.97,44.41,114.0,128.0,35.30061968294596,150.76,195.17,242,-14.0,-27.0,-0.06
07:47:12,149.52,63.0,191.15,39.0,119.97,31.0,192.06,35.0,170.34,41.629999999999995,94.0,74.0,39.81939514859551,149.52,191.15,168,20.0,-74.0,0.12
07:47:13,180.0,35.0,189.0,15.0,138.0,15.0,191.0,15.0,184.5,9.0,50.0,30.0,18.22928605294221,180.0,189.0,80,20.0,-88.0,0.25
07:47:14,180.72,25.0,188.31,29.0,177.2,45.0,189.86,21.0,184.52,7.590000000000003,70.0,50.0,12.228001880928616,180.72,188.31,120,20.0,40.0,0.17
07:47:15,181.67,45.0,190.14,28.0,139.87,94.0,191.53,57.0,185.9,8.469999999999999,139.0,85.0,7.375640989093358,181.67,190.14000000000001,224,54.0,104.0,0.24
07:47:16,184.91,33.0,358.67,51.0,131.71,56.0,400.82,33.0,271.79,173.76000000000002,89.0,84.0,40.958728007593116,184.91,358.67,173,5.0,-51.0,0.03
07:47:17,203.25,32.0,362.71,35.0,193.2,20.0,409.67,45.0,282.98,159.45999999999998,52.0,80.0,50.7735060833895,203.25,362.71,132,-28.0,-41.0,-0.21
07:47:18,204.0,32.0,348.64,28.0,198.79,28.0,423.33,36.0,276.32,144.64,60.0,64.0,50.45148976987685,204.0,348.64,124,-4.0,-8.0,-0.03
07:47:19,200.11,36.0,386.9,29.0,198.59,34.0,526.51,35.0,293.5,186.78999999999996,70.0,64.0,43.371877063368906,200.11,386.9,134,6.0,10.0,0.04
07:47:20,199.17,12.0,279.06,32.0,198.11,18.0,421.3,30.0,239.11,79.89000000000001,30.0,62.0,20.497140044405803,199.17,279.06,92,-32.0,-42.0,-0.35
07:47:21,202.73,11.0,272.54,52.0,199.86,14.0,305.37,35.0,237.63,69.81000000000003,25.0,87.0,25.87933287393601,202.73,272.54,112,-62.0,20.0,-0.55
07:47:22,203.0,7.0,274.0,35.0,201.0,14.0,319.0,14.0,238.5,71.0,21.0,49.0,26.186879730124137,203.0,274.0,70,-28.0,-42.0,-0.4
07:47:23,201.5,10.0,273.45,44.0,199.0,32.0,283.31,39.0,237.48,71.94999999999999,42.0,83.0,24.74874602883927,201.5,273.45,125,-41.0,55.0,-0.33
07:47:24,198.8,91.0,271.58,48.0,197.85,27.0,274.0,60.0,235.19,72.77999999999997,118.0,108.0,1.4926386032757957,198.79999999999998,271.58,226,10.0,101.0,0.04
07:47:25,198.0,121.0,270.57,28.0,196.0,7.0,274.0,35.0,234.29,72.57,128.0,63.0,1.7866085189512564,198.0,270.57,191,65.0,-35.0,0.34
07:47:26,198.0,256.0,209.15,53.0,196.0,16.0,229.57,60.0,203.58,11.150000000000006,272.0,113.0,14.759511170766784,198.0,209.15,385,159.0,176.0,0.41
07:47:27,198.0,160.0,206.82,22.0,196.0,10.0,230.42,53.0,202.41,8.819999999999993,170.0,75.0,17.93024400280124,198.0,206.82,245,95.0,-140.0,0.39
07:47:28,198.0,176.0,205.65,37.0,196.0,11.0,281.0,40.0,201.82,7.650000000000006,187.0,77.0,17.61624449194521,198.0,205.65,264,110.0,19.0,0.42
07:47:29,198.8,81.0,204.25,24.0,197.99,161.0,205.36,39.0,201.53,5.449999999999989,242.0,63.0,14.312289474433852,198.8,204.25,305,179.0,41.0,0.59
07:47:30,199.0,35.0,202.0,14.0,198.0,112.0,203.0,7.0,200.5,3.0,147.0,21.0,1.1360765819213934,199.0,202.0,168,126.0,-137.0,0.75
07:47:31,199.0,47.0,202.0,20.0,198.0,132.0,203.0,10.0,200.5,3.0,179.0,30.0,0.8399226154772942,199.0,202.0,209,149.0,41.0,0.71
07:47:32,199.0,14.0,201.43,14.0,198.0,14.0,203.0,7.0,200.21,2.430000000000007,28.0,21.0,0.7139117592463726,199.0,201.43,49,7.0,-160.0,0.14
07:47:33,198.92,48.0,202.2,10.0,197.88,16.0,251.66,41.0,200.56,3.280000000000001,64.0,51.0,0.5051237472048612,198.92,202.2,115,13.0,66.0,0.11
07:47:34,199.0,57.0,201.91,11.0,198.0,22.0,377.36,55.0,200.45,2.9099999999999966,79.0,66.0,0.13649175795741525,199.0,201.90999999999997,145,13.0,30.0,0.09
07:47:35,199.0,25.0,206.47,17.0,198.0,18.0,263.89,45.0,202.74,7.469999999999999,43.0,62.0,1.0415709289291137,199.0,206.47,105,-19.0,-40.0,-0.18
07:47:36,199.0,18.0,305.44,45.0,198.0,18.0,620.67,45.0,252.22,106.44,36.0,90.0,22.933369355591623,199.0,305.44,126,-54.0,21.0,-0.43
07:47:40,202.0,30.0,308.0,30.0,199.0,12.0,479.17,24.0,255.0,106.0,42.0,54.0,61.95369133473787,202.0,308.0,96,-12.0,-123.0,-0.12
07:47:41,199.36,22.0,229.59,22.0,197.5,20.0,280.87,46.0,214.48,30.22999999999999,42.0,68.0,73.39538834286508,199.36,229.59000000000003,110,-26.0,14.0,-0.24
07:47:42,202.12,17.0,228.0,7.0,200.0,13.0,308.0,35.0,215.06,25.879999999999995,30.0,42.0,69.00024289812306,202.12,228.0,72,-12.0,-38.0,-0.17
07:47:47,203.06,18.0,213.75,8.0,200.65,37.0,216.0,24.0,208.4,10.689999999999998,55.0,32.0,2.73023259082393,203.06,213.75,87,23.0,-9.0,0.26
07:47:48,202.0,45.0,209.03,37.0,200.0,90.0,209.74,42.0,205.51,7.030000000000001,135.0,79.0,3.4401569731623254,202.0,209.03,214,56.0,127.0,0.26
07:47:49,201.2,15.0,203.44,16.0,199.38,78.0,205.88,24.0,202.32,2.240000000000009,93.0,40.0,4.048020503900356,201.2,203.44,133,53.0,-81.0,0.4
07:47:50,200.0,60.0,203.8,10.0,198.0,240.0,207.0,30.0,201.9,3.8000000000000114,300.0,40.0,3.849151854629536,200.0,203.8,340,260.0,176.0,0.76
07:47:51,200.0,42.0,201.27,22.0,198.0,240.0,206.0,25.0,200.64,1.2700000000000102,282.0,47.0,3.1567198165181476,200.0,201.27,329,235.0,-11.0,0.71
07:47:52,198.0,72.0,209.33,12.0,181.0,15.0,542.0,12.0,203.67,11.330000000000013,87.0,24.0,1.8578670565997224,198.0,209.33,111,63.0,-176.0,0.57
07:47:53,198.0,142.0,207.69,29.0,164.43,44.0,333.12,32.0,202.84,9.689999999999998,186.0,61.0,1.1270669900226158,198.0,207.69,247,125.0,136.0,0.51
07:47:54,198.57,63.0,206.48,31.0,179.23,141.0,207.62,32.0,202.53,7.909999999999997,204.0,63.0,1.133106349818335,198.57,206.48,267,141.0,20.0,0.53
07:47:55,204.0,9.0,205.54,26.0,198.0,152.0,207.0,24.0,204.77,1.539999999999992,161.0,50.0,1.5278579776924723,204.0,205.54,211,111.0,-56.0,0.53
07:47:56,198.03,184.0,204.76,37.0,150.86,93.0,228.41,37.0,201.39,6.72999999999999,277.0,74.0,1.2661358536896825,198.02999999999997,204.76,351,203.0,140.0,0.58
07:47:57,198.0,126.0,203.43,21.0,132.05,39.0,205.29,21.0,200.71,5.430000000000007,165.0,42.0,1.556605280730676,198.0,203.42999999999998,207,123.0,-144.0,0.59
07:47:58,198.07,97.0,202.08,36.0,180.11,171.0,203.08,36.0,200.08,4.010000000000019,268.0,72.0,1.8454213610985273,198.07000000000002,202.08,340,196.0,133.0,0.58
07:47:59,198.95,171.0,235.89,38.0,154.29,112.0,425.71,38.0,217.42,36.94,283.0,76.0,7.243488800294915,198.95,235.89,359,207.0,19.0,0.58
07:48:00,203.57,56.0,235.0,36.0,190.54,35.0,412.11,36.0,219.29,31.430000000000007,91.0,72.0,9.689126379607039,203.57,235.0,163,19.0,-176.0,0.12
07:48:01,198.42,48.0,261.65,46.0,150.14,44.0,570.09,55.0,230.03,63.22999999999999,92.0,101.0,12.901663846186482,198.42,261.65,193,-9.0,30.0,-0.05
07:48:02,199.2,30.0,314.5,54.0,198.67,36.0,429.41,46.0,256.85,115.30000000000001,66.0,100.0,20.919109206655822,199.2,314.5,166,-34.0,-27.0,-0.2
07:48:03,200.0,15.0,347.22,36.0,199.0,60.0,371.16,50.0,273.61,147.22000000000003,75.0,86.0,24.749484843123273,200.0,347.22,161,-11.0,-5.0,-0.07
07:48:04,201.71,17.0,344.36,22.0,199.16,38.0,348.0,33.0,273.03,142.65,55.0,55.0,24.87499386934568,201.71,344.36,110,0.0,-51.0,0.0
07:48:05,199.82,45.0,310.9,29.0,199.17,24.0,405.89,38.0,255.36,111.07999999999998,69.0,67.0,17.74778239668222,199.82,310.9,136,2.0,26.0,0.01
07:48:06,199.0,37.0,343.6,20.0,198.0,65.0,432.0,40.0,271.3,144.60000000000002,102.0,60.0,9.115242728527958,199.0,343.6,162,42.0,26.0,0.26
07:48:07,198.65,62.0,343.0,20.0,197.96,95.0,432.0,40.0,270.82,144.35,157.0,60.0,7.615610940691584,198.65,343.0,217,97.0,55.0,0.45
07:48:08,199.44,50.0,341.62,16.0,198.11,94.0,432.0,32.0,270.53,142.18,144.0,48.0,7.247369867750741,199.44,341.62,192,96.0,-25.0,0.5
07:48:09,199.0,32.0,273.92,24.0,198.0,112.0,389.28,25.0,236.46,74.92000000000002,144.0,49.0,15.225868776525768,199.0,273.92,193,95.0,1.0,0.49
07:48:10,199.0,27.0,269.82,34.0,198.0,154.0,410.23,31.0,234.41,70.82,181.0,65.0,19.431320850626268,199.0,269.82,246,116.0,53.0,0.47
07:48:11,199.0,8.0,283.79,19.0,198.0,112.0,401.14,22.0,241.39,84.79000000000002,120.0,41.0,18.39061363848373,199.0,283.79,161,79.0,-85.0,0.49
07:48:12,199.0,7.0,298.0,18.0,198.0,98.0,482.0,20.0,248.5,99.0,105.0,38.0,14.61360564679314,199.0,298.0,143,67.0,-18.0,0.47
07:48:13,198.07,83.0,338.0,26.0,197.86,98.0,392.3,40.0,268.04,139.93,181.0,66.0,13.585979905769955,198.06999999999996,338.0,247,115.0,104.0,0.47
07:48:14,198.02,121.0,256.35,31.0,197.26,35.0,285.38,40.0,227.19,58.33000000000001,156.0,71.0,15.648352309428152,198.02,256.35,227,85.0,-20.0,0.37
07:48:15,198.0,117.0,212.0,36.0,197.0,33.0,228.41,34.0,205.0,14.0,150.0,70.0,23.611421600572598,198.0,212.0,220,80.0,-7.0,0.36
07:48:16,198.0,103.0,199.71,34.0,197.0,33.0,212.09,35.0,198.85,1.710000000000008,136.0,69.0,29.117601721295443,198.0,199.71,205,67.0,-15.0,0.33
07:48:17,199.71,84.0,226.28,25.0,197.77,78.0,306.18,17.0,213.0,26.569999999999993,162.0,42.0,27.620983508919235,199.70999999999998,226.28,204,120.0,-1.0,0.59
07:48:18,201.43,70.0,244.14,28.0,197.92,109.0,303.39,18.0,222.79,42.70999999999998,179.0,46.0,11.840111063667804,201.43,244.14000000000001,225,133.0,21.0,0.59
07:48:19,198.39,66.0,236.46,13.0,197.84,95.0,257.88,34.0,217.43,38.07000000000002,161.0,47.0,9.580116387601405,198.39,236.46,208,114.0,-17.0,0.55
07:48:20,201.0,45.0,241.17,12.0,198.0,99.0,366.55,33.0,221.08,40.16999999999999,144.0,45.0,9.587666556570936,201.0,241.17,189,99.0,-19.0,0.52
07:48:21,201.15,62.0,237.19,21.0,198.55,75.0,377.64,22.0,219.17,36.03999999999999,137.0,43.0,3.7655052781782694,201.15,237.19,180,94.0,-9.0,0.52
07:48:30,202.17,53.0,204.21,56.0,201.11,93.0,215.61,71.0,203.19,2.0400000000000205,146.0,127.0,2.2270226761282177,202.17000000000002,204.21,273,19.0,149.0,0.07
07:48:31,200.0,48.0,203.0,40.0,198.27,22.0,268.35,26.0,201.5,3.0,70.0,66.0,2.8385084111183057,200.0,203.0,136,4.0,-137.0,0.03
07:48:32,200.0,54.0,202.11,45.0,199.0,9.0,338.0,45.0,201.06,2.1100000000000136,63.0,90.0,2.886061329907852,200.0,202.11,153,-27.0,17.0,-0.18
07:48:33,200.0,78.0,201.71,70.0,199.0,20.0,591.67,54.0,200.86,1.710000000000008,98.0,124.0,2.358098810480517,200.0,201.71,222,-26.0,69.0,-0.12
07:48:34,199.33,18.0,391.08,24.0,198.16,38.0,557.73,26.0,295.21,191.74999999999997,56.0,50.0,41.850241695837155,199.33,391.08,106,6.0,-116.0,0.06
07:48:37,204.0,54.0,334.85,26.0,198.0,41.0,559.88,41.0,269.42,130.85000000000002,95.0,67.0,57.769434392245735,204.0,334.85,162,28.0,24.0,0.17
07:48:40,198.28,25.0,310.86,14.0,197.37,19.0,639.0,35.0,254.57,112.58000000000001,44.0,49.0,39.28694885073144,198.28,310.86,93,-5.0,27.0,-0.05
07:48:41,201.43,14.0,310.0,14.0,197.77,26.0,551.56,32.0,255.71,108.57,40.0,46.0,5.8771464164160605,201.43,310.0,86,-6.0,-7.0,-0.07
07:48:42,203.5,8.0,308.62,16.0,198.52,23.0,465.68,34.0,256.06,105.12,31.0,50.0,1.9594820744250163,203.5,308.62,81,-19.0,-5.0,-0.23
07:48:43,198.21,19.0,300.29,14.0,197.18,22.0,469.31,32.0,249.25,102.08000000000001,41.0,46.0,3.426349369225763,198.21,300.29,87,-5.0,6.0,-0.06
07:48:44,198.0,15.0,206.89,36.0,197.0,27.0,376.22,27.0,202.44,8.889999999999986,42.0,63.0,23.174946170379737,198.0,206.89,105,-21.0,18.0,-0.2
07:48:45,198.0,8.0,200.0,16.0,197.0,30.0,334.89,19.0,199.0,2.0,38.0,35.0,29.155589001081818,198.0,200.0,73,3.0,-32.0,0.04
07:48:46,197.05,19.0,199.3,20.0,166.08,39.0,474.17,41.0,198.18,2.25,58.0,61.0,29.053791146767878,197.05,199.3,119,-3.0,46.0,-0.03
07:48:47,197.0,22.0,199.0,26.0,174.69,39.0,448.25,32.0,198.0,2.0,61.0,58.0,22.363302081759127,197.0,199.0,119,3.0,0.0,0.03
07:48:48,186.39,31.0,198.73,22.0,139.76,41.0,232.0,11.0,192.56,12.340000000000003,72.0,33.0,3.547291924837425,186.39,198.73,105,39.0,-14.0,0.37
07:48:49,197.0,27.0,198.0,18.0,146.24,51.0,228.8,10.0,197.5,1.0,78.0,28.0,2.5663437026277767,197.0,198.0,106,50.0,1.0,0.47
07:48:50,198.25,16.0,215.05,37.0,185.93,28.0,217.07,15.0,206.65,16.80000000000001,44.0,52.0,5.075137436564313,198.25,215.05,96,-8.0,-10.0,-0.08
07:48:51,199.71,21.0,214.67,60.0,197.18,33.0,216.0,24.0,207.19,14.95999999999998,54.0,84.0,6.340350936660827,199.70999999999998,214.67,138,-30.0,42.0,-0.22
07:48:52,200.56,16.0,214.0,60.0,188.68,56.0,359.0,36.0,207.28,13.439999999999998,72.0,96.0,6.810325249209107,200.56,214.0,168,-24.0,30.0,-0.14
07:48:53,199.14,14.0,213.08,65.0,179.72,57.0,341.85,39.0,206.11,13.940000000000026,71.0,104.0,4.188810093572401,199.14000000000001,213.08,175,-33.0,7.0,-0.19
07:48:54,200.0,16.0,211.25,40.0,199.0,8.0,319.0,24.0,205.62,11.25,24.0,64.0,0.7086959856054971,200.0,211.25,88,-40.0,-87.0,-0.45
07:48:55,200.0,16.0,210.0,40.0,199.0,8.0,363.32,19.0,205.0,10.0,24.0,59.0,0.9903282284240361,200.0,210.0,83,-35.0,-5.0,-0.42
07:48:56,200.0,14.0,210.0,35.0,199.0,7.0,264.83,12.0,205.0,10.0,21.0,47.0,0.9485357136205737,200.0,210.0,68,-26.0,-15.0,-0.38
07:48:57,200.55,22.0,209.55,55.0,199.43,14.0,242.12,16.0,205.05,9.0,36.0,71.0,0.49631643133579445,200.55,209.55,107,-35.0,39.0,-0.33
07:48:58,203.28,36.0,208.37,82.0,201.78,36.0,211.1,42.0,205.82,5.090000000000003,72.0,124.0,0.39219892913407817,203.28,208.37,196,-52.0,89.0,-0.27
07:49:00,200.47,98.0,207.38,39.0,197.28,39.0,227.82,34.0,203.93,6.909999999999997,137.0,73.0,0.6937795038872623,200.47000000000003,207.38,210,64.0,30.0,0.3
07:49:01,198.0,18.0,207.0,21.0,196.43,7.0,208.0,21.0,202.5,9.0,25.0,42.0,1.3280926172576648,198.0,207.0,67,-17.0,-143.0,-0.25
07:49:03,202.37,27.0,205.73,26.0,198.91,22.0,224.12,32.0,204.05,3.359999999999985,49.0,58.0,1.5173233010846252,202.37,205.73,107,-9.0,21.0,-0.08
07:49:04,199.49,53.0,201.69,45.0,197.73,30.0,202.93,28.0,200.59,2.1999999999999886,83.0,73.0,2.1768394520530974,199.49,201.69,156,10.0,49.0,0.06
07:49:05,198.0,12.0,204.0,12.0,197.0,12.0,260.33,60.0,201.0,6.0,24.0,72.0,2.41788543980378,198.0,204.0,96,-48.0,-60.0,-0.5
07:49:06,199.0,43.0,203.9,10.0,198.0,10.0,213.0,50.0,201.45,4.900000000000006,53.0,60.0,2.508260353315666,199.0,203.9,113,-7.0,17.0,-0.06
07:49:07,199.08,26.0,203.0,8.0,198.5,12.0,213.0,40.0,201.04,3.9199999999999875,38.0,48.0,1.3888232428987297,199.07999999999998,203.0,86,-10.0,-27.0,-0.12
07:49:08,202.03,79.0,334.33,30.0,201.38,26.0,265.6,30.0,268.18,132.29999999999998,105.0,60.0,30.036407408343802,202.03,334.33,165,45.0,79.0,0.27
07:49:10,204.0,11.0,354.0,50.0,199.0,30.0,402.55,33.0,279.0,150.0,41.0,83.0,50.29002853449174,204.0,354.0,124,-42.0,-14.0,-0.34
07:49:11,204.0,8.0,354.0,40.0,199.0,24.0,417.21,14.0,279.0,150.0,32.0,54.0,41.65396163631961,204.0,354.0,86,-22.0,-38.0,-0.26
07:49:12,195.82,22.0,347.04,26.0,193.77,47.0,353.37,30.0,271.43,151.22000000000003,69.0,56.0,18.794319088489974,195.82,347.04,125,13.0,39.0,0.1
07:49:13,203.8,60.0,270.5,32.0,194.45,40.0,318.66,41.0,237.15,66.69999999999999,100.0,73.0,27.722408805873656,203.8,270.5,173,27.0,48.0,0.16
07:49:21,204.0,9.0,212.91,35.0,198.07,45.0,213.8,20.0,208.46,8.909999999999997,54.0,55.0,1.4624192285409952,204.0,212.91,109,-1.0,6.0,-0.01
07:49:22,198.0,72.0,210.36,28.0,195.0,32.0,211.9,21.0,204.18,12.360000000000014,104.0,49.0,2.742037563566021,198.0,210.35999999999999,153,55.0,44.0,0.36
07:49:23,198.16,97.0,208.13,30.0,196.72,57.0,209.09,44.0,203.15,9.969999999999999,154.0,74.0,3.2567575899977284,198.16,208.13,228,80.0,75.0,0.35
07:49:24,198.04,103.0,204.36,44.0,195.27,113.0,205.52,50.0,201.2,6.320000000000022,216.0,94.0,3.5259083935928803,198.04,204.36,310,122.0,82.0,0.39
07:49:25,198.0,40.0,204.75,32.0,197.0,8.0,324.12,32.0,201.38,6.75,48.0,64.0,2.9504033622556527,198.0,204.75,112,-16.0,-176.0,-0.14
07:49:26,198.0,25.0,203.0,20.0,197.0,5.0,266.4,20.0,200.5,5.0,30.0,40.0,1.5260799454845524,198.0,203.0,70,-10.0,-42.0,-0.14
07:49:27,198.0,25.0,202.0,10.0,197.0,5.0,203.0,20.0,200.0,4.0,30.0,30.0,1.1994081874034639,198.0,202.0,60,0.0,-10.0,0.0
07:49:28,198.0,34.0,200.3,20.0,197.0,8.0,202.57,28.0,199.15,2.3000000000000114,42.0,48.0,0.9113616186842323,198.0,200.3,90,-6.0,30.0,-0.07
07:49:29,196.2,40.0,199.12,8.0,194.14,84.0,420.0,32.0,197.66,2.920000000000016,124.0,40.0,1.4150335685103,196.2,199.12,164,84.0,74.0,0.51
07:49:30,195.0,72.0,197.86,63.0,194.0,240.0,298.39,36.0,196.43,2.8600000000000136,312.0,99.0,1.6848946554640625,195.0,197.86,411,213.0,176.0,0.52
07:49:31,195.0,36.0,223.15,26.0,194.0,120.0,349.0,7.0,209.08,28.150000000000006,156.0,33.0,5.00781688962473,195.0,223.15000000000003,189,123.0,-176.0,0.65
07:49:32,195.0,36.0,437.14,7.0,194.0,120.0,506.45,11.0,316.07,242.14,156.0,18.0,51.89025891243944,195.0,437.14,174,138.0,-15.0,0.79
07:49:33,195.0,12.0,196.0,8.0,194.0,40.0,416.0,2.0,195.5,1.0,52.0,10.0,52.34526788545457,195.0,196.0,62,42.0,-112.0,0.68
07:49:34,195.0,42.0,236.0,28.0,194.0,140.0,347.54,13.0,215.5,41.0,182.0,41.0,50.775104431207225,195.0,236.0,223,141.0,161.0,0.63
07:49:35,195.0,60.0,265.71,28.0,194.0,200.0,329.87,31.0,230.36,70.70999999999998,260.0,59.0,47.93695046621132,195.0,265.71,319,201.0,96.0,0.63
07:49:36,195.0,48.0,217.0,32.0,194.0,160.0,309.6,10.0,206.0,22.0,208.0,42.0,48.34408319536112,195.0,217.0,250,166.0,-69.0,0.66
07:49:37,195.0,39.0,217.0,36.0,194.0,180.0,364.52,21.0,206.0,22.0,219.0,57.0,13.084071231845414,195.0,217.0,276,162.0,26.0,0.59
07:49:38,195.0,23.0,216.33,36.0,194.0,200.0,238.81,21.0,205.67,21.330000000000013,223.0,57.0,10.711166136327277,195.0,216.33,280,166.0,4.0,0.59
07:49:39,198.46,39.0,209.81,67.0,194.16,192.0,301.27,44.0,204.13,11.349999999999994,231.0,111.0,11.166940941905478,198.46,209.81,342,120.0,62.0,0.35
07:49:40,204.0,36.0,208.26,42.0,198.35,23.0,336.86,21.0,206.13,4.259999999999991,59.0,63.0,0.8315226996335822,204.0,208.26,122,-4.0,-176.0,-0.03
07:49:41,204.0,38.0,208.0,35.0,201.12,34.0,231.0,14.0,206.0,4.0,72.0,49.0,0.8315226996335822,204.0,208.0,121,23.0,-1.0,0.19
07:49:42,204.0,39.0,208.0,45.0,202.0,108.0,231.0,18.0,206.0,4.0,147.0,63.0,0.8315226996335822,204.0,208.0,210,84.0,89.0,0.4
07:49:44,202.86,42.0,240.57,49.0,201.89,112.0,412.62,42.0,221.71,37.70999999999998,154.0,91.0,7.018242657532234,202.86,240.57,245,63.0,12.0,0.26
07:49:45,202.0,120.0,399.59,29.0,199.0,20.0,584.89,18.0,300.79,197.58999999999997,140.0,47.0,41.208473279169205,202.0,399.59,187,93.0,-58.0,0.5
07:49:46,202.0,108.0,420.17,23.0,200.68,25.0,452.67,18.0,311.09,218.17000000000002,133.0,41.0,52.405208996816306,202.0,420.17,174,92.0,-13.0,0.53
07:49:47,202.0,180.0,437.06,47.0,199.0,30.0,445.05,19.0,319.53,235.06,210.0,66.0,53.63959377176519,202.0,437.06,276,144.0,102.0,0.52
07:49:48,202.0,156.0,335.16,25.0,199.0,26.0,452.77,31.0,268.58,133.16000000000003,182.0,56.0,39.98560866111693,202.0,335.16,238,126.0,-38.0,0.53
07:49:49,202.64,50.0,367.79,29.0,201.82,102.0,376.15,26.0,285.22,165.15000000000003,152.0,55.0,20.41414387134534,202.64,367.79,207,97.0,-31.0,0.47
07:49:50,202.6,159.0,369.0,44.0,199.92,65.0,396.34,47.0,285.8,166.4,224.0,91.0,20.822728687662124,202.6,369.0,315,133.0,108.0,0.42
07:49:56,202.15,79.0,297.12,32.0,200.5,18.0,508.69,39.0,249.64,94.97,97.0,71.0,3.315226990720132,202.15,297.12,168,26.0,-61.0,0.15
07:49:57,202.0,80.0,295.94,48.0,199.0,10.0,296.84,32.0,248.97,93.94,90.0,80.0,1.6725519423919135,202.0,295.94,170,10.0,2.0,0.06
07:49:58,202.0,120.0,292.9,59.0,199.0,15.0,293.93,55.0,247.45,90.89999999999998,135.0,114.0,2.2057651733580155,202.0,292.9,249,21.0,79.0,0.08
07:49:59,202.0,54.0,287.78,54.0,199.0,38.0,289.44,54.0,244.89,85.77999999999997,92.0,108.0,2.66856141019831,202.0,287.78,200,-16.0,-49.0,-0.08
07:50:00,202.7,23.0,282.67,27.0,201.12,17.0,286.0,27.0,242.68,79.97000000000003,40.0,54.0,2.9065495006966815,202.7,282.67,94,-14.0,-106.0,-0.15
07:50:01,204.0,71.0,280.03,39.0,202.0,33.0,284.36,33.0,242.01,76.02999999999997,104.0,72.0,2.9957469853111083,204.0,280.03,176,32.0,82.0,0.18
07:50:05,204.0,63.0,215.21,63.0,202.0,30.0,216.07,55.0,209.6,11.210000000000008,93.0,118.0,16.173763322121598,204.0,215.21,211,-25.0,-118.0,-0.12
07:50:06,200.7,23.0,210.61,56.0,198.12,127.0,212.18,82.0,205.65,9.910000000000025,150.0,138.0,13.513574656618719,200.7,210.60999999999999,288,12.0,77.0,0.04
07:50:07,199.0,18.0,204.51,35.0,198.0,144.0,206.24,33.0,201.76,5.509999999999991,162.0,68.0,4.604641136941058,199.0,204.51,230,94.0,-58.0,0.41
07:50:08,198.14,112.0,201.02,42.0,197.73,176.0,202.45,66.0,199.58,2.880000000000024,288.0,108.0,4.964012489912818,198.14000000000001,201.02,396,180.0,166.0,0.45
07:50:09,198.0,137.0,199.79,38.0,197.0,80.0,210.39,49.0,198.89,1.789999999999992,217.0,87.0,4.490615770694602,198.0,199.79,304,130.0,-92.0,0.43
07:50:10,198.0,52.0,200.0,44.0,197.0,80.0,505.6,40.0,199.0,2.0,132.0,84.0,2.857696624908174,198.0,200.0,216,48.0,-88.0,0.22
07:50:11,198.0,29.0,199.21,28.0,197.0,80.0,290.9,40.0,198.61,1.210000000000008,109.0,68.0,1.2752529160962018,198.0,199.21,177,41.0,-39.0,0.23
07:50:12,197.16,38.0,198.4,15.0,196.86,28.0,251.21,19.0,197.78,1.240000000000009,66.0,34.0,0.657472432891353,197.16,198.4,100,32.0,-77.0,0.32
07:50:13,197.0,12.0,198.0,8.0,196.0,4.0,199.0,4.0,197.5,1.0,16.0,12.0,0.6761878437329237,197.0,198.0,28,4.0,-72.0,0.14
07:50:18,198.81,31.0,382.25,52.0,196.91,11.0,561.72,25.0,290.53,183.44,42.0,77.0,133.9368406003366,198.81,382.25,119,-35.0,98.0,-0.29
07:50:19,199.2,41.0,318.64,55.0,198.0,11.0,373.18,22.0,258.92,119.44,52.0,77.0,134.83371340284293,199.2,318.64,129,-25.0,10.0,-0.19
07:50:20,203.14,21.0,317.0,45.0,199.89,37.0,465.0,18.0,260.07,113.86000000000001,58.0,63.0,85.29170915159328,203.14,317.0,121,-5.0,-8.0,-0.04
07:50:23,202.81,27.0,288.0,60.0,200.94,35.0,472.5,24.0,245.41,85.19,62.0,84.0,7.291284523320431,202.81,288.0,146,-22.0,44.0,-0.15
07:50:24,201.0,36.0,286.43,35.0,200.0,18.0,289.38,34.0,243.71,85.43,54.0,69.0,8.011871192175601,201.0,286.43,123,-15.0,-23.0,-0.12
07:50:25,201.0,36.0,282.89,35.0,200.0,18.0,284.59,37.0,241.94,81.88999999999999,54.0,72.0,7.065533950099943,201.0,282.89,126,-18.0,3.0,-0.14
07:50:26,200.8,30.0,279.89,45.0,199.5,24.0,283.0,27.0,240.34,79.08999999999997,54.0,72.0,2.7441446754893404,200.8,279.89,126,-18.0,0.0,-0.14
07:50:27,200.0,24.0,274.88,42.0,199.0,48.0,278.17,54.0,237.44,74.88,72.0,96.0,3.0755438543479188,200.0,274.88,168,-24.0,42.0,-0.14
07:50:28,202.71,42.0,270.31,51.0,199.73,30.0,271.47,49.0,236.51,67.6,72.0,100.0,3.0156375776969493,202.70999999999998,270.31,172,-28.0,4.0,-0.16
07:50:29,202.16,32.0,263.77,39.0,198.89,36.0,264.91,35.0,232.96,61.609999999999985,68.0,74.0,3.4929672200034507,202.16,263.77,142,-6.0,-30.0,-0.04
07:50:30,199.0,22.0,261.58,53.0,198.0,66.0,263.09,33.0,230.29,62.579999999999984,88.0,86.0,3.930797628983135,199.0,261.58,174,2.0,32.0,0.01
07:50:31,198.4,30.0,256.28,65.0,197.86,42.0,261.27,59.0,227.34,57.87999999999997,72.0,124.0,4.224117659348544,198.4,256.28,196,-52.0,22.0,-0.27
07:50:32,199.27,11.0,254.06,35.0,198.0,33.0,255.62,53.0,226.66,54.78999999999999,44.0,88.0,4.081344141336393,199.27,254.06,132,-44.0,-64.0,-0.33
07:50:33,200.0,11.0,251.06,53.0,198.0,75.0,252.43,35.0,225.53,51.06,86.0,88.0,3.026223719426844,200.0,251.06,174,-2.0,42.0,-0.01
07:50:34,199.82,17.0,206.12,59.0,197.9,119.0,212.08,51.0,202.97,6.300000000000011,136.0,110.0,11.090539662253752,199.82,206.12,246,26.0,72.0,0.11
07:50:35,198.77,13.0,202.18,39.0,197.71,14.0,204.03,29.0,200.47,3.4099999999999966,27.0,68.0,13.622130156477938,198.77,202.18,95,-41.0,-151.0,-0.43
07:50:36,197.95,19.0,199.82,33.0,196.54,13.0,200.91,33.0,198.88,1.8700000000000045,32.0,66.0,13.951385952658164,197.95,199.82,98,-34.0,3.0,-0.35
07:50:37,195.44,27.0,198.41,44.0,180.43,28.0,199.46,39.0,196.93,2.969999999999999,55.0,83.0,11.712091188170854,195.44,198.40999999999997,138,-28.0,40.0,-0.2
07:50:38,195.0,20.0,197.44,32.0,119.6,20.0,198.37,41.0,196.22,2.4399999999999977,40.0,73.0,2.7342878414737783,195.0,197.44,113,-33.0,-25.0,-0.29
07:50:39,169.0,12.0,196.5,28.0,74.08,26.0,209.0,20.0,182.75,27.5,38.0,48.0,7.075284446581118,169.0,196.5,86,-10.0,-27.0,-0.12
07:50:42,160.09,22.0,195.0,16.0,127.09,22.0,375.75,8.0,177.55,34.91,44.0,24.0,15.04011535860146,160.09,195.0,68,20.0,-64.0,0.29
07:50:43,164.0,32.0,221.22,27.0,136.0,32.0,366.73,15.0,192.61,57.22,64.0,42.0,13.86240888157754,164.0,221.22,106,22.0,38.0,0.21
07:50:44,188.08,37.0,328.0,9.0,148.68,25.0,512.22,9.0,258.04,139.92,62.0,18.0,40.12796443878052,188.08,328.0,80,44.0,-26.0,0.55
07:50:45,189.56,72.0,204.88,24.0,185.11,36.0,239.67,21.0,197.22,15.319999999999993,108.0,45.0,35.76521005111016,189.56,204.88,153,63.0,73.0,0.41
07:50:46,194.0,64.0,402.5,8.0,186.0,40.0,432.91,22.0,298.25,208.5,104.0,30.0,51.305928799701306,194.0,402.5,134,74.0,-19.0,0.55
07:50:47,196.01,67.0,274.89,28.0,192.1,97.0,583.75,20.0,235.45,78.88,164.0,48.0,44.00913007547428,196.01,274.89,212,116.0,78.0,0.55
07:51:04,204.0,9.0,206.94,17.0,200.0,117.0,208.6,10.0,205.47,2.9399999999999977,126.0,27.0,4.517048815331273,204.0,206.94,153,99.0,-8.0,0.65
07:51:05,200.07,113.0,205.54,13.0,199.21,47.0,451.88,32.0,202.8,5.469999999999999,160.0,45.0,2.429563746866517,200.07,205.54,205,115.0,52.0,0.56
07:51:06,200.0,190.0,204.36,14.0,198.0,56.0,212.71,17.0,202.18,4.360000000000014,246.0,31.0,2.273635854768588,200.0,204.35999999999999,277,215.0,72.0,0.78
07:51:07,200.3,46.0,203.7,10.0,199.73,105.0,236.0,40.0,202.0,3.3999999999999773,151.0,50.0,1.924027026860644,200.3,203.7,201,101.0,-76.0,0.5
07:51:08,200.82,49.0,238.17,29.0,199.57,83.0,242.75,32.0,219.49,37.349999999999994,132.0,61.0,7.455546257658663,200.82,238.17,193,71.0,-8.0,0.37
07:51:09,203.77,26.0,241.22,36.0,199.88,102.0,247.31,52.0,222.5,37.44999999999999,128.0,88.0,10.284579719175955,203.77,241.22,216,40.0,23.0,0.19
07:51:10,200.0,24.0,237.48,54.0,197.78,92.0,238.53,30.0,218.74,37.47999999999999,116.0,84.0,10.042266676407413,200.0,237.48,200,32.0,-16.0,0.16
07:51:11,199.58,45.0,232.11,36.0,194.51,73.0,235.48,42.0,215.84,32.53,118.0,78.0,8.024249497621598,199.58,232.11,196,40.0,-4.0,0.2
07:51:19,203.08,12.0,214.45,22.0,201.9,21.0,217.0,44.0,208.77,11.369999999999976,33.0,66.0,1.5711238016415578,203.08,214.45,99,-33.0,43.0,-0.33
07:51:20,202.0,12.0,211.86,14.0,200.0,12.0,214.0,14.0,206.93,9.860000000000014,24.0,28.0,2.030068964366899,202.0,211.85999999999999,52,-4.0,-47.0,-0.08
07:51:21,202.0,16.0,209.36,28.0,200.0,22.0,210.19,32.0,205.68,7.360000000000014,38.0,60.0,2.360671514651461,202.0,209.35999999999999,98,-22.0,46.0,-0.22
07:51:22,202.0,12.0,206.08,24.0,200.0,24.0,207.08,24.0,204.04,4.0800000000000125,36.0,48.0,2.5358686874694905,202.0,206.08,84,-12.0,-14.0,-0.14
