Time,Bid1_Price,Bid1_Volume,Ask1_Price,Ask1_Volume,Bid2_Price,Bid2_Volume,Ask2_Price,Ask2_Volume,Mid-Price,Bid_Ask_Spread,Market_Depth_Bid,Market_Depth_Ask,Historical_Volatility,Weighted_Avg_Bid_Price,Weighted_Avg_Ask_Price,Total_volume,Cumulative_Volume_Difference,Total_Volume_Change_Corrected,Order_imbalance
07:30:11,259.0,21.0,260.86,14.0,256.0,10.0,261.75,16.0,259.93,1.8600000000000136,31.0,30.0,13.688609498411422,259.0,260.86,61,1.0,-32.0,0.02
07:30:12,259.0,15.0,260.22,9.0,256.0,8.0,263.91,22.0,259.61,1.2200000000000273,23.0,31.0,7.083715832809725,259.0,260.22,54,-8.0,-7.0,-0.15
07:30:13,259.0,9.0,260.17,36.0,256.0,9.0,266.33,36.0,259.58,1.170000000000016,18.0,72.0,2.4907729723921523,259.0,260.17,90,-54.0,36.0,-0.6
07:30:14,256.38,8.0,260.1,21.0,255.03,29.0,268.82,22.0,258.24,3.7200000000000273,37.0,43.0,1.0484607765669547,256.38,260.1,80,-6.0,-10.0,-0.07
07:30:15,256.0,17.0,258.04,50.0,252.45,44.0,262.0,36.0,257.02,2.0400000000000205,61.0,86.0,1.2241854434682078,256.0,258.04,147,-25.0,67.0,-0.17
07:30:16,255.0,20.0,258.0,30.0,226.0,20.0,269.2,30.0,256.5,3.0,40.0,60.0,1.4296852800527586,255.0,258.0,100,-20.0,-47.0,-0.2
07:30:17,255.23,26.0,257.46,39.0,231.15,40.0,269.08,39.0,256.35,2.2299999999999898,66.0,78.0,1.3619544779468808,255.23,257.46,144,-12.0,44.0,-0.08
07:30:18,256.0,14.0,257.0,21.0,255.0,14.0,269.55,11.0,256.5,1.0,28.0,32.0,0.779435693306131,256.0,257.0,60,-4.0,-84.0,-0.07
07:30:19,255.2,20.0,263.0,14.0,244.71,28.0,269.88,24.0,259.1,7.800000000000011,48.0,38.0,1.149860861147818,255.2,263.0,86,10.0,26.0,0.12
07:30:20,252.71,42.0,269.0,13.0,238.92,53.0,270.0,39.0,260.86,16.289999999999992,95.0,52.0,2.0320482277740104,252.70999999999998,269.0,147,43.0,61.0,0.29
07:30:21,255.89,35.0,269.0,11.0,241.54,39.0,270.0,33.0,262.44,13.110000000000014,74.0,44.0,2.6722275352221163,255.89,269.0,118,30.0,-29.0,0.25
07:30:22,246.12,34.0,258.59,17.0,244.0,51.0,268.1,31.0,252.35,12.46999999999997,85.0,48.0,3.9674677062327084,246.12,258.59,133,37.0,15.0,0.28
07:30:23,247.5,28.0,252.0,14.0,244.0,42.0,253.0,14.0,249.75,4.5,70.0,28.0,5.5461292808588185,247.5,252.0,98,42.0,-35.0,0.43
07:30:24,250.25,16.0,252.22,9.0,242.78,27.0,258.08,13.0,251.24,1.9699999999999989,43.0,22.0,5.871070600835899,250.25,252.22,65,21.0,-33.0,0.32
07:30:25,251.29,7.0,253.0,7.0,241.0,21.0,264.0,21.0,252.14,1.710000000000008,28.0,28.0,5.055455469094721,251.29,253.0,56,0.0,-9.0,0.0
07:30:26,253.13,38.0,262.87,30.0,239.78,46.0,264.34,35.0,258.0,9.740000000000009,84.0,65.0,3.136882210093298,253.13000000000002,262.87,149,19.0,93.0,0.13
07:30:27,259.0,60.0,261.17,36.0,240.58,36.0,264.0,36.0,260.08,2.170000000000016,96.0,72.0,4.522534687539685,259.0,261.17,168,24.0,19.0,0.14
07:30:28,259.0,60.0,260.31,39.0,240.46,46.0,262.0,36.0,259.65,1.3100000000000023,106.0,75.0,4.221364708243012,259.0,260.31,181,31.0,13.0,0.17
07:30:29,259.0,58.0,260.0,38.0,251.57,105.0,261.0,39.0,259.5,1.0,163.0,77.0,3.2999666664982743,259.0,260.0,240,86.0,59.0,0.36
07:30:30,256.33,42.0,260.79,19.0,254.24,79.0,268.14,21.0,258.56,4.460000000000036,121.0,40.0,0.8525960356463115,256.33,260.79,161,81.0,-79.0,0.5
07:30:31,255.0,56.0,260.75,12.0,240.0,8.0,271.0,12.0,257.88,5.75,64.0,24.0,0.8940246081623293,255.0,260.75,88,40.0,-73.0,0.45
07:30:32,255.0,126.0,259.78,27.0,240.0,18.0,271.0,27.0,257.39,4.779999999999973,144.0,54.0,0.9869802429632267,255.0,259.78,198,90.0,110.0,0.45
07:30:33,255.0,182.0,259.0,39.0,240.0,26.0,268.89,19.0,257.0,4.0,208.0,58.0,0.9909994954588417,255.0,259.0,266,150.0,68.0,0.56
07:30:34,255.0,140.0,259.0,30.0,240.0,20.0,267.0,10.0,257.0,4.0,160.0,40.0,0.6630082955737139,255.0,259.0,200,120.0,-66.0,0.6
07:30:35,255.0,84.0,258.17,18.0,240.0,12.0,266.33,6.0,256.58,3.170000000000016,96.0,24.0,0.4894895300202799,255.0,258.17,120,72.0,-80.0,0.6
07:30:36,255.0,126.0,257.67,27.0,240.0,18.0,265.0,9.0,256.33,2.670000000000016,144.0,36.0,0.4121286206991814,255.0,257.67,180,108.0,60.0,0.6
07:30:37,255.0,140.0,256.0,30.0,240.0,20.0,264.4,10.0,255.5,1.0,160.0,40.0,0.6192091730581005,255.0,256.0,200,120.0,20.0,0.6
07:30:38,255.29,187.0,262.31,55.0,244.23,39.0,265.57,23.0,258.8,7.02000000000001,226.0,78.0,1.22377285474038,255.29,262.31,304,148.0,104.0,0.49
07:30:39,256.05,155.0,262.0,80.0,247.46,84.0,264.0,16.0,259.02,5.949999999999989,239.0,96.0,1.5726665253637,256.05,262.0,335,143.0,31.0,0.43
07:30:40,255.1,96.0,259.39,90.0,248.82,120.0,265.22,18.0,257.25,4.289999999999992,216.0,108.0,1.52968951097913,255.1,259.39,324,108.0,-11.0,0.33
07:30:41,255.62,65.0,262.32,68.0,251.5,56.0,267.81,64.0,258.97,6.699999999999989,121.0,132.0,1.5322760847835863,255.61999999999998,262.32,253,-11.0,-71.0,-0.04
07:30:42,255.0,56.0,265.0,56.0,243.8,30.0,270.88,40.0,260.0,10.0,86.0,96.0,0.9898838315681018,255.0,265.0,182,-10.0,-71.0,-0.05
07:30:43,255.0,41.0,265.0,49.0,244.0,28.0,270.0,35.0,260.0,10.0,69.0,84.0,1.1238638707601645,255.0,265.0,153,-15.0,-29.0,-0.1
07:30:44,255.0,21.0,264.95,37.0,246.25,16.0,284.94,35.0,259.97,9.949999999999989,37.0,72.0,1.1959389616531813,255.0,264.95,109,-35.0,-44.0,-0.32
07:30:45,255.39,36.0,264.0,66.0,251.7,43.0,265.7,60.0,259.69,8.610000000000014,79.0,126.0,0.4423008026221921,255.39,264.0,205,-47.0,96.0,-0.23
07:30:46,258.41,17.0,263.63,38.0,257.41,17.0,264.9,71.0,261.02,5.21999999999997,34.0,109.0,0.5111066424929018,258.41,263.63,143,-75.0,-62.0,-0.52
07:30:47,259.0,12.0,261.33,12.0,258.0,12.0,264.0,60.0,260.17,2.329999999999984,24.0,72.0,0.5054206169126646,259.0,261.33,96,-48.0,-47.0,-0.5
07:30:48,256.5,14.0,260.07,14.0,252.46,28.0,264.84,43.0,258.29,3.569999999999993,42.0,57.0,0.9927839644153604,256.5,260.07,99,-15.0,3.0,-0.15
07:30:49,258.39,56.0,265.83,41.0,254.8,44.0,266.97,62.0,262.11,7.439999999999998,100.0,103.0,1.432996859731513,258.39,265.83,203,-3.0,104.0,-0.01
07:30:51,256.83,12.0,266.0,12.0,255.91,11.0,269.0,30.0,261.42,9.170000000000016,23.0,42.0,2.4715420287748677,256.83,266.0,65,-19.0,-79.0,-0.29
07:30:52,256.0,22.0,265.0,11.0,255.0,11.0,266.0,22.0,260.5,9.0,33.0,33.0,2.4348860342941347,256.0,265.0,66,0.0,1.0,0.0
07:30:53,256.0,16.0,265.0,8.0,255.0,8.0,266.0,16.0,260.5,9.0,24.0,24.0,1.8452235636910503,256.0,265.0,48,0.0,-18.0,0.0
07:30:54,257.76,50.0,264.44,18.0,255.96,25.0,265.76,21.0,261.1,6.680000000000007,75.0,39.0,1.8715822183384514,257.76,264.44,114,36.0,66.0,0.32
07:30:55,259.0,36.0,264.0,18.0,256.0,18.0,266.0,18.0,261.5,5.0,54.0,36.0,0.48381814765529485,259.0,264.0,90,18.0,-24.0,0.2
07:30:57,259.0,28.0,264.54,24.0,256.0,22.0,268.4,30.0,261.77,5.5400000000000205,50.0,54.0,0.4783095232175258,259.0,264.54,104,-4.0,-78.0,-0.04
07:30:58,259.0,24.0,267.0,14.0,255.83,24.0,268.0,28.0,263.0,8.0,48.0,42.0,0.7558306688674149,259.0,267.0,90,6.0,-14.0,0.07
07:30:59,256.0,8.0,267.93,15.0,255.0,8.0,270.22,27.0,261.97,11.930000000000007,16.0,42.0,0.671081217141841,256.0,267.93,58,-26.0,-32.0,-0.45
07:31:00,256.0,18.0,267.31,51.0,255.0,18.0,270.6,75.0,261.66,11.310000000000002,36.0,126.0,0.6507457260716932,256.0,267.31,162,-90.0,104.0,-0.56
07:31:01,256.8,15.0,266.0,75.0,255.73,15.0,268.0,95.0,261.4,9.199999999999989,30.0,170.0,0.6167252224456051,256.8,266.0,200,-140.0,38.0,-0.7
07:31:02,258.0,16.0,264.56,80.0,256.0,16.0,268.0,144.0,261.28,6.560000000000002,32.0,224.0,0.6891443970610188,258.0,264.56,256,-192.0,56.0,-0.75
07:31:03,258.69,16.0,262.69,80.0,256.0,16.0,267.78,124.0,260.69,4.0,32.0,204.0,0.47723159996026226,258.69,262.69,236,-172.0,-20.0,-0.73
07:31:04,258.11,9.0,262.0,40.0,255.44,9.0,265.0,27.0,260.06,3.8899999999999864,18.0,67.0,0.6426663208856177,258.11,262.0,85,-49.0,-151.0,-0.58
07:31:05,256.38,16.0,261.06,64.0,255.38,16.0,265.0,48.0,258.72,4.680000000000007,32.0,112.0,1.0945318634012622,256.38,261.06,144,-80.0,59.0,-0.56
07:31:06,257.2,15.0,260.07,60.0,256.0,15.0,265.0,51.0,258.63,2.8700000000000045,30.0,111.0,1.1786135923196575,257.2,260.07,141,-81.0,-3.0,-0.57
07:31:07,258.32,22.0,264.02,44.0,256.12,16.0,265.79,70.0,261.17,5.699999999999989,38.0,114.0,1.1464423230152823,258.32,264.02,152,-76.0,11.0,-0.5
07:31:08,258.0,17.0,262.88,17.0,256.0,17.0,265.12,51.0,260.44,4.8799999999999955,34.0,68.0,1.105590340044936,258.0,262.88,102,-34.0,-50.0,-0.33
07:31:09,258.89,47.0,264.63,41.0,254.82,65.0,267.23,124.0,261.76,5.740000000000009,112.0,165.0,1.420538630238794,258.89,264.63,277,-53.0,173.5,-0.19
07:31:10,258.48,27.0,265.65,69.0,255.06,66.0,267.5,72.0,262.07,7.169999999999959,93.0,141.0,1.370120432663056,258.48,265.65,234,-48.0,-43.0,-0.21
07:31:11,254.12,78.0,264.32,31.0,252.17,24.0,265.52,29.0,259.22,10.199999999999989,102.0,60.0,1.1413018881964474,254.12,264.32,162,42.0,-72.0,0.26
07:31:12,254.0,84.0,263.43,28.0,253.0,24.0,264.25,32.0,258.71,9.430000000000007,108.0,60.0,1.4900167784292673,254.0,263.43,168,48.0,6.0,0.29
07:31:13,254.26,94.0,260.59,29.0,251.25,266.0,261.94,36.0,257.42,6.329999999999984,360.0,65.0,2.011027100762355,254.26,260.59,425,295.0,173.5,0.69
07:31:14,255.0,42.0,259.0,18.0,254.0,42.0,260.0,12.0,257.0,4.0,84.0,30.0,1.9991573224737875,255.0,259.0,114,54.0,-174.5,0.47
07:31:15,255.0,32.0,257.69,29.0,254.0,84.0,258.81,31.0,256.34,2.6899999999999977,116.0,60.0,1.198048413045369,255.0,257.69,176,56.0,62.0,0.32
07:31:16,254.0,63.0,256.23,39.0,251.0,351.0,258.56,27.0,255.12,2.230000000000018,414.0,66.0,1.3263559100032347,254.0,256.23,480,348.0,173.5,0.72
07:31:17,251.0,297.0,264.21,57.0,248.0,33.0,299.0,48.0,257.61,13.20999999999998,330.0,105.0,1.0077797378398397,251.0,264.21,435,225.0,-45.0,0.52
07:31:18,252.67,30.0,264.66,95.0,251.31,162.0,384.71,68.0,258.66,11.990000000000038,192.0,163.0,1.3307065792279442,252.67,264.66,355,29.0,-80.0,0.08
07:31:19,256.08,26.0,263.64,56.0,252.35,46.0,264.74,61.0,259.86,7.560000000000002,72.0,117.0,1.86652618519016,256.08,263.64,189,-45.0,-166.0,-0.24
07:31:20,258.0,42.0,262.23,65.0,252.24,42.0,263.19,62.0,260.12,4.230000000000018,84.0,127.0,2.02859064377228,258.0,262.23,211,-43.0,22.0,-0.2
07:31:21,258.0,20.0,261.96,135.0,252.0,56.0,266.42,26.0,259.98,3.9599999999999795,76.0,161.0,1.0839188161482975,258.0,261.96,237,-85.0,26.0,-0.36
07:31:22,258.0,7.0,260.86,35.0,252.0,28.0,262.0,35.0,259.43,2.8600000000000136,35.0,70.0,0.5904235767652826,258.0,260.86,105,-35.0,-132.0,-0.33
07:31:23,250.41,29.0,259.67,45.0,250.94,34.0,263.22,45.0,255.04,9.26000000000002,63.0,90.0,2.1654052738460723,250.41000000000003,259.67,153,-27.0,48.0,-0.18
07:31:24,248.27,45.0,258.43,42.0,247.17,75.0,264.22,45.0,253.35,10.159999999999997,120.0,87.0,3.1614284745982357,248.26999999999998,258.43,207,33.0,54.0,0.16
07:31:25,249.0,28.0,255.79,43.0,247.0,154.0,257.64,55.0,252.4,6.789999999999992,182.0,98.0,3.482147326004552,249.0,255.79,280,84.0,73.0,0.3
07:31:26,247.77,44.0,254.38,26.0,247.03,60.0,257.6,20.0,251.08,6.609999999999985,104.0,46.0,3.2302244504059847,247.77,254.38,150,58.0,-130.0,0.39
07:31:27,246.54,35.0,253.3,40.0,245.35,68.0,256.1,20.0,249.92,6.760000000000019,103.0,60.0,1.9846964503421562,246.54,253.3,163,43.0,13.0,0.26
07:31:28,248.0,6.0,252.93,15.0,246.0,12.0,254.0,12.0,250.47,4.930000000000007,18.0,27.0,1.4098333234821983,248.0,252.93,45,-9.0,-118.0,-0.2
07:31:29,248.5,12.0,254.82,17.0,244.2,101.0,256.17,23.0,251.66,6.319999999999993,113.0,40.0,0.973796693361044,248.5,254.81999999999996,153,73.0,108.0,0.48
07:31:30,250.09,11.0,262.0,44.0,244.0,129.0,264.0,11.0,256.05,11.909999999999997,140.0,55.0,2.444244259479983,250.09000000000003,262.0,195,85.0,42.0,0.44
07:31:31,253.92,13.0,260.08,39.0,245.06,63.0,261.44,34.0,257.0,6.159999999999997,76.0,73.0,3.278086331993219,253.92000000000002,260.08,149,3.0,-46.0,0.02
07:31:32,255.42,12.0,259.94,50.0,247.29,21.0,261.22,27.0,257.68,4.52000000000001,33.0,77.0,3.280452712660345,255.42,259.94,110,-44.0,-39.0,-0.4
07:31:33,255.23,13.0,258.44,36.0,249.78,23.0,260.24,42.0,256.84,3.210000000000008,36.0,78.0,2.4107841048091645,255.23,258.44,114,-42.0,4.0,-0.37
07:31:34,255.42,12.0,257.85,26.0,251.8,20.0,260.57,42.0,256.63,2.4300000000000352,32.0,68.0,0.5914811915864497,255.42,257.85,100,-36.0,-14.0,-0.36
07:31:35,255.47,17.0,257.29,34.0,250.85,26.0,264.0,17.0,256.38,1.8200000000000216,43.0,51.0,0.49120260585682246,255.47,257.29,94,-8.0,-6.0,-0.09
07:31:36,250.2,20.0,263.31,51.0,246.4,40.0,264.86,21.0,256.76,13.110000000000014,60.0,72.0,0.4914468435146646,250.2,263.31,132,-12.0,38.0,-0.09
07:31:37,256.0,34.0,265.0,116.0,252.32,65.0,351.79,14.0,260.5,9.0,99.0,130.0,1.729456562045038,256.0,265.0,229,-31.0,97.0,-0.14
07:31:59,259.05,65.0,260.97,31.0,257.82,44.0,270.54,65.0,260.01,1.920000000000016,109.0,96.0,1.1012583711383461,259.05,260.97,205,13.0,-72.0,0.06
07:32:00,259.0,77.0,261.0,33.0,256.0,22.0,273.0,52.0,260.0,2.0,99.0,85.0,0.9950527624213018,259.0,261.0,184,14.0,-21.0,0.08
07:32:01,259.0,84.0,260.83,36.0,256.0,24.0,273.0,60.0,259.92,1.829999999999984,108.0,96.0,0.6011073115527686,259.0,260.83,204,12.0,20.0,0.06
07:32:02,259.0,49.0,260.0,33.0,256.0,22.0,270.24,63.0,259.5,1.0,71.0,96.0,0.3554996483853659,259.0,260.0,167,-25.0,-37.0,-0.15
07:32:03,259.0,33.0,260.0,33.0,256.0,22.0,265.5,56.0,259.5,1.0,55.0,89.0,0.2634008352342178,259.0,260.0,144,-34.0,-23.0,-0.24
07:32:04,257.84,31.0,263.83,47.0,255.25,56.0,270.5,88.0,260.83,5.990000000000009,87.0,135.0,0.5437830449748386,257.84,263.83,222,-48.0,78.0,-0.22
07:32:05,256.0,20.0,261.4,40.0,255.0,70.0,263.5,32.0,258.7,5.399999999999977,90.0,72.0,0.7753708790005253,256.0,261.4,162,18.0,-60.0,0.11
07:32:06,256.0,32.0,261.0,64.0,255.0,112.0,266.11,38.0,258.5,5.0,144.0,102.0,0.917158655850742,256.0,261.0,246,42.0,84.0,0.17
07:32:07,256.23,13.0,261.0,32.0,255.15,41.0,268.0,16.0,258.62,4.769999999999982,54.0,48.0,0.9770875088761872,256.23,261.0,102,6.0,-144.0,0.06
07:32:08,257.0,8.0,260.38,32.0,256.0,16.0,268.0,16.0,258.69,3.3799999999999955,24.0,48.0,0.9882155635294384,257.0,260.38,72,-24.0,-30.0,-0.33
07:32:09,256.92,24.0,258.75,89.0,255.86,51.0,268.16,76.0,257.83,1.829999999999984,75.0,165.0,0.3654722971738687,256.92,258.75,240,-90.0,168.0,-0.38
07:32:10,256.0,26.0,266.13,15.0,255.0,91.0,268.29,38.0,261.07,10.129999999999995,117.0,53.0,1.237687359554824,256.0,266.13,170,64.0,-70.0,0.38
07:32:11,256.0,26.0,263.86,37.0,255.0,91.0,266.72,39.0,259.93,7.860000000000014,117.0,76.0,1.2746842746350768,256.0,263.86,193,41.0,23.0,0.21
07:32:12,257.11,18.0,262.58,38.0,255.53,45.0,265.42,53.0,259.85,5.46999999999997,63.0,91.0,1.2463867778511206,257.11,262.58,154,-28.0,-39.0,-0.18
07:32:13,258.6,10.0,260.14,28.0,256.86,14.0,261.55,22.0,259.37,1.5399999999999636,24.0,50.0,1.1744786077243705,258.6,260.14,74,-26.0,-80.0,-0.35
07:32:14,256.26,27.0,259.75,48.0,255.2,30.0,265.06,51.0,258.0,3.490000000000009,57.0,99.0,1.1108015124234274,256.26,259.75,156,-42.0,82.0,-0.27
07:32:15,256.0,28.0,257.94,17.0,255.0,28.0,259.05,55.0,256.97,1.9399999999999977,56.0,72.0,1.2932826450554855,256.0,257.94,128,-16.0,-28.0,-0.12
07:32:16,255.23,26.0,256.31,13.0,251.67,36.0,259.0,52.0,255.77,1.0800000000000125,62.0,65.0,1.6832171577075998,255.23,256.31,127,-3.0,-1.0,-0.02
07:32:17,251.35,46.0,254.69,49.0,249.78,117.0,257.3,46.0,253.02,3.3400000000000034,163.0,95.0,2.412038556905864,251.35,254.69,258,68.0,131.0,0.26
07:32:18,250.07,138.0,252.51,35.0,248.56,54.0,254.71,42.0,251.29,2.4399999999999977,192.0,77.0,2.790958616676318,250.06999999999996,252.51000000000002,269,115.0,11.0,0.43
07:32:19,250.0,145.0,252.06,36.0,245.97,122.0,258.26,27.0,251.03,2.0600000000000023,267.0,63.0,2.6618564950047805,250.0,252.06,330,204.0,61.0,0.62
07:32:20,250.09,79.0,260.09,35.0,246.38,73.0,261.68,31.0,255.09,9.999999999999972,152.0,66.0,2.153973073183346,250.09,260.09,218,86.0,-112.0,0.39
07:32:21,255.06,119.0,260.0,75.0,250.61,136.0,261.0,48.0,257.53,4.939999999999998,255.0,123.0,2.73596783606807,255.06,260.0,378,132.0,160.0,0.35
07:32:22,259.0,75.0,260.0,37.0,253.0,81.0,261.21,19.0,259.5,1.0,156.0,56.0,3.745706875877987,259.0,260.0,212,100.0,-166.0,0.47
07:32:23,259.0,56.0,260.0,12.0,253.0,72.0,262.0,8.0,259.5,1.0,128.0,20.0,3.56950276649289,259.0,260.0,148,108.0,-64.0,0.73
07:32:24,259.0,54.0,260.0,12.0,253.16,49.0,262.0,6.0,259.5,1.0,103.0,18.0,1.9485969311279439,259.0,260.0,121,85.0,-27.0,0.7
07:32:25,259.0,90.0,260.0,20.0,254.02,55.0,262.0,10.0,259.5,1.0,145.0,30.0,0.8810107831358551,259.0,260.0,175,115.0,54.0,0.66
07:32:26,259.0,62.0,260.0,16.0,253.0,72.0,262.0,8.0,259.5,1.0,134.0,24.0,0.0,259.0,260.0,158,110.0,-17.0,0.7
07:32:27,253.96,75.0,260.0,20.0,250.95,41.0,262.11,46.0,256.98,6.039999999999992,116.0,66.0,1.1269782606605818,253.96,260.0,182,50.0,24.0,0.27
07:32:28,253.0,39.0,260.0,12.0,247.0,12.0,262.0,30.0,256.5,7.0,51.0,42.0,1.521210044668814,253.0,260.0,93,9.0,-89.0,0.1
07:32:29,253.0,60.0,261.65,34.0,247.0,20.0,262.7,50.0,257.32,8.649999999999977,80.0,84.0,1.4356879883878348,253.0,261.65,164,-4.0,71.0,-0.02
07:32:30,255.57,65.0,262.0,40.0,252.65,52.0,263.0,45.0,258.78,6.430000000000007,117.0,85.0,1.2690468864470792,255.57,262.0,202,32.0,38.0,0.16
07:32:31,257.0,60.0,261.83,72.0,256.0,135.0,262.8,75.0,259.42,4.829999999999984,195.0,147.0,1.242738910632898,257.0,261.83,342,48.0,140.0,0.14
07:32:32,256.62,47.0,261.0,56.0,255.19,96.0,262.97,121.0,258.81,4.3799999999999955,143.0,177.0,1.2099090874942873,256.62,261.0,320,-34.0,-22.0,-0.11
07:32:33,256.0,88.0,259.09,44.0,252.0,99.0,263.0,71.0,257.55,3.089999999999975,187.0,115.0,0.8998499874986788,256.0,259.09,302,72.0,-18.0,0.24
07:32:34,256.0,88.0,260.31,49.0,252.55,33.0,263.14,35.0,258.15,4.310000000000002,121.0,84.0,0.71363155759921,256.0,260.31,205,37.0,-97.0,0.18
07:32:35,256.0,64.0,264.2,50.0,253.0,24.0,277.64,22.0,260.1,8.199999999999989,88.0,72.0,1.0073877108649185,256.0,264.2,160,16.0,-45.0,0.1
07:32:36,257.54,52.0,265.24,42.0,255.31,52.0,267.57,84.0,261.39,7.699999999999989,104.0,126.0,1.547837200742338,257.54,265.24,230,-22.0,70.0,-0.1
07:32:37,256.21,76.0,262.23,43.0,253.69,35.0,264.89,47.0,259.22,6.020000000000039,111.0,90.0,1.5327980949890065,256.21,262.23,201,21.0,-29.0,0.1
07:32:38,256.71,56.0,259.0,48.0,255.81,94.0,266.31,32.0,257.86,2.2900000000000205,150.0,80.0,1.4492170299861822,256.71,259.0,230,70.0,29.0,0.3
07:32:39,256.09,85.0,258.89,36.0,254.13,45.0,268.0,45.0,257.49,2.8000000000000114,130.0,81.0,1.6066642461951612,256.09,258.89,211,49.0,-19.0,0.23
07:32:40,256.28,64.0,262.48,44.0,254.25,84.0,268.16,50.0,259.38,6.2000000000000455,148.0,94.0,1.537975942595255,256.28,262.48,242,54.0,31.0,0.22
07:32:41,256.0,30.0,266.7,10.0,249.0,30.0,268.06,34.0,261.35,10.699999999999989,60.0,44.0,1.5229084017109475,256.0,266.7,104,16.0,-138.0,0.15
07:32:42,256.54,37.0,264.53,15.0,251.0,37.0,267.33,15.0,260.54,7.989999999999952,74.0,30.0,1.665331798772231,256.54,264.53,104,44.0,0.0,0.42
07:32:43,259.0,16.0,264.0,8.0,257.9,20.0,268.93,30.0,261.5,5.0,36.0,38.0,1.6609545448332914,259.0,264.0,74,-2.0,-30.0,-0.03
07:32:46,259.23,13.0,260.38,65.0,256.5,36.0,267.4,30.0,259.81,1.1499999999999773,49.0,95.0,0.7666485505124211,259.23,260.38,144,-46.0,23.0,-0.32
07:32:47,259.0,12.0,263.38,40.0,251.33,24.0,269.65,43.0,261.19,4.3799999999999955,36.0,83.0,0.7451509914123849,259.0,263.38,119,-47.0,-25.0,-0.39
07:32:48,247.39,31.0,252.88,16.0,245.27,41.0,263.88,16.0,250.13,5.490000000000009,72.0,32.0,4.872235626486236,247.39,252.88,104,40.0,-15.0,0.38
07:32:49,247.0,24.0,248.0,16.0,245.0,32.0,253.8,10.0,247.5,1.0,56.0,26.0,6.56554034333811,247.0,248.0,82,30.0,-22.0,0.37
07:32:50,247.13,62.0,248.74,27.0,245.14,86.0,253.43,21.0,247.93,1.6100000000000136,148.0,48.0,6.655022163749639,247.13,248.74,196,100.0,114.0,0.51
07:32:51,247.0,66.0,253.26,19.0,244.73,88.0,255.6,25.0,250.13,6.259999999999991,154.0,44.0,5.6195622605322075,247.0,253.26,198,110.0,2.0,0.56
07:32:52,247.0,38.0,254.0,24.0,242.0,64.0,264.0,8.0,250.5,7.0,102.0,32.0,1.4067231426249798,247.0,254.0,134,70.0,-64.0,0.52
07:32:53,247.85,26.0,254.0,36.0,246.23,52.0,264.0,12.0,250.92,6.150000000000006,78.0,48.0,1.5671726133380421,247.84999999999997,254.0,126,30.0,-8.0,0.24
07:32:54,248.0,12.0,254.0,18.0,245.67,24.0,264.0,6.0,251.0,6.0,36.0,24.0,1.2601706233670178,248.0,254.0,60,12.0,-66.0,0.2
07:32:55,257.46,37.0,256.86,21.0,245.88,34.0,265.41,17.0,257.16,-0.5999999999999659,71.0,38.0,2.9377746680095247,257.46,256.86,109,33.0,49.0,0.3
07:32:56,252.67,15.0,264.0,6.0,244.93,30.0,266.0,12.0,258.33,11.330000000000013,45.0,18.0,3.827443010679507,252.67,264.0,63,27.0,-46.0,0.43
07:32:57,252.5,12.0,264.0,6.0,245.6,30.0,266.0,12.0,258.25,11.5,42.0,18.0,3.8365440177326655,252.5,264.0,60,24.0,-3.0,0.4
07:32:58,257.0,20.0,263.25,16.0,248.7,20.0,265.33,21.0,260.12,6.25,40.0,37.0,3.503122892506248,257.0,263.25,77,3.0,17.0,0.04
07:32:59,257.0,28.0,260.29,56.0,249.5,28.0,262.36,56.0,258.64,3.2900000000000205,56.0,112.0,1.0643072864555057,257.0,260.29,168,-56.0,91.0,-0.33
07:33:00,252.2,20.0,259.3,40.0,247.79,56.0,261.09,22.0,255.75,7.100000000000023,76.0,62.0,1.5732355195590089,252.2,259.3,138,14.0,-30.0,0.1
07:33:01,253.47,19.0,266.5,20.0,247.19,62.0,268.0,20.0,259.99,13.030000000000001,81.0,40.0,1.76611154800662,253.47000000000003,266.5,121,41.0,-17.0,0.34
07:33:02,254.67,21.0,267.0,28.0,247.86,70.0,269.0,28.0,260.83,12.330000000000013,91.0,56.0,2.0157951284797435,254.67,267.0,147,35.0,26.0,0.24
07:33:03,253.05,20.0,265.4,30.0,249.0,71.0,269.0,30.0,259.23,12.349999999999966,91.0,60.0,1.9372196571381757,253.05,265.4,151,31.0,4.0,0.21
07:33:04,257.44,18.0,264.54,39.0,252.18,88.0,268.05,38.0,260.99,7.100000000000023,106.0,77.0,2.136801347810046,257.44,264.54,183,29.0,32.0,0.16
07:33:05,253.78,110.0,342.65,49.0,251.1,80.0,463.77,75.0,298.22,88.86999999999998,190.0,124.0,16.99088638064561,253.78,342.65,314,66.0,131.0,0.21
07:33:06,252.0,120.0,275.27,45.0,249.85,52.0,350.41,68.0,263.63,23.269999999999982,172.0,113.0,16.644257267899008,252.0,275.27,285,59.0,-29.0,0.21
07:33:07,252.0,88.0,253.0,11.0,249.9,29.0,268.4,25.0,252.5,1.0,117.0,36.0,17.977425566526694,252.0,253.0,153,81.0,-132.0,0.53
07:33:08,252.0,104.0,261.22,23.0,251.0,13.0,394.28,36.0,256.61,9.220000000000027,117.0,59.0,18.292805963001065,252.0,261.22,176,58.0,23.0,0.33
07:33:09,252.0,104.0,262.0,51.0,251.0,13.0,264.0,26.0,257.0,10.0,117.0,77.0,18.670398228211596,252.0,262.0,194,40.0,18.0,0.21
07:33:10,254.12,68.0,262.0,30.0,251.92,52.0,264.0,20.0,258.06,7.8799999999999955,120.0,50.0,3.997330359127209,254.12,262.0,170,70.0,-24.0,0.41
07:33:11,256.0,60.0,261.0,30.0,250.58,83.0,264.0,20.0,258.5,5.0,143.0,50.0,2.3816968740793194,256.0,261.0,193,93.0,23.0,0.48
07:33:12,256.09,79.0,258.41,51.0,252.24,66.0,260.18,51.0,257.25,2.32000000000005,145.0,102.0,0.7773223269661235,256.09,258.41,247,43.0,54.0,0.17
07:33:13,256.0,59.0,257.0,33.0,249.0,52.0,260.71,35.0,256.5,1.0,111.0,68.0,0.8091476997433894,256.0,257.0,179,43.0,-68.0,0.24
07:33:14,250.26,46.0,264.66,47.0,248.65,23.0,266.93,28.0,257.46,14.400000000000034,69.0,75.0,0.7686221438392875,250.26,264.66,144,-6.0,-35.0,-0.04
07:33:23,255.47,53.0,263.38,32.0,248.97,29.0,265.0,40.0,259.42,7.909999999999997,82.0,72.0,1.2961944298614807,255.47,263.38,154,10.0,34.0,0.06
07:33:24,253.63,81.0,261.59,17.0,248.89,18.0,263.64,44.0,257.61,7.9599999999999795,99.0,61.0,2.124012711827107,253.63,261.59,160,38.0,6.0,0.24
07:33:25,250.0,144.0,255.41,27.0,248.0,18.0,255.2,20.0,252.7,5.409999999999997,162.0,47.0,3.8751812860822104,250.0,255.41,209,115.0,49.0,0.55
07:33:26,250.9,80.0,260.88,48.0,249.75,55.0,263.17,42.0,255.89,9.97999999999999,135.0,90.0,3.5205723966424816,250.9,260.88,225,45.0,16.0,0.2
07:33:27,254.27,78.0,263.0,72.0,250.78,72.0,266.0,24.0,258.63,8.72999999999999,150.0,96.0,2.669035406284547,254.27,263.0,246,54.0,21.0,0.22
07:33:28,255.0,63.0,263.0,76.0,252.45,44.0,266.0,22.0,259.0,8.0,107.0,98.0,2.5728058613118145,255.0,263.0,205,9.0,-41.0,0.04
07:33:29,256.1,98.0,259.98,82.0,250.26,68.0,261.12,80.0,258.04,3.8799999999999955,166.0,162.0,2.614913000464929,256.1,259.98,328,4.0,123.0,0.01
07:33:30,254.64,33.0,258.77,52.0,250.03,59.0,261.85,52.0,256.7,4.1299999999999955,92.0,104.0,1.316727002837366,254.63999999999996,258.77,196,-12.0,-132.0,-0.06
07:33:31,250.15,53.0,256.36,56.0,249.36,112.0,261.11,74.0,253.25,6.210000000000008,165.0,130.0,2.3352794265356436,250.15,256.36,295,35.0,99.0,0.12
07:33:32,253.14,112.0,254.8,35.0,249.91,22.0,261.36,77.0,253.97,1.660000000000025,134.0,112.0,2.507522681851532,253.14000000000001,254.8,246,22.0,-49.0,0.09
07:33:33,254.04,85.0,258.64,44.0,249.23,122.0,265.62,64.0,256.34,4.599999999999994,207.0,108.0,1.992021586228284,254.03999999999996,258.64,315,99.0,69.0,0.31
07:33:34,257.0,14.0,265.0,28.0,254.0,56.0,266.0,70.0,261.0,8.0,70.0,98.0,3.04020887440319,257.0,265.0,168,-28.0,-147.0,-0.17
07:33:35,257.0,10.0,265.0,20.0,254.0,40.0,266.0,50.0,261.0,8.0,50.0,70.0,3.7288161660238237,257.0,265.0,120,-20.0,-48.0,-0.17
07:33:36,257.97,29.0,265.0,16.0,255.91,11.0,266.0,40.0,261.48,7.029999999999973,40.0,56.0,3.3997823459748058,257.97,265.0,96,-16.0,-24.0,-0.17
07:33:37,258.5,48.0,265.0,24.0,257.0,12.0,266.0,60.0,261.75,6.5,60.0,84.0,2.2447449743797354,258.5,265.0,144,-24.0,48.0,-0.17
07:33:38,259.0,31.0,265.0,20.0,257.0,10.0,266.0,50.0,262.0,6.0,41.0,70.0,0.4467437744432206,259.0,265.0,111,-29.0,-33.0,-0.26
07:33:39,259.12,8.0,265.71,28.0,257.0,8.0,266.5,40.0,262.42,6.589999999999975,16.0,68.0,0.5349766350075209,259.12,265.71,84,-52.0,-27.0,-0.62
07:33:40,257.09,23.0,266.0,35.0,252.2,50.0,267.0,35.0,261.54,8.910000000000025,73.0,70.0,0.38395312214388555,257.09,266.0,143,3.0,59.0,0.02
07:33:41,258.09,11.0,266.0,55.0,257.0,19.0,267.0,55.0,262.05,7.910000000000025,30.0,110.0,0.3322198067607013,258.09,266.0,140,-80.0,-3.0,-0.57
07:33:54,256.75,81.0,262.06,34.0,253.75,32.0,268.15,33.0,259.41,5.310000000000002,113.0,67.0,1.9776425359515202,256.75,262.06,180,46.0,44.0,0.26
07:33:55,255.12,51.0,260.09,22.0,254.39,46.0,267.14,28.0,257.6,4.96999999999997,97.0,50.0,2.623922636055394,255.12,260.09,147,47.0,-33.0,0.32
07:33:56,255.0,70.0,259.21,28.0,254.0,14.0,270.0,28.0,257.11,4.2099999999999795,84.0,56.0,2.6483919649483583,255.0,259.21,140,28.0,-7.0,0.2
07:33:57,255.0,60.0,258.0,24.0,253.15,27.0,287.54,26.0,256.5,3.0,87.0,50.0,2.3478351730907816,255.0,258.0,137,37.0,-3.0,0.27
07:33:58,253.48,42.0,257.8,20.0,252.5,16.0,306.53,45.0,255.64,4.320000000000022,58.0,65.0,1.4108756146454875,253.48,257.8,123,-7.0,-14.0,-0.06
07:33:59,253.0,44.0,256.22,23.0,252.0,11.0,269.33,51.0,254.61,3.2200000000000273,55.0,74.0,1.1913731573275188,253.0,256.22,129,-19.0,6.0,-0.15
07:34:00,253.0,32.0,254.0,30.0,252.0,10.0,260.57,28.0,253.5,1.0,42.0,58.0,1.4491273235985462,253.0,254.0,100,-16.0,-29.0,-0.16
07:34:01,253.0,14.0,254.0,21.0,252.0,7.0,264.0,43.0,253.5,1.0,21.0,64.0,1.3228000604775114,253.0,254.0,85,-43.0,-15.0,-0.51
07:34:02,252.89,18.0,258.29,42.0,251.44,18.0,264.23,78.0,255.59,5.400000000000034,36.0,120.0,1.0579083136071725,252.89,258.29,156,-84.0,71.0,-0.54
07:34:03,258.0,46.0,264.0,72.0,253.65,23.0,267.0,24.0,261.0,6.0,69.0,96.0,3.1205848810759917,258.0,264.0,165,-27.0,9.0,-0.16
07:34:21,257.16,38.0,265.88,51.0,252.88,68.0,267.41,44.0,261.52,8.71999999999997,106.0,95.0,1.5797404850184635,257.16,265.88,201,11.0,111.0,0.05
07:34:22,256.06,36.0,262.09,44.0,252.11,70.0,263.28,46.0,259.07,6.029999999999973,106.0,90.0,2.270913912944744,256.06,262.09,196,16.0,-5.0,0.08
07:34:23,258.18,34.0,260.82,34.0,257.18,34.0,262.0,51.0,259.5,2.6399999999999864,68.0,85.0,2.250371080512051,258.18,260.82,153,-17.0,-43.0,-0.11
07:34:26,256.18,56.0,264.09,46.0,252.44,73.0,265.12,48.0,260.13,7.909999999999968,129.0,94.0,1.4738554881683295,256.18,264.09,223,35.0,19.0,0.16
07:34:27,251.0,338.0,263.04,69.0,246.0,39.0,265.03,31.0,257.02,12.04000000000002,377.0,100.0,2.1041031343552405,251.0,263.04,477,277.0,173.5,0.58
07:34:28,251.46,108.0,262.11,57.0,250.79,193.0,263.06,54.0,256.78,10.650000000000006,301.0,111.0,2.5770778024737684,251.46,262.11,412,190.0,-65.0,0.46
07:34:29,256.61,46.0,260.74,61.0,254.22,46.0,262.36,66.0,258.67,4.1299999999999955,92.0,127.0,2.497072285698316,256.61,260.74,219,-35.0,-174.5,-0.16
07:34:30,258.0,32.0,263.41,46.0,254.64,33.0,264.53,34.0,260.71,5.410000000000025,65.0,80.0,1.7739419381710821,258.0,263.41,145,-15.0,-74.0,-0.1
07:34:31,258.0,30.0,265.0,45.0,250.0,171.0,267.0,15.0,261.5,7.0,201.0,60.0,2.1278698268461955,258.0,265.0,261,141.0,116.0,0.54
07:34:32,258.62,16.0,265.0,24.0,250.0,48.0,267.0,8.0,261.81,6.3799999999999955,64.0,32.0,2.1278698268464162,258.62,265.0,96,32.0,-165.0,0.33
07:34:51,257.23,13.0,266.0,35.0,253.82,17.0,270.0,7.0,261.62,8.769999999999982,30.0,42.0,1.9328657480558369,257.23,266.0,72,-12.0,-102.0,-0.17
07:34:52,256.61,33.0,266.0,75.0,254.33,45.0,270.0,15.0,261.3,9.389999999999986,78.0,90.0,2.308241755104251,256.61,266.0,168,-12.0,96.0,-0.07
07:34:53,253.82,22.0,266.0,45.0,250.58,31.0,270.0,9.0,259.91,12.180000000000007,53.0,54.0,2.0965638554562327,253.82,266.0,107,-1.0,-61.0,-0.01
07:34:54,254.59,102.0,266.0,65.0,252.81,77.0,270.0,13.0,260.29,11.409999999999997,179.0,78.0,1.3127566415770393,254.59,266.0,257,101.0,150.0,0.39
07:34:55,258.75,144.0,266.0,60.0,257.0,36.0,270.0,12.0,262.38,7.25,180.0,72.0,1.0026215637041134,258.75,266.0,252,108.0,-5.0,0.43
07:34:58,256.0,34.0,263.85,41.0,253.34,29.0,267.05,59.0,259.93,7.850000000000023,63.0,100.0,1.157441143214085,256.0,263.85,163,-37.0,-54.0,-0.23
07:34:59,256.59,51.0,263.0,13.0,253.75,36.0,264.0,65.0,259.79,6.410000000000025,87.0,78.0,1.287116933306615,256.59,263.0,165,9.0,2.0,0.05
07:35:00,258.78,108.0,261.95,86.0,256.0,48.0,263.23,22.0,260.37,3.170000000000016,156.0,108.0,1.1563217545321345,258.78,261.95,264,48.0,99.0,0.18
07:35:01,259.0,25.0,266.81,47.0,256.0,45.0,268.26,43.0,262.9,7.810000000000002,70.0,90.0,1.3691712822011572,259.0,266.81,160,-20.0,-104.0,-0.12
07:35:13,258.55,58.0,267.43,28.0,257.36,66.0,268.43,35.0,262.99,8.879999999999995,124.0,63.0,1.4675591981274347,258.55,267.43,187,61.0,-50.0,0.33
07:35:14,258.0,72.0,265.8,40.0,257.0,72.0,267.4,40.0,261.9,7.800000000000011,144.0,80.0,1.9346136565236627,258.0,265.8,224,64.0,37.0,0.29
07:35:15,258.0,66.0,264.0,22.0,257.0,66.0,265.0,44.0,261.0,6.0,132.0,66.0,2.0685091249513587,258.0,264.0,198,66.0,-26.0,0.33
07:35:16,258.0,66.0,264.0,22.0,257.0,66.0,265.0,44.0,261.0,6.0,132.0,66.0,1.5899591189732782,258.0,264.0,198,66.0,0.0,0.33
07:35:17,258.0,96.0,261.1,42.0,257.0,96.0,261.96,54.0,259.55,3.1000000000000227,192.0,96.0,1.2706179598941365,258.0,261.1,288,96.0,90.0,0.33
07:35:18,258.0,84.0,260.0,28.0,257.0,84.0,261.0,56.0,259.0,2.0,168.0,84.0,1.1844830095889904,258.0,260.0,252,84.0,-36.0,0.33
07:35:19,257.84,50.0,259.0,10.0,256.96,50.0,262.27,30.0,258.42,1.160000000000025,100.0,40.0,1.1711874316284743,257.84,259.0,140,60.0,-112.0,0.43
07:35:20,257.0,18.0,262.5,14.0,254.2,10.0,267.82,34.0,259.75,5.5,28.0,48.0,0.9645879949513732,257.0,262.5,76,-20.0,-64.0,-0.26
07:35:21,257.0,13.0,268.7,23.0,253.23,13.0,269.76,42.0,262.85,11.699999999999989,26.0,65.0,1.7209677510065746,257.0,268.7,91,-39.0,15.0,-0.43
07:35:22,257.0,7.0,268.0,7.0,256.0,7.0,269.0,14.0,262.5,11.0,14.0,21.0,2.0409140109286903,257.0,268.0,35,-7.0,-56.0,-0.2
07:35:23,258.47,19.0,267.57,14.0,256.73,11.0,268.84,19.0,263.02,9.099999999999966,30.0,33.0,2.0914994621097978,258.47,267.57,63,-3.0,28.0,-0.05
07:35:25,258.88,24.0,265.0,32.0,254.47,30.0,266.0,16.0,261.94,6.1200000000000045,54.0,48.0,0.4238513890581557,258.88,265.0,102,6.0,12.0,0.06
07:35:26,255.85,33.0,263.7,10.0,252.14,14.0,265.06,17.0,259.77,7.849999999999994,47.0,27.0,1.312528094939736,255.84999999999997,263.7,74,20.0,-28.0,0.27
07:35:27,257.92,97.0,262.2,15.0,254.71,14.0,265.81,31.0,260.06,4.279999999999973,111.0,46.0,1.5193189263633229,257.92,262.2,157,65.0,83.0,0.41
07:35:28,259.0,84.0,267.82,68.0,252.97,37.0,271.03,62.0,263.41,8.819999999999993,121.0,130.0,1.6223532291106981,259.0,267.82,251,-9.0,94.0,-0.04
07:35:29,259.32,38.0,268.0,56.0,253.03,36.0,272.0,32.0,263.66,8.680000000000007,74.0,88.0,1.817600066022794,259.32,268.0,162,-14.0,-89.0,-0.09
07:35:49,253.57,56.0,268.0,50.0,250.92,38.0,269.0,30.0,260.79,14.430000000000007,94.0,80.0,0.9859361034091827,253.57,268.0,174,14.0,-110.0,0.08
07:35:50,252.4,75.0,267.43,47.0,251.19,64.0,268.41,51.0,259.91,15.030000000000001,139.0,98.0,0.7531799253864689,252.4,267.43,237,41.0,63.0,0.17
07:35:51,256.55,53.0,265.85,39.0,253.71,63.0,266.95,43.0,261.2,9.300000000000011,116.0,82.0,0.4924124287678359,256.55,265.85,198,34.0,-39.0,0.17
07:35:52,257.51,71.0,264.29,31.0,256.59,51.0,265.27,41.0,260.9,6.78000000000003,122.0,72.0,0.4801770506854951,257.51,264.29,194,50.0,-4.0,0.26
07:35:53,258.22,92.0,262.79,43.0,257.29,84.0,263.69,49.0,260.5,4.569999999999993,176.0,92.0,0.488415806465139,258.22,262.79,268,84.0,74.0,0.31
07:35:54,258.65,68.0,260.3,33.0,257.81,104.0,262.74,38.0,259.48,1.650000000000034,172.0,71.0,0.7047127074239589,258.65,260.3,243,101.0,-25.0,0.42
07:35:56,258.29,79.0,263.82,44.0,257.04,74.0,267.31,105.0,261.05,5.529999999999973,153.0,149.0,0.6256037084327806,258.29,263.82,302,4.0,77.0,0.01
07:36:03,257.69,52.0,265.46,39.0,257.37,41.0,266.59,51.0,261.58,7.769999999999982,93.0,90.0,1.2957739000331134,257.69,265.46,183,3.0,27.0,0.02
07:36:04,258.0,140.0,265.0,38.0,257.0,56.0,266.6,67.0,261.5,7.0,196.0,105.0,1.5848091367753865,258.0,265.0,301,91.0,118.0,0.3
07:36:57,259.03,31.0,270.4,50.0,255.82,34.0,272.18,68.0,264.72,11.370000000000005,65.0,118.0,1.8152685751719775,259.03,270.4,183,-53.0,106.0,-0.29
07:36:58,257.0,12.0,270.0,48.0,255.0,24.0,271.53,68.0,263.5,13.0,36.0,116.0,0.6509070594231973,257.0,270.0,152,-80.0,-31.0,-0.53
07:36:59,255.0,12.0,269.71,51.0,252.38,64.0,271.61,61.0,262.35,14.70999999999998,76.0,112.0,1.1646802136238452,255.0,269.71,188,-36.0,36.0,-0.19
07:37:00,254.0,12.0,268.07,68.0,252.0,84.0,270.29,56.0,261.04,14.069999999999993,96.0,124.0,1.6548474249932656,254.0,268.07,220,-28.0,32.0,-0.13
07:37:01,254.0,10.0,267.92,100.0,252.56,45.0,269.89,70.0,260.96,13.920000000000016,55.0,170.0,1.6165642579269441,254.0,267.92,225,-115.0,5.0,-0.51
07:37:02,254.0,12.0,266.12,50.0,253.0,60.0,267.85,110.0,260.06,12.120000000000005,72.0,160.0,1.3477462669237257,254.0,266.12,232,-88.0,7.0,-0.38
07:37:03,254.13,15.0,262.36,70.0,253.01,71.0,263.75,65.0,258.25,8.230000000000018,86.0,135.0,1.514651775163778,254.13,262.36,221,-49.0,-11.0,-0.22
07:37:04,255.41,17.0,258.75,76.0,252.51,76.0,261.36,66.0,257.08,3.3400000000000034,93.0,142.0,1.748805306489766,255.41000000000003,258.75,235,-49.0,14.0,-0.21
07:37:05,258.51,35.0,262.77,66.0,253.8,61.0,266.85,75.0,260.64,4.259999999999991,96.0,141.0,1.6667093327892395,258.51,262.77,237,-45.0,2.0,-0.19
07:37:06,255.08,52.0,264.42,72.0,250.47,51.0,265.55,69.0,259.75,9.340000000000003,103.0,141.0,1.4579883401477352,255.07999999999998,264.42,244,-38.0,7.0,-0.16
07:37:07,252.0,32.0,260.31,16.0,250.0,16.0,262.69,64.0,256.16,8.310000000000002,48.0,80.0,1.8452452411553988,252.0,260.31,128,-32.0,-116.0,-0.25
07:37:08,252.0,18.0,263.53,17.0,250.0,9.0,264.64,33.0,257.76,11.529999999999973,27.0,50.0,1.8664993972692947,252.0,263.53,77,-23.0,-51.0,-0.3
07:37:09,252.0,28.0,259.75,32.0,250.25,16.0,260.67,24.0,255.88,7.75,44.0,56.0,2.119108303038486,252.0,259.75,100,-12.0,23.0,-0.12
07:37:10,252.22,18.0,257.83,18.0,251.12,16.0,258.36,14.0,255.03,5.609999999999985,34.0,32.0,1.867198436162253,252.22,257.83,66,2.0,-34.0,0.03
07:37:11,253.0,56.0,255.96,28.0,252.0,28.0,256.89,28.0,254.48,2.960000000000008,84.0,56.0,1.2543603947857065,253.0,255.96,140,28.0,74.0,0.2
07:37:12,253.1,40.0,261.46,41.0,251.29,28.0,263.43,42.0,257.28,8.359999999999985,68.0,83.0,1.4110917758979726,253.1,261.46,151,-15.0,11.0,-0.1
07:37:13,251.2,60.0,256.78,69.0,249.94,52.0,260.7,37.0,253.99,5.579999999999984,112.0,106.0,1.295480605801187,251.2,256.78,218,6.0,67.0,0.03
07:37:14,251.0,44.0,252.0,23.0,250.0,22.0,254.0,11.0,251.5,1.0,66.0,34.0,2.077265028831686,251.0,252.0,100,32.0,-118.0,0.32
07:37:15,251.0,48.0,252.83,12.0,250.0,24.0,256.35,17.0,251.92,1.8300000000000125,72.0,29.0,2.314493465103581,251.0,252.83,101,43.0,1.0,0.43
07:37:16,251.0,24.0,280.0,18.0,250.0,12.0,373.19,16.0,265.5,29.0,36.0,34.0,5.762327654690166,251.0,280.0,70,2.0,-31.0,0.03
07:37:17,252.17,48.0,398.29,34.0,250.86,42.0,583.59,44.0,325.23,146.12000000000003,90.0,78.0,31.60445965366291,252.17,398.29,168,12.0,98.0,0.07
07:37:18,252.57,56.0,360.0,52.0,250.88,50.0,421.93,58.0,306.29,107.43,106.0,110.0,33.71892895689314,252.57,360.0,216,-4.0,48.0,-0.02
07:37:19,251.0,36.0,253.0,9.0,249.0,16.0,392.0,27.0,252.0,2.0,52.0,36.0,33.61352659272761,251.0,253.0,88,16.0,-128.0,0.18
07:37:20,251.0,35.0,252.06,17.0,250.0,9.0,342.23,13.0,251.53,1.0600000000000023,44.0,30.0,33.69587289268533,251.0,252.06000000000003,74,14.0,-14.0,0.19
07:37:21,252.7,37.0,345.61,28.0,251.42,19.0,511.39,46.0,299.15,92.91000000000003,56.0,74.0,33.40753058817735,252.7,345.61,130,-18.0,56.0,-0.14
07:37:41,257.55,62.0,261.93,43.0,256.48,117.0,268.42,43.0,259.74,4.3799999999999955,179.0,86.0,3.1817416614187124,257.55,261.93,265,93.0,173.5,0.35
07:37:42,257.37,82.0,261.37,27.0,256.49,126.0,263.55,67.0,259.37,4.0,208.0,94.0,3.785838084230177,257.37,261.37,302,114.0,37.0,0.38
07:37:43,258.0,45.0,266.64,56.0,257.0,60.0,266.28,50.0,262.32,8.639999999999986,105.0,106.0,2.5620928944922645,258.0,266.64,211,-1.0,-91.0,-0.0
07:37:44,258.0,27.0,270.0,36.0,257.0,36.0,271.0,18.0,264.0,12.0,63.0,54.0,1.9607906568544742,258.0,270.0,117,9.0,-94.0,0.08
07:38:05,257.18,67.0,270.0,55.0,255.8,45.0,277.0,22.0,263.59,12.819999999999993,112.0,77.0,2.252782723656877,257.18,270.0,189,35.0,41.0,0.19
07:38:06,257.07,75.0,270.0,55.0,255.38,37.0,277.0,22.0,263.53,12.930000000000007,112.0,77.0,2.4710018211258538,257.07,270.0,189,35.0,0.0,0.19
07:38:25,257.52,29.0,261.0,30.0,256.8,25.0,268.51,37.0,259.26,3.480000000000018,54.0,67.0,1.923455224331323,257.52,261.0,121,-13.0,30.0,-0.11
07:38:26,257.88,34.0,259.27,41.0,256.98,49.0,263.88,26.0,258.58,1.3899999999999864,83.0,67.0,0.8981759293186122,257.88,259.27,150,16.0,29.0,0.11
07:38:27,257.87,93.0,263.25,24.0,256.92,39.0,268.67,18.0,260.56,5.3799999999999955,132.0,42.0,0.9090654541931265,257.87,263.25,174,90.0,24.0,0.52
07:38:28,258.0,93.0,261.73,33.0,257.0,44.0,264.63,19.0,259.86,3.730000000000018,137.0,52.0,0.8425675047183663,258.0,261.73,189,85.0,15.0,0.45
07:38:29,258.36,50.0,260.25,60.0,257.0,56.0,262.43,42.0,259.31,1.8899999999999864,106.0,102.0,0.7403242532885883,258.36,260.25,208,4.0,19.0,0.02
07:38:30,256.97,31.0,259.0,90.0,253.62,24.0,264.56,54.0,257.98,2.0299999999999727,55.0,144.0,1.018979882042451,256.97,259.0,199,-89.0,-9.0,-0.45
07:38:31,252.25,20.0,257.73,96.0,250.08,65.0,266.2,55.0,254.99,5.480000000000018,85.0,151.0,2.1983971433767513,252.25,257.73,236,-66.0,37.0,-0.28
07:38:32,251.32,19.0,257.0,24.0,249.18,68.0,264.58,33.0,254.16,5.680000000000007,87.0,57.0,2.561435144602865,251.32,257.0,144,30.0,-92.0,0.21
07:38:33,248.15,78.0,256.42,24.0,247.4,50.0,263.0,36.0,252.29,8.27000000000001,128.0,60.0,2.8602325080325572,248.15,256.42,188,68.0,44.0,0.36
07:38:34,248.0,96.0,254.47,15.0,246.0,48.0,259.6,20.0,251.23,6.469999999999999,144.0,35.0,2.615272452347121,248.0,254.47,179,109.0,-9.0,0.61
07:38:35,248.0,96.0,251.92,12.0,246.05,42.0,253.0,12.0,249.96,3.9199999999999875,138.0,24.0,2.0652433270695205,248.0,251.92,162,114.0,-17.0,0.7
07:38:36,248.0,56.0,260.68,22.0,246.0,28.0,267.06,17.0,254.34,12.680000000000007,84.0,39.0,1.8838603982262396,248.0,260.68,123,45.0,-39.0,0.37
07:38:37,248.16,76.0,260.12,40.0,246.62,64.0,261.94,35.0,254.14,11.960000000000008,140.0,75.0,1.8791939761517729,248.16,260.12,215,65.0,92.0,0.3
07:38:38,249.0,21.0,258.69,29.0,247.0,56.0,259.42,19.0,253.84,9.689999999999998,77.0,48.0,1.983133883530107,249.0,258.69,125,29.0,-90.0,0.23
07:38:39,249.75,12.0,257.64,14.0,247.0,32.0,258.83,18.0,253.7,7.889999999999986,44.0,32.0,1.8262201400722031,249.75,257.64,76,12.0,-49.0,0.16
07:38:40,250.0,36.0,256.33,60.0,246.05,83.0,258.0,36.0,253.17,6.329999999999984,119.0,96.0,0.44957757951830996,250.0,256.33,215,23.0,139.0,0.11
07:38:41,251.47,85.0,254.96,85.0,247.05,77.0,259.0,52.0,253.22,3.490000000000009,162.0,137.0,0.41458412898406855,251.47,254.96000000000004,299,25.0,84.0,0.08
07:38:42,252.67,49.0,261.93,42.0,251.83,72.0,264.57,14.0,257.3,9.26000000000002,121.0,56.0,1.7320739014273219,252.67,261.93,177,65.0,-122.0,0.37
07:38:43,255.06,36.0,260.0,18.0,254.0,28.0,262.1,20.0,257.53,4.939999999999998,64.0,38.0,2.230298186343219,255.06,260.0,102,26.0,-75.0,0.25
07:38:44,255.71,70.0,258.18,34.0,249.31,52.0,260.0,27.0,256.95,2.469999999999999,122.0,61.0,2.2361194064731977,255.71,258.18,183,61.0,81.0,0.33
07:38:45,246.29,112.0,256.0,14.0,245.52,46.0,259.0,28.0,251.14,9.710000000000008,158.0,42.0,2.885371726486194,246.29,256.0,200,116.0,17.0,0.58
07:38:46,250.82,101.0,254.1,20.0,249.4,111.0,258.08,52.0,252.46,3.280000000000001,212.0,72.0,3.0337979497662446,250.82,254.1,284,140.0,84.0,0.49
07:38:47,254.21,87.0,258.27,45.0,252.71,116.0,259.45,40.0,256.24,4.059999999999974,203.0,85.0,2.8722691378082597,254.21,258.27,288,118.0,4.0,0.41
07:38:48,257.75,60.0,259.44,32.0,256.88,51.0,260.15,40.0,258.59,1.6899999999999977,111.0,72.0,3.144460208049369,257.75,259.44,183,39.0,-105.0,0.21
07:38:49,257.67,75.0,260.0,41.0,256.0,90.0,262.0,15.0,258.83,2.329999999999984,165.0,56.0,3.5151201970922696,257.67,260.0,221,109.0,38.0,0.49
07:39:00,257.0,45.0,260.0,50.0,250.0,75.0,264.4,20.0,258.5,3.0,120.0,70.0,42.97844436458846,257.0,260.0,190,50.0,26.0,0.26
07:39:01,256.0,78.0,279.45,49.0,246.0,117.0,324.09,22.0,267.72,23.44999999999999,195.0,71.0,44.07179233931864,256.0,279.45,266,124.0,76.0,0.47
07:39:02,256.0,68.0,324.08,24.0,246.0,117.0,395.0,20.0,290.04,68.07999999999998,185.0,44.0,31.41558339423327,256.0,324.08,229,141.0,-37.0,0.62
07:39:03,256.57,23.0,289.08,36.0,254.6,77.0,365.0,21.0,272.82,32.50999999999999,100.0,57.0,11.598770624511198,256.57,289.08,157,43.0,-72.0,0.27
07:39:04,256.16,38.0,257.93,45.0,254.41,64.0,345.9,41.0,257.05,1.7699999999999818,102.0,86.0,13.338942236925078,256.16,257.93,188,16.0,31.0,0.09
07:39:05,256.0,48.0,258.48,21.0,253.0,58.0,394.0,24.0,257.24,2.480000000000018,106.0,45.0,13.601554322945004,256.0,258.48,151,61.0,-37.0,0.4
07:39:06,256.0,56.0,260.0,14.0,253.0,84.0,375.2,49.0,258.0,4.0,140.0,63.0,14.491114518905164,256.0,260.0,203,77.0,52.0,0.38
07:39:07,256.0,8.0,260.0,2.0,253.0,12.0,369.0,10.0,258.0,4.0,20.0,12.0,6.832607115883674,256.0,260.0,32,8.0,-171.0,0.25
07:39:08,257.53,68.0,260.0,10.0,254.83,46.0,361.63,38.0,258.76,2.4700000000000273,114.0,48.0,0.685054742355877,257.53,260.0,162,66.0,130.0,0.41
07:39:09,257.44,126.0,413.33,30.0,255.57,42.0,423.57,35.0,335.39,155.89,168.0,65.0,34.61403212571491,257.44,413.33,233,103.0,71.0,0.44
07:39:10,257.0,147.0,384.45,20.0,256.0,28.0,383.55,29.0,320.73,127.44999999999999,175.0,49.0,38.58564409207165,257.0,384.45,224,126.0,-9.0,0.56
07:39:11,258.44,45.0,332.7,27.0,257.0,189.0,348.56,27.0,295.57,74.25999999999999,234.0,54.0,35.24012982382475,258.44,332.7,288,180.0,64.0,0.62
07:39:29,259.0,16.0,264.0,50.0,257.84,38.0,267.0,20.0,261.5,5.0,54.0,70.0,47.39145893512905,259.0,264.0,124,-16.0,49.0,-0.13
07:39:33,258.06,33.0,265.62,29.0,257.14,28.0,269.93,27.0,261.84,7.560000000000002,61.0,56.0,0.40610343513589653,258.06,265.62,117,5.0,-21.0,0.04
07:39:34,258.0,44.0,264.18,44.0,257.0,33.0,266.27,11.0,261.09,6.180000000000007,77.0,55.0,0.48479892742166386,258.0,264.18,132,22.0,15.0,0.17
07:39:39,258.0,26.0,266.08,65.0,256.0,39.0,267.19,53.0,262.04,8.079999999999984,65.0,118.0,0.5792408825601771,258.0,266.08,183,-53.0,96.0,-0.29
07:39:40,258.0,20.0,263.2,50.0,256.0,30.0,265.0,50.0,260.6,5.199999999999989,50.0,100.0,0.8773140828854378,258.0,263.2,150,-50.0,-33.0,-0.33
07:39:41,258.54,26.0,262.0,35.0,256.2,20.0,264.37,27.0,260.27,3.4599999999999795,46.0,62.0,1.1025969345273876,258.54,262.0,108,-16.0,-42.0,-0.15
07:39:43,258.12,25.0,268.04,46.0,256.11,38.0,269.48,21.0,263.08,9.920000000000016,63.0,67.0,1.1379059715236521,258.12,268.04,130,-4.0,-89.0,-0.03
07:39:44,259.24,51.0,267.27,60.0,258.68,88.0,269.0,15.0,263.25,8.029999999999973,139.0,75.0,1.3713023007452245,259.24,267.27,214,64.0,84.0,0.3
07:39:45,259.0,120.0,265.68,76.0,258.0,40.0,266.18,40.0,262.34,6.680000000000007,160.0,116.0,1.201553161549294,259.0,265.68,276,44.0,62.0,0.16
07:39:46,259.33,27.0,265.0,48.0,258.5,36.0,268.0,12.0,262.17,5.670000000000016,63.0,60.0,0.6192979896859075,259.33,265.0,123,3.0,-153.0,0.02
07:39:53,257.5,10.0,263.37,46.0,250.53,90.0,264.93,28.0,260.43,5.8700000000000045,100.0,74.0,1.572504372022172,257.5,263.37,174,26.0,104.0,0.15
07:39:54,256.56,18.0,260.22,90.0,251.73,89.0,261.22,90.0,258.39,3.660000000000025,107.0,180.0,2.5401043285717964,256.56,260.22,287,-73.0,113.0,-0.25
07:39:55,258.0,15.0,259.27,75.0,256.0,15.0,262.78,69.0,258.63,1.2699999999999818,30.0,144.0,2.459085195764791,258.0,259.27,174,-114.0,-113.0,-0.66
07:39:56,257.29,14.0,261.69,49.0,255.2,41.0,268.54,56.0,259.49,4.399999999999977,55.0,105.0,1.8650254690030033,257.29,261.69,160,-50.0,-14.0,-0.31
07:39:57,257.0,14.0,265.9,30.0,256.0,14.0,268.96,46.0,261.45,8.899999999999977,28.0,76.0,1.274566593015054,257.0,265.9,104,-48.0,-56.0,-0.46
07:39:58,257.0,12.0,263.0,18.0,256.0,12.0,266.2,45.0,260.0,6.0,24.0,63.0,1.224671384506894,257.0,263.0,87,-39.0,-17.0,-0.45
07:39:59,256.78,9.0,261.0,9.0,253.41,29.0,265.0,34.0,258.89,4.220000000000027,38.0,43.0,1.1177298421488002,256.78,261.0,81,-5.0,-6.0,-0.06
07:40:00,256.0,16.0,260.0,24.0,252.38,80.0,263.0,16.0,258.0,4.0,96.0,40.0,1.2896627466241197,256.0,260.0,136,56.0,55.0,0.41
07:40:01,256.0,12.0,258.25,24.0,252.0,60.0,261.0,12.0,257.12,2.25,72.0,36.0,1.6960748804313963,256.0,258.25,108,36.0,-28.0,0.33
07:40:02,252.73,60.0,258.75,24.0,247.62,148.0,265.0,45.0,255.74,6.02000000000001,208.0,69.0,1.6326052799226003,252.73,258.75,277,139.0,169.0,0.5
07:40:03,256.12,57.0,259.09,47.0,253.14,63.0,262.76,17.0,257.6,2.9699999999999704,120.0,64.0,1.1650751048887287,256.12,259.09,184,56.0,-93.0,0.3
07:40:04,256.0,78.0,257.53,68.0,252.0,85.0,265.85,39.0,256.76,1.5299999999999727,163.0,107.0,0.8674560507782398,256.0,257.53,270,56.0,86.0,0.21
07:40:05,254.33,48.0,260.64,44.0,251.07,43.0,267.12,32.0,257.48,6.309999999999974,91.0,76.0,0.7469939759006455,254.33,260.64,167,15.0,-103.0,0.09
07:40:06,247.85,59.0,267.0,44.0,245.23,86.0,268.0,11.0,257.42,19.150000000000006,145.0,55.0,0.7765307463531734,247.85,267.0,200,90.0,33.0,0.45
07:40:07,247.0,45.0,267.04,27.0,246.0,54.0,268.38,13.0,257.02,20.04000000000002,99.0,40.0,0.35253368637854415,247.0,267.04,139,59.0,-61.0,0.42
07:40:08,258.69,65.0,267.0,27.0,246.4,50.0,268.0,9.0,262.85,8.310000000000002,115.0,36.0,2.557299356749427,258.69,267.0,151,79.0,12.0,0.52
07:40:11,247.0,25.0,267.0,15.0,246.0,80.0,268.0,5.0,257.0,20.0,105.0,20.0,4.403580361481889,247.0,267.0,125,85.0,-41.0,0.68
07:40:12,247.0,90.0,263.0,38.0,246.0,288.0,265.81,42.0,255.0,16.0,378.0,80.0,4.985541094006664,247.0,263.0,458,298.0,173.5,0.65
07:40:13,248.87,45.0,263.14,37.0,246.33,102.0,266.03,31.0,256.0,14.269999999999982,147.0,68.0,5.352618051012977,248.87,263.14,215,79.0,-174.5,0.37
07:40:14,250.29,42.0,264.0,40.0,247.37,49.0,267.0,24.0,257.14,13.710000000000008,91.0,64.0,3.8782831253057144,250.29000000000002,264.0,155,27.0,-60.0,0.17
07:40:15,249.5,120.0,264.0,65.0,247.23,97.0,267.0,39.0,256.75,14.5,217.0,104.0,0.8870851143108903,249.5,264.0,321,113.0,166.0,0.35
07:40:16,258.75,64.0,264.0,50.0,256.79,67.0,267.0,30.0,261.38,5.25,131.0,80.0,2.446626248537242,258.75,264.0,211,51.0,-110.0,0.24
07:40:17,259.0,30.0,264.0,25.0,257.0,5.0,267.0,15.0,261.5,5.0,35.0,40.0,2.6665483307134283,259.0,264.0,75,-5.0,-136.0,-0.07
07:40:23,258.57,23.0,261.0,28.0,252.62,24.0,263.0,28.0,259.78,2.430000000000007,47.0,56.0,1.3381255546578925,258.57,261.0,103,-9.0,-60.0,-0.09
07:40:24,253.67,18.0,260.33,36.0,248.31,78.0,262.22,36.0,257.0,6.659999999999997,96.0,72.0,2.4773009506373973,253.66999999999996,260.33,168,24.0,65.0,0.14
07:40:25,252.0,12.0,257.5,24.0,248.0,72.0,258.83,24.0,254.75,5.5,84.0,48.0,3.231026152792581,252.0,257.5,132,36.0,-36.0,0.27
07:40:26,249.52,29.0,254.0,28.0,247.83,69.0,258.29,31.0,251.76,4.47999999999999,98.0,59.0,3.8081780420603533,249.52,254.0,157,39.0,25.0,0.25
07:40:27,248.0,84.0,252.0,14.0,244.0,14.0,261.92,78.0,250.0,4.0,98.0,92.0,3.931401785627034,248.0,252.0,190,6.0,33.0,0.03
07:40:28,248.0,38.0,250.54,13.0,244.0,13.0,258.68,41.0,249.27,2.539999999999992,51.0,54.0,3.2606487084677354,248.0,250.54,105,-3.0,-85.0,-0.03
07:40:29,248.0,13.0,250.0,13.0,244.0,13.0,251.0,13.0,249.0,2.0,26.0,26.0,2.3781988983331335,248.0,250.0,52,0.0,-53.0,0.0
07:40:30,248.0,12.0,256.34,38.0,244.0,12.0,258.31,26.0,252.17,8.339999999999975,24.0,64.0,1.4466685867997306,248.0,256.34,88,-40.0,36.0,-0.45
07:40:31,248.0,9.0,258.14,43.0,244.0,9.0,260.57,35.0,253.07,10.139999999999986,18.0,78.0,1.8167746145389179,248.0,258.14,96,-60.0,8.0,-0.62
07:40:32,249.29,17.0,257.62,40.0,246.8,10.0,258.45,40.0,253.46,8.330000000000013,27.0,80.0,2.1167262458884,249.29000000000002,257.62,107,-53.0,11.0,-0.5
07:40:33,253.25,32.0,257.0,39.0,251.93,91.0,258.0,65.0,255.12,3.75,123.0,104.0,2.2610462180221793,253.25,257.0,227,19.0,120.0,0.08
07:40:34,254.89,38.0,258.62,101.0,251.46,103.0,260.14,92.0,256.76,3.730000000000018,141.0,193.0,1.8241518577223474,254.89,258.62,334,-52.0,107.0,-0.16
07:40:35,257.76,68.0,260.0,129.0,256.67,61.0,264.0,32.0,258.88,2.240000000000009,129.0,161.0,2.4090496051412935,257.76,260.0,290,-32.0,-44.0,-0.11
07:40:42,258.83,23.0,260.08,60.0,256.17,42.0,266.96,45.0,259.45,1.25,65.0,105.0,1.0871660406900734,258.83,260.08,170,-40.0,130.0,-0.24
07:40:43,257.0,19.0,264.9,42.0,256.0,133.0,265.47,38.0,260.95,7.899999999999977,152.0,80.0,0.8409340045626541,257.0,264.9,232,72.0,62.0,0.31
07:40:44,257.0,10.0,261.62,26.0,256.0,70.0,262.14,14.0,259.31,4.6200000000000045,80.0,40.0,0.9787594188715837,257.0,261.62,120,40.0,-112.0,0.33
07:40:45,257.5,14.0,260.0,13.0,256.06,67.0,261.0,39.0,258.75,2.5,81.0,52.0,0.9913223492032907,257.5,260.0,133,29.0,13.0,0.22
07:40:46,257.92,26.0,259.28,25.0,256.19,43.0,261.74,19.0,258.6,1.3599999999999568,69.0,44.0,0.9320515007390838,257.92,259.28,113,25.0,-20.0,0.22
07:40:47,257.3,10.0,259.0,20.0,256.04,51.0,269.91,23.0,258.15,1.6999999999999886,61.0,43.0,1.087207431923648,257.3,259.0,104,18.0,-9.0,0.17
07:40:48,256.15,33.0,266.08,26.0,253.49,51.0,329.45,29.0,261.11,9.930000000000007,84.0,55.0,1.1536810651259073,256.15,266.08,139,29.0,35.0,0.21
07:40:49,255.2,20.0,267.0,30.0,247.14,28.0,271.0,24.0,261.1,11.800000000000011,48.0,54.0,1.4438040033294142,255.2,267.0,102,-6.0,-37.0,-0.06
07:40:50,248.0,7.0,266.67,15.0,246.0,42.0,267.97,33.0,257.33,18.670000000000016,49.0,48.0,1.7464735898461345,248.0,266.67,97,1.0,-5.0,0.01
07:40:51,246.46,39.0,260.88,17.0,245.66,59.0,263.2,54.0,253.67,14.419999999999987,98.0,71.0,3.087575100306056,246.46,260.88,169,27.0,72.0,0.16
07:40:52,248.45,80.0,259.79,14.0,246.57,28.0,263.53,49.0,254.12,11.340000000000032,108.0,63.0,3.6093115687108184,248.45,259.79,171,45.0,2.0,0.26
07:40:53,250.75,72.0,257.71,24.0,247.0,24.0,261.19,27.0,254.23,6.9599999999999795,96.0,51.0,3.1557328784339944,250.75,257.71,147,45.0,-24.0,0.31
07:40:54,253.78,74.0,257.11,36.0,247.0,28.0,259.33,21.0,255.45,3.3300000000000125,102.0,57.0,1.4798310714499907,253.78000000000003,257.11,159,45.0,12.0,0.28
07:40:55,255.0,9.0,258.0,54.0,247.56,18.0,260.0,18.0,256.5,3.0,27.0,72.0,1.1593662061785228,255.0,258.0,99,-45.0,-60.0,-0.45
07:40:56,252.22,23.0,256.41,64.0,247.62,32.0,258.03,36.0,254.31,4.190000000000026,55.0,100.0,1.032651925882494,252.22000000000003,256.41,155,-45.0,56.0,-0.29
07:40:57,250.0,50.0,254.65,26.0,248.0,20.0,258.86,42.0,252.33,4.650000000000006,70.0,68.0,1.5572347286227282,250.0,254.65000000000003,138,2.0,-17.0,0.01
07:40:58,250.0,35.0,253.0,14.0,248.0,14.0,260.16,19.0,251.5,3.0,49.0,33.0,2.0908060646622753,250.0,253.0,82,16.0,-56.0,0.2
07:40:59,249.2,25.0,253.0,16.0,246.2,61.0,257.0,16.0,251.1,3.8000000000000114,86.0,32.0,2.2452995345896087,249.2,253.0,118,54.0,36.0,0.46
07:41:00,248.33,18.0,252.0,26.0,246.31,78.0,256.58,24.0,250.17,3.6699999999999875,96.0,50.0,1.563991687966393,248.33000000000004,252.0,146,46.0,28.0,0.32
07:41:01,246.79,61.0,251.0,59.0,245.44,71.0,252.0,38.0,248.89,4.210000000000008,132.0,97.0,1.319647680264578,246.79,251.0,229,35.0,83.0,0.15
07:41:02,247.39,126.0,251.0,32.0,245.16,61.0,252.0,36.0,249.19,3.6100000000000136,187.0,68.0,1.143743852454511,247.39,251.0,255,119.0,26.0,0.47
07:41:03,248.25,56.0,251.0,8.0,243.0,40.0,252.0,16.0,249.62,2.75,96.0,24.0,0.8745455963112294,248.25,251.0,120,72.0,-135.0,0.6
07:41:04,248.74,80.0,251.5,20.0,240.77,52.0,253.33,30.0,250.12,2.759999999999991,132.0,50.0,0.5630008881230151,248.74,251.5,182,82.0,62.0,0.45
07:41:05,241.0,10.0,252.0,10.0,238.0,10.0,256.0,10.0,246.5,11.0,20.0,20.0,1.4004035132871764,241.0,252.0,40,0.0,-142.0,0.0
07:41:06,242.25,48.0,253.6,20.0,240.1,20.0,258.91,44.0,247.93,11.349999999999994,68.0,64.0,1.4604691027293273,242.25,253.6,132,4.0,92.0,0.03
07:41:07,243.0,72.0,256.0,24.0,241.0,24.0,260.0,96.0,249.5,13.0,96.0,120.0,1.4941485869976352,243.0,256.0,216,-24.0,84.0,-0.11
07:41:08,243.04,56.0,258.49,49.0,241.5,24.0,261.54,52.0,250.76,15.450000000000017,80.0,101.0,1.7313058655324625,243.04,258.49,181,-21.0,-35.0,-0.12
07:41:09,244.0,32.0,255.86,76.0,243.0,96.0,277.28,58.0,249.93,11.860000000000014,128.0,134.0,1.7013612197376224,244.0,255.86,262,-6.0,81.0,-0.02
07:41:10,244.82,44.0,247.65,34.0,243.33,36.0,263.32,41.0,246.23,2.8300000000000125,80.0,75.0,1.7990136186330234,244.82,247.65,155,5.0,-107.0,0.03
07:41:11,244.64,28.0,254.78,41.0,239.83,36.0,258.33,36.0,249.71,10.140000000000015,64.0,77.0,1.741703189417536,244.64000000000001,254.78,141,-13.0,-14.0,-0.09
07:41:12,245.91,44.0,253.24,68.0,240.56,71.0,256.11,45.0,249.57,7.3300000000000125,115.0,113.0,1.7447349368964962,245.90999999999997,253.24,228,2.0,87.0,0.01
07:41:13,247.17,58.0,250.97,74.0,246.2,60.0,253.76,83.0,249.07,3.8000000000000114,118.0,157.0,1.5267350785342944,247.17,250.96999999999997,275,-39.0,47.0,-0.14
07:41:14,249.62,21.0,251.0,17.0,248.08,26.0,252.0,72.0,250.31,1.3799999999999955,47.0,89.0,1.5984742725571601,249.62000000000003,251.0,136,-42.0,-139.0,-0.31
07:41:15,250.5,20.0,287.11,55.0,247.4,43.0,318.21,61.0,268.8,36.610000000000014,63.0,116.0,8.56883422642944,250.5,287.11,179,-53.0,43.0,-0.3
07:41:16,251.76,34.0,286.0,26.0,247.88,32.0,445.61,36.0,268.88,34.24000000000001,66.0,62.0,10.520086976828184,251.76,286.0,128,4.0,-51.0,0.03
07:41:17,258.87,67.0,286.0,28.0,256.0,32.0,334.5,42.0,272.43,27.129999999999995,99.0,70.0,11.248869721000045,258.87,286.0,169,29.0,41.0,0.17
07:41:23,259.08,25.0,277.32,25.0,255.74,54.0,374.5,28.0,268.2,18.24000000000001,79.0,53.0,53.48024093064722,259.08,277.32,132,26.0,-15.0,0.2
07:41:24,255.26,46.0,259.38,32.0,254.22,54.0,261.87,15.0,257.32,4.1200000000000045,100.0,47.0,64.70366975682336,255.26,259.38,147,53.0,15.0,0.36
07:41:25,255.0,42.0,259.0,28.0,254.0,42.0,264.0,7.0,257.0,4.0,84.0,35.0,60.935143226220795,255.0,259.0,119,49.0,-28.0,0.41
07:41:26,255.0,66.0,258.91,44.0,254.0,66.0,263.18,11.0,256.95,3.910000000000025,132.0,55.0,45.40313997952155,255.0,258.91,187,77.0,68.0,0.41
07:41:27,255.0,42.0,258.0,32.0,254.0,48.0,263.12,8.0,256.5,3.0,90.0,40.0,5.042983244074524,255.0,258.0,130,50.0,-57.0,0.38
07:41:28,254.48,58.0,256.42,38.0,253.68,62.0,260.0,30.0,255.45,1.9400000000000261,120.0,68.0,0.72864943561031,254.48,256.42,188,52.0,58.0,0.28
07:41:29,254.0,42.0,263.36,33.0,253.0,44.0,290.09,34.0,258.68,9.360000000000014,86.0,67.0,1.1664175924665015,254.0,263.36,153,19.0,-35.0,0.12
07:41:30,256.42,48.0,267.0,75.0,255.14,58.0,268.0,30.0,261.71,10.579999999999984,106.0,105.0,2.448503624668708,256.42,267.0,211,1.0,58.0,0.0
07:41:31,259.0,33.0,265.69,52.0,253.55,44.0,268.0,28.0,262.35,6.689999999999998,77.0,80.0,3.0619552576771083,259.0,265.69,157,-3.0,-54.0,-0.02
07:41:32,259.0,27.0,268.0,18.0,253.34,35.0,269.0,45.0,263.5,9.0,62.0,63.0,3.262295204302852,259.0,268.0,125,-1.0,-32.0,-0.01
07:41:33,259.0,24.0,268.0,16.0,253.0,32.0,269.0,40.0,263.5,9.0,56.0,56.0,1.9821377348757632,259.0,268.0,112,0.0,-13.0,0.0
07:41:34,259.0,19.0,267.33,18.0,253.0,36.0,268.95,42.0,263.17,8.329999999999984,55.0,60.0,0.7900822742088196,259.0,267.33,115,-5.0,3.0,-0.04
07:41:35,259.0,12.0,262.0,24.0,253.0,48.0,265.27,33.0,260.5,3.0,60.0,57.0,1.2666214904298827,259.0,262.0,117,3.0,2.0,0.03
07:41:36,256.75,16.0,262.0,20.0,254.0,36.0,264.0,50.0,259.38,5.25,52.0,70.0,1.9353810994267926,256.75,262.0,122,-18.0,5.0,-0.15
07:41:37,257.17,46.0,262.0,22.0,255.74,35.0,264.0,55.0,259.59,4.829999999999984,81.0,77.0,1.9724020888292606,257.17,262.0,158,4.0,36.0,0.03
07:41:38,258.22,45.0,262.0,18.0,257.35,40.0,265.0,18.0,260.11,3.7799999999999727,85.0,36.0,1.5289702417044182,258.22,262.0,121,49.0,-37.0,0.4
07:41:39,257.43,40.0,262.0,24.0,257.76,34.0,265.0,24.0,259.71,4.569999999999993,74.0,48.0,0.44662064441457255,257.43,262.0,122,26.0,1.0,0.21
07:41:40,257.0,33.0,261.33,24.0,256.0,16.0,263.5,16.0,259.17,4.329999999999984,49.0,40.0,0.3554152501189692,257.0,261.33,89,9.0,-33.0,0.1
07:41:41,257.0,36.0,260.56,36.0,256.0,18.0,262.67,18.0,258.78,3.5600000000000023,54.0,54.0,0.5117812032666555,257.0,260.56,108,0.0,19.0,0.0
07:41:42,258.21,38.0,260.0,76.0,257.0,76.0,264.8,40.0,259.11,1.7900000000000205,114.0,116.0,0.5288478042093091,258.21,260.0,230,-2.0,122.0,-0.01
07:41:43,257.0,36.0,260.0,18.0,256.0,18.0,265.0,18.0,258.5,3.0,54.0,36.0,0.4552252190035052,257.0,260.0,90,18.0,-140.0,0.2
07:41:44,259.03,62.0,263.08,52.0,256.4,40.0,262.8,40.0,261.05,4.050000000000011,102.0,92.0,1.0029307054911405,259.03,263.08,194,10.0,104.0,0.05
07:41:52,257.47,30.0,261.26,27.0,254.87,30.0,271.12,32.0,259.36,3.7899999999999636,60.0,59.0,1.9583462410969357,257.47,261.26,119,1.0,-78.0,0.01
07:41:53,257.15,104.0,260.52,21.0,256.05,38.0,268.91,47.0,258.84,3.3700000000000045,142.0,68.0,1.4425948842339982,257.15,260.52,210,74.0,91.0,0.35
07:41:54,258.0,91.0,263.17,53.0,257.0,90.0,268.42,67.0,260.58,5.170000000000016,181.0,120.0,0.9778956999690592,258.0,263.17,301,61.0,91.0,0.2
07:41:55,258.44,36.0,267.0,45.0,257.0,54.0,269.0,36.0,262.72,8.560000000000002,90.0,81.0,1.4949916387786628,258.44,267.0,171,9.0,-130.0,0.05
07:41:56,257.8,30.0,267.28,29.0,255.57,63.0,269.33,24.0,262.54,9.479999999999961,93.0,53.0,1.7802584082144541,257.8,267.28,146,40.0,-25.0,0.27
07:41:57,257.09,66.0,269.0,48.0,255.15,162.0,271.0,48.0,263.05,11.910000000000025,228.0,96.0,1.7947088900483301,257.09,269.0,324,132.0,173.5,0.41
07:41:58,258.0,39.0,269.0,52.0,257.0,78.0,271.0,52.0,263.5,11.0,117.0,104.0,1.122105164420315,258.0,269.0,221,13.0,-103.0,0.06
07:41:59,257.07,45.0,269.0,32.0,255.1,117.0,271.0,32.0,263.03,11.930000000000007,162.0,64.0,0.36683783885914895,257.07,269.0,226,98.0,5.0,0.43
07:42:00,257.0,60.0,269.0,40.0,255.0,150.0,271.0,40.0,263.0,12.0,210.0,80.0,0.33989704326291104,257.0,269.0,290,130.0,64.0,0.45
07:42:01,257.82,98.0,268.25,16.0,256.14,105.0,269.15,52.0,263.03,10.430000000000007,203.0,68.0,0.21206131193337302,257.82,268.25,271,135.0,-19.0,0.5
07:42:02,258.0,112.0,265.5,26.0,257.0,84.0,267.58,52.0,261.75,7.5,196.0,78.0,0.6555684556313257,258.0,265.5,274,118.0,3.0,0.43
07:42:03,258.27,120.0,263.75,24.0,255.52,162.0,265.29,21.0,261.01,5.480000000000018,282.0,45.0,0.935670882318528,258.27,263.75,327,237.0,53.0,0.72
07:42:04,259.0,83.0,265.36,44.0,255.02,138.0,270.03,30.0,262.18,6.360000000000014,221.0,74.0,0.8584462708980131,259.0,265.36,295,147.0,-32.0,0.5
07:42:09,259.08,13.0,265.12,32.0,256.23,13.0,267.43,42.0,262.1,6.0400000000000205,26.0,74.0,1.104028985135277,259.08,265.12,100,-48.0,-20.0,-0.48
07:42:13,259.0,12.0,269.09,55.0,256.0,12.0,273.08,48.0,264.05,10.089999999999975,24.0,103.0,0.7611044606484625,259.0,269.09,127,-79.0,69.0,-0.62
07:42:14,259.0,17.0,267.92,65.0,256.0,17.0,269.97,73.0,263.46,8.920000000000016,34.0,138.0,0.7006282894794915,259.0,267.92,172,-104.0,45.0,-0.6
07:42:15,255.15,48.0,263.37,19.0,249.88,60.0,267.94,95.0,259.26,8.219999999999999,108.0,114.0,1.8645964710947784,255.15,263.37,222,-6.0,50.0,-0.03
07:42:16,248.7,40.0,257.0,39.0,233.49,49.0,265.0,13.0,252.85,8.300000000000011,89.0,52.0,4.660994529069893,248.7,257.0,141,37.0,-81.0,0.26
07:42:17,248.0,45.0,256.23,31.0,245.0,60.0,257.19,43.0,252.11,8.230000000000018,105.0,74.0,5.670487633353927,248.0,256.23,179,31.0,38.0,0.17
07:42:18,248.0,60.0,253.85,47.0,245.0,80.0,254.81,53.0,250.93,5.849999999999994,140.0,100.0,5.4002842517797305,248.0,253.84999999999997,240,40.0,61.0,0.17
07:42:19,248.0,33.0,253.15,26.0,245.0,52.0,258.54,39.0,250.58,5.150000000000006,85.0,65.0,3.536838984180741,248.0,253.15000000000003,150,20.0,-90.0,0.13
07:42:20,248.0,19.0,251.08,24.0,245.1,42.0,259.0,36.0,249.54,3.0800000000000125,61.0,60.0,1.3003345723393855,248.0,251.08,121,1.0,-29.0,0.01
07:42:21,248.0,13.0,251.0,26.0,247.0,13.0,252.54,39.0,249.5,3.0,26.0,65.0,1.0839603313872712,248.0,251.0,91,-39.0,-30.0,-0.43
07:42:22,248.0,29.0,250.23,26.0,247.0,13.0,251.83,29.0,249.12,2.2299999999999898,42.0,55.0,0.7770971625358816,248.0,250.23,97,-13.0,6.0,-0.13
07:42:23,249.87,46.0,251.22,18.0,248.27,60.0,254.21,43.0,250.55,1.3499999999999943,106.0,61.0,0.6659729724405744,249.87,251.22,167,45.0,70.0,0.27
07:42:24,251.87,15.0,258.15,67.0,249.31,51.0,260.98,82.0,255.01,6.279999999999973,66.0,149.0,2.4428937758365805,251.87,258.15,215,-83.0,48.0,-0.39
07:42:25,253.0,20.0,257.25,40.0,252.0,24.0,260.0,120.0,255.12,4.25,44.0,160.0,2.972515769515932,253.0,257.25,204,-116.0,-11.0,-0.57
07:42:26,254.16,19.0,256.92,39.0,252.73,49.0,259.4,60.0,255.54,2.7600000000000193,68.0,99.0,3.00082821901232,254.16,256.92,167,-31.0,-37.0,-0.19
07:42:27,255.76,21.0,259.32,57.0,253.1,21.0,262.15,67.0,257.54,3.5600000000000023,42.0,124.0,2.5618684587660616,255.76,259.32,166,-82.0,-1.0,-0.49
07:42:28,246.5,28.0,262.0,36.0,243.71,28.0,266.58,60.0,254.25,15.5,56.0,96.0,1.2359085726785395,246.5,262.0,152,-40.0,-14.0,-0.26
07:42:29,247.25,16.0,261.38,26.0,242.79,58.0,268.89,38.0,254.32,14.129999999999995,74.0,64.0,1.3375275698169073,247.25,261.38,138,10.0,-14.0,0.07
07:42:30,244.01,100.0,256.83,18.0,242.26,19.0,258.1,30.0,250.42,12.819999999999993,119.0,48.0,2.599399930757184,244.01,256.83,167,71.0,29.0,0.43
07:42:31,244.4,105.0,253.42,19.0,243.31,35.0,257.0,142.0,248.91,9.019999999999982,140.0,161.0,3.4373783614872266,244.4,253.42,301,-21.0,134.0,-0.07
07:42:32,246.0,36.0,250.92,12.0,244.0,12.0,255.81,84.0,248.46,4.9199999999999875,48.0,96.0,2.8447794290631307,246.0,250.92,144,-48.0,-157.0,-0.33
07:42:33,247.67,21.0,250.0,17.0,246.61,31.0,252.0,65.0,248.83,2.3300000000000125,52.0,82.0,2.4285118900307805,247.67,250.0,134,-30.0,-10.0,-0.22
07:42:34,248.31,39.0,250.0,26.0,244.0,13.0,252.0,65.0,249.15,1.6899999999999977,52.0,91.0,0.7498199784088231,248.31,250.0,143,-39.0,9.0,-0.27
07:42:35,242.17,41.0,251.71,41.0,239.85,20.0,255.75,44.0,246.94,9.54000000000002,61.0,85.0,0.8840079185285105,242.17,251.71,146,-24.0,3.0,-0.16
07:42:36,242.5,96.0,252.0,70.0,237.42,62.0,255.0,42.0,247.25,9.5,158.0,112.0,0.9784835205669858,242.5,252.0,270,46.0,124.0,0.17
07:42:37,243.23,78.0,252.0,35.0,238.89,54.0,255.0,21.0,247.62,8.77000000000001,132.0,56.0,0.9789126621007543,243.23,252.0,188,76.0,-82.0,0.4
07:42:38,246.39,33.0,252.0,45.0,244.42,65.0,255.0,27.0,249.2,5.610000000000014,98.0,72.0,1.0709668529049665,246.39,252.0,170,26.0,-18.0,0.15
07:42:39,250.2,20.0,252.0,60.0,248.5,16.0,253.75,48.0,251.1,1.8000000000000114,36.0,108.0,1.731334745224361,250.2,252.0,144,-72.0,-26.0,-0.5
07:42:40,249.86,14.0,252.0,39.0,239.45,67.0,253.0,55.0,250.93,2.1399999999999864,81.0,94.0,1.7958145784075241,249.85999999999999,252.0,175,-13.0,31.0,-0.07
07:42:41,239.3,66.0,249.9,30.0,238.09,176.0,252.74,47.0,244.6,10.599999999999994,242.0,77.0,2.690669061780188,239.3,249.9,319,165.0,144.0,0.52
07:42:42,239.0,88.0,245.0,23.0,238.0,220.0,252.0,66.0,242.0,6.0,308.0,89.0,4.0698009779375255,239.0,245.0,397,219.0,78.0,0.55
07:42:43,239.06,68.0,251.53,45.0,238.09,176.0,252.69,58.0,245.3,12.469999999999999,244.0,103.0,4.052034057115187,239.06,251.53,347,141.0,-50.0,0.41
07:42:44,240.0,38.0,250.85,39.0,238.64,112.0,252.12,80.0,245.42,10.849999999999994,150.0,119.0,3.2587881183074083,240.0,250.85,269,31.0,-78.0,0.12
07:42:45,241.71,34.0,248.9,61.0,238.96,216.0,251.57,105.0,245.3,7.189999999999998,250.0,166.0,1.4477154416603042,241.70999999999998,248.9,416,84.0,147.0,0.2
07:42:46,243.0,22.0,246.82,33.0,238.0,108.0,249.0,55.0,244.91,3.819999999999993,130.0,88.0,1.4583826658396895,243.0,246.82,218,42.0,-174.5,0.19
07:42:47,243.0,18.0,245.22,27.0,238.0,72.0,249.23,39.0,244.11,2.219999999999999,90.0,66.0,0.5376523040233379,243.0,245.22,156,24.0,-62.0,0.15
07:42:48,243.93,30.0,245.0,45.0,237.5,127.0,250.0,45.0,244.47,1.0699999999999932,157.0,90.0,0.5528743076157825,243.93,245.0,247,67.0,91.0,0.27
07:42:49,244.0,16.0,248.68,19.0,237.0,72.0,252.21,34.0,246.34,4.680000000000007,88.0,53.0,0.860714819218068,244.0,248.68,141,35.0,-106.0,0.25
07:42:50,244.08,26.0,252.0,26.0,237.19,85.0,253.0,65.0,248.04,7.9199999999999875,111.0,91.0,1.6179400483396917,244.07999999999998,252.0,202,20.0,61.0,0.1
07:42:51,245.0,14.0,252.29,17.0,241.0,7.0,253.03,31.0,248.65,7.289999999999992,21.0,48.0,2.04293171692577,245.0,252.29000000000002,69,-27.0,-133.0,-0.39
07:42:52,245.0,20.0,252.0,20.0,239.0,10.0,253.0,85.0,248.5,7.0,30.0,105.0,1.7811934201599469,245.0,252.0,135,-75.0,66.0,-0.56
07:42:53,246.73,30.0,251.88,32.0,236.53,93.0,252.99,142.0,249.3,5.150000000000006,123.0,174.0,1.116010752645707,246.73,251.88,297,-51.0,162.0,-0.17
07:42:54,247.5,28.0,250.71,68.0,238.0,56.0,251.47,38.0,249.1,3.210000000000008,84.0,106.0,0.4991192242547714,247.5,250.70999999999998,190,-22.0,-107.0,-0.12
07:42:55,239.23,35.0,249.0,28.0,236.48,83.0,251.0,48.0,244.11,9.77000000000001,118.0,76.0,2.1611038845971415,239.23,249.0,194,42.0,4.0,0.22
07:42:56,239.38,24.0,247.25,24.0,237.71,63.0,251.0,53.0,243.31,7.8700000000000045,87.0,77.0,2.9079941540555216,239.38,247.25,164,10.0,-30.0,0.06
07:42:57,240.0,10.0,245.0,20.0,239.0,40.0,250.27,55.0,242.5,5.0,50.0,75.0,3.278479830656477,240.0,245.0,125,-25.0,-39.0,-0.2
07:42:58,240.0,11.0,245.91,22.0,239.0,44.0,249.88,50.0,242.95,5.909999999999997,55.0,72.0,2.696039688139164,240.0,245.90999999999997,127,-17.0,2.0,-0.13
07:42:59,242.0,9.0,250.0,8.0,238.83,29.0,251.0,72.0,246.0,8.0,38.0,80.0,1.3770729828232204,242.0,250.0,118,-42.0,-9.0,-0.36
07:43:00,248.62,13.0,250.93,73.0,239.28,39.0,251.26,61.0,249.77,2.3100000000000023,52.0,134.0,3.0420930294817676,248.62,250.92999999999998,186,-82.0,68.0,-0.44
07:43:01,241.4,15.0,251.0,36.0,236.44,34.0,252.0,18.0,246.2,9.599999999999994,49.0,54.0,2.935733298517001,241.4,251.0,103,-5.0,-83.0,-0.05
07:43:02,238.81,72.0,251.0,72.0,237.86,70.0,252.0,24.0,244.9,12.189999999999998,142.0,96.0,2.487916799256249,238.81,251.0,238,46.0,135.0,0.19
07:43:03,241.93,112.0,251.0,98.0,239.53,83.0,252.0,28.0,246.46,9.069999999999993,195.0,126.0,1.834170112072867,241.93,251.0,321,69.0,83.0,0.21
07:43:04,244.5,144.0,251.47,64.0,239.12,165.0,252.95,43.0,247.98,6.969999999999999,309.0,107.0,1.8678650914938573,244.5,251.47,416,202.0,95.0,0.49
07:43:05,245.39,92.0,251.0,11.0,240.88,102.0,253.0,33.0,248.2,5.610000000000014,194.0,44.0,1.3623949500865593,245.38999999999996,251.0,238,150.0,-174.5,0.63
07:43:06,247.0,110.0,251.0,10.0,246.0,90.0,253.0,30.0,249.0,4.0,200.0,40.0,1.6300061349643118,247.0,251.0,240,160.0,2.0,0.67
07:43:07,247.57,112.0,255.28,36.0,246.0,126.0,258.64,25.0,251.42,7.710000000000008,238.0,61.0,1.8190437048133643,247.57,255.28,299,177.0,59.0,0.59
07:43:08,249.18,107.0,273.29,59.0,248.0,110.0,291.13,52.0,261.23,24.110000000000014,217.0,111.0,5.571981694157011,249.18,273.29,328,106.0,29.0,0.32
07:43:09,254.28,43.0,296.14,37.0,252.82,45.0,433.43,35.0,275.21,41.859999999999985,88.0,72.0,11.42445491041125,254.28000000000003,296.14,160,16.0,-168.0,0.1
07:43:19,259.23,66.0,310.32,19.0,258.93,88.0,311.64,22.0,284.77,51.089999999999975,154.0,41.0,14.643030082602872,259.23,310.32,195,113.0,-75.0,0.58
07:43:20,259.0,255.0,307.08,63.0,257.0,15.0,308.05,42.0,283.04,48.079999999999984,270.0,105.0,1.3427211177359073,259.0,307.08,375,165.0,173.5,0.44
07:43:25,259.0,210.0,294.03,35.0,255.0,88.0,297.86,35.0,276.51,35.02999999999997,298.0,70.0,3.9081670895721388,259.0,294.03,368,228.0,131.0,0.62
07:43:28,259.0,165.0,284.64,55.0,255.0,110.0,286.27,55.0,271.82,25.639999999999986,275.0,110.0,1.7953913222512106,259.0,284.64,385,165.0,-108.0,0.43
07:43:29,259.22,219.0,281.14,70.0,256.2,186.0,282.57,67.0,270.18,21.91999999999996,405.0,137.0,2.7380193571293345,259.22,281.14,542,268.0,157.0,0.49
07:43:38,259.0,126.0,292.68,44.0,258.0,28.0,454.72,54.0,275.84,33.68000000000001,154.0,98.0,6.040081125284239,259.0,292.68,252,56.0,114.0,0.22
07:43:39,259.0,81.0,264.78,27.0,258.0,18.0,289.11,27.0,261.89,5.779999999999973,99.0,54.0,6.267154059061812,259.0,264.78,153,45.0,-99.0,0.29
07:43:40,259.0,73.0,264.0,24.0,258.0,16.0,265.0,24.0,261.5,5.0,89.0,48.0,6.451480450254417,259.0,264.0,137,41.0,-16.0,0.3
07:43:41,259.01,69.0,263.0,36.0,257.77,30.0,312.0,40.0,261.01,3.990000000000009,99.0,76.0,6.591005234409616,259.01,263.0,175,23.0,38.0,0.13
07:43:42,259.0,11.0,261.29,35.0,258.0,11.0,324.7,27.0,260.14,2.2900000000000205,22.0,62.0,6.608678385276058,259.0,261.29,84,-40.0,-91.0,-0.48
07:43:43,255.63,49.0,260.26,68.0,254.94,54.0,275.0,52.0,257.95,4.6299999999999955,103.0,120.0,1.5671853751281113,255.62999999999997,260.26,223,-17.0,139.0,-0.08
07:43:44,256.76,85.0,319.02,48.0,254.38,34.0,404.02,61.0,287.89,62.25999999999999,119.0,109.0,12.480066906872501,256.76,319.02,228,10.0,5.0,0.04
07:43:51,259.0,14.0,378.36,33.0,255.0,14.0,708.33,18.0,318.68,119.36000000000001,28.0,51.0,69.6445125620102,259.0,378.36,79,-23.0,16.0,-0.29
07:43:52,254.61,18.0,309.0,35.0,253.2,10.0,590.86,14.0,281.81,54.389999999999986,28.0,49.0,82.27395681502135,254.61,309.0,77,-21.0,-2.0,-0.27
07:43:53,254.0,18.0,317.67,27.0,252.0,6.0,496.62,13.0,285.83,63.670000000000016,24.0,40.0,91.27674101325049,254.0,317.67,64,-16.0,-13.0,-0.25
07:43:54,254.62,32.0,410.5,20.0,230.64,22.0,492.65,31.0,332.56,155.88,54.0,51.0,82.1625162102525,254.62,410.5,105,3.0,41.0,0.03
07:43:55,256.0,60.0,353.5,20.0,249.0,10.0,432.4,30.0,304.75,97.5,70.0,50.0,21.51539053793851,256.0,353.5,120,20.0,15.0,0.17
07:43:56,256.0,66.0,312.0,22.0,249.0,11.0,486.91,33.0,284.0,56.0,77.0,55.0,21.482321801891317,256.0,312.0,132,22.0,12.0,0.17
07:43:57,256.0,18.0,312.0,6.0,249.0,3.0,576.0,9.0,284.0,56.0,21.0,15.0,21.093868066336597,256.0,312.0,36,6.0,-96.0,0.17
07:43:58,256.0,34.0,311.29,28.0,249.0,8.0,546.55,22.0,283.64,55.29000000000002,42.0,50.0,21.43563155122832,256.0,311.29,92,-8.0,56.0,-0.09
07:43:59,258.09,164.0,293.82,34.0,255.4,35.0,310.37,43.0,275.95,35.73000000000002,199.0,77.0,10.782387026999963,258.09,293.82,276,122.0,173.5,0.44
07:44:13,259.0,22.0,321.58,31.0,255.0,14.0,333.63,27.0,290.29,62.579999999999984,36.0,58.0,27.710843545442756,259.0,321.58,94,-22.0,-80.0,-0.23
07:44:15,259.27,22.0,296.98,41.0,256.33,24.0,298.13,39.0,278.12,37.710000000000036,46.0,80.0,11.526975752556021,259.27,296.98,126,-34.0,-49.0,-0.27
07:44:16,259.0,20.0,292.54,39.0,255.0,26.0,293.74,43.0,275.77,33.54000000000002,46.0,82.0,10.870587380634758,259.0,292.54,128,-36.0,2.0,-0.28
07:44:17,259.0,20.0,287.18,34.0,255.0,30.0,288.05,37.0,273.09,28.180000000000007,50.0,71.0,6.602141319300619,259.0,287.18,121,-21.0,-7.0,-0.17
07:44:19,257.56,25.0,278.15,48.0,235.08,25.0,279.63,46.0,267.85,20.589999999999975,50.0,94.0,3.836493190404107,257.56,278.15,144,-44.0,3.0,-0.31
07:44:20,233.0,8.0,273.44,36.0,213.13,15.0,274.56,36.0,253.22,40.44,23.0,72.0,9.049799997790995,233.0,273.44,95,-49.0,-49.0,-0.52
07:44:21,249.54,26.0,273.0,35.0,194.43,14.0,274.0,28.0,261.27,23.460000000000008,40.0,63.0,8.473038416059408,249.54,273.0,103,-23.0,8.0,-0.22
07:44:22,255.0,70.0,270.07,43.0,221.95,22.0,271.0,41.0,262.53,15.069999999999993,92.0,84.0,7.41277141155849,255.0,270.07,176,8.0,73.0,0.05
07:44:23,259.0,111.0,267.56,41.0,252.0,40.0,269.05,42.0,263.28,8.560000000000002,151.0,83.0,5.316921101541662,259.0,267.56,234,68.0,58.0,0.29
07:44:24,259.15,91.0,263.36,42.0,253.69,58.0,265.7,61.0,261.26,4.210000000000036,149.0,103.0,4.057138153923143,259.15,263.36,252,46.0,18.0,0.18
07:44:27,259.19,37.0,261.0,22.0,255.75,48.0,268.0,35.0,260.09,1.8100000000000023,85.0,57.0,1.2271226507643187,259.19,261.0,142,28.0,-63.0,0.2
07:44:28,255.0,27.0,260.25,16.0,253.0,24.0,298.0,40.0,257.62,5.25,51.0,56.0,1.4393852854670206,255.0,260.25,107,-5.0,-35.0,-0.05
07:44:29,255.0,34.0,258.62,26.0,253.0,36.0,273.29,51.0,256.81,3.6200000000000045,70.0,77.0,1.8481693645386303,255.0,258.62,147,-7.0,40.0,-0.05
07:44:30,255.33,12.0,273.64,33.0,249.3,20.0,315.25,40.0,264.48,18.309999999999974,32.0,73.0,3.0131793839761767,255.33,273.64,105,-41.0,-42.0,-0.39
07:44:31,254.78,65.0,298.0,50.0,251.8,20.0,454.0,48.0,276.39,43.22,85.0,98.0,8.018426903078822,254.78,298.0,183,-13.0,78.0,-0.07
07:44:32,255.57,63.0,331.61,38.0,252.71,14.0,358.87,46.0,293.59,76.04000000000002,77.0,84.0,15.449795144273484,255.57,331.61,161,-7.0,-22.0,-0.04
07:44:33,258.0,16.0,355.81,48.0,256.0,96.0,405.56,64.0,306.91,97.81,112.0,112.0,20.614632667113302,258.0,355.81,224,0.0,63.0,0.0
07:44:34,256.96,23.0,355.0,27.0,255.63,19.0,588.65,43.0,305.98,98.04000000000002,42.0,70.0,18.636621206646154,256.96,355.0,112,-28.0,-112.0,-0.25
07:44:35,258.0,33.0,327.47,43.0,256.43,21.0,527.0,45.0,292.73,69.47000000000003,54.0,88.0,12.407755639115894,258.0,327.47,142,-34.0,30.0,-0.24
07:44:36,259.0,30.0,347.14,28.0,256.33,18.0,590.65,40.0,303.07,88.13999999999999,48.0,68.0,6.816060445742201,259.0,347.14,116,-20.0,-26.0,-0.17
07:44:40,254.33,3.0,350.0,6.0,101.25,4.0,449.0,4.0,302.17,95.66999999999999,7.0,10.0,1.7525210412461543,254.33,350.0,17,-3.0,-28.0,-0.18
07:44:41,193.25,24.0,349.32,25.0,162.6,25.0,415.4,20.0,271.28,156.07,49.0,45.0,15.09497996023885,193.25,349.32,94,4.0,77.0,0.04
07:44:42,236.33,45.0,347.32,38.0,182.59,34.0,348.43,42.0,291.82,110.98999999999998,79.0,80.0,14.564232901186836,236.33,347.32,159,-1.0,65.0,-0.01
07:44:44,247.06,47.0,343.0,27.0,173.17,35.0,345.0,18.0,295.03,95.94,82.0,45.0,12.969484569558412,247.06,343.0,127,37.0,11.0,0.29
07:44:45,257.03,77.0,340.42,36.0,240.53,49.0,345.0,24.0,298.72,83.39000000000004,126.0,60.0,12.424972032162243,257.03,340.42,186,66.0,59.0,0.35
07:44:46,258.33,96.0,333.41,34.0,244.79,86.0,339.06,51.0,295.87,75.08000000000004,182.0,85.0,4.419091535600077,258.33,333.41,267,97.0,81.0,0.36
07:44:54,257.0,22.0,261.05,38.0,254.0,242.0,262.29,21.0,259.03,4.050000000000011,264.0,59.0,2.018705030461898,257.0,261.05,323,205.0,115.0,0.63
07:44:55,257.0,24.0,259.35,34.0,254.0,264.0,260.24,34.0,258.18,2.3500000000000227,288.0,68.0,2.6776949042062084,257.0,259.35,356,220.0,33.0,0.62
07:44:56,254.03,200.0,268.67,24.0,252.84,31.0,285.54,35.0,261.35,14.640000000000015,231.0,59.0,2.5371105612510867,254.03,268.67,290,172.0,-66.0,0.59
07:44:57,254.0,264.0,262.76,29.0,250.0,22.0,306.33,30.0,258.38,8.759999999999991,286.0,59.0,1.8265349709248424,254.0,262.76,345,227.0,55.0,0.66
07:44:58,254.1,146.0,268.44,27.0,253.86,175.0,451.58,38.0,261.27,14.340000000000003,321.0,65.0,1.5550144693897034,254.1,268.44,386,256.0,41.0,0.66
07:44:59,255.67,30.0,269.47,30.0,254.0,265.0,352.67,45.0,262.57,13.80000000000004,295.0,75.0,1.9598852007226364,255.67,269.47,370,220.0,-16.0,0.59
07:45:00,254.58,62.0,269.0,22.0,253.86,29.0,275.82,33.0,261.79,14.419999999999987,91.0,55.0,1.5908236860230291,254.58,269.0,146,36.0,-174.5,0.25
07:45:01,253.0,242.0,269.0,22.0,251.45,11.0,381.25,24.0,261.0,16.0,253.0,46.0,1.5832150833073386,253.0,269.0,299,207.0,153.0,0.69
07:45:02,253.0,241.0,268.31,26.0,251.0,13.0,554.8,40.0,260.65,15.310000000000002,254.0,66.0,0.7491194831347336,253.0,268.31,320,188.0,21.0,0.59
07:45:03,254.58,213.0,267.0,34.0,252.96,153.0,341.45,44.0,260.79,12.419999999999987,366.0,78.0,0.8074032449848133,254.58,267.0,444,288.0,124.0,0.65
07:45:04,255.0,285.0,263.93,56.0,254.0,225.0,265.35,34.0,259.46,8.930000000000007,510.0,90.0,0.8395058070149125,255.0,263.93,600,420.0,156.0,0.7
07:45:05,255.0,108.0,261.25,16.0,254.0,105.0,262.08,26.0,258.12,6.25,213.0,42.0,1.2116641448897658,255.0,261.25,255,171.0,-174.5,0.67
07:45:06,255.0,98.0,259.56,18.0,254.0,105.0,261.67,24.0,257.28,4.560000000000002,203.0,42.0,1.5437778337608117,255.0,259.56,245,161.0,-10.0,0.66
07:45:07,255.0,210.0,259.0,60.0,254.0,225.0,260.0,30.0,257.0,4.0,435.0,90.0,1.584613517552786,255.0,259.0,525,345.0,173.5,0.66
07:45:08,255.0,158.0,258.67,48.0,253.0,54.0,260.0,24.0,256.83,3.670000000000016,212.0,72.0,1.082829626492872,255.0,258.67,284,140.0,-174.5,0.49
07:45:09,254.95,116.0,272.69,52.0,253.89,106.0,298.0,44.0,263.82,17.74000000000001,222.0,96.0,2.954386569156286,254.95,272.69,318,126.0,34.0,0.4
07:45:10,254.0,72.0,308.83,48.0,248.0,12.0,350.92,48.0,281.42,54.829999999999984,84.0,96.0,10.56399072320746,254.0,308.83,180,-12.0,-138.0,-0.07
07:45:11,253.67,55.0,302.83,48.0,243.5,40.0,343.56,50.0,278.25,49.16,95.0,98.0,11.693627751900397,253.67,302.83,193,-3.0,13.0,-0.02
07:45:12,248.0,33.0,293.29,28.0,232.0,55.0,330.22,36.0,270.64,45.29000000000002,88.0,64.0,10.128492977734458,248.0,293.29,152,24.0,-41.0,0.16
07:45:13,248.0,21.0,251.04,25.0,204.0,35.0,256.75,8.0,249.52,3.039999999999992,56.0,33.0,12.73230929564686,248.0,251.04,89,23.0,-63.0,0.26
07:45:14,247.81,37.0,250.55,44.0,197.02,51.0,252.0,11.0,249.18,2.740000000000009,88.0,55.0,15.521559844294462,247.80999999999997,250.55,143,33.0,54.0,0.23
07:45:15,245.0,15.0,250.0,20.0,219.11,9.0,252.0,5.0,247.5,5.0,24.0,25.0,14.357953196748193,245.0,250.0,49,-1.0,-94.0,-0.02
07:45:16,205.72,39.0,250.0,36.0,186.68,19.0,252.0,11.0,227.86,44.28,58.0,47.0,15.146979896996225,205.72,250.0,105,11.0,56.0,0.1
07:45:17,234.2,50.0,294.28,36.0,237.42,64.0,307.56,50.0,264.24,60.079999999999984,114.0,86.0,12.968538853703125,234.2,294.28,200,28.0,95.0,0.14
07:45:18,258.0,14.0,291.65,34.0,255.0,42.0,293.76,50.0,274.82,33.64999999999998,56.0,84.0,17.880995498014343,258.0,291.65,140,-28.0,-60.0,-0.2
07:45:19,255.86,14.0,287.24,34.0,254.26,47.0,287.82,22.0,271.55,31.379999999999995,61.0,56.0,19.49919177812278,255.85999999999999,287.24,117,5.0,-23.0,0.04
07:45:20,256.46,52.0,265.74,46.0,255.3,46.0,267.26,38.0,261.1,9.28000000000003,98.0,84.0,18.742766071207633,256.46,265.74,182,14.0,65.0,0.08
07:45:25,259.14,7.0,261.0,5.0,258.4,5.0,292.0,16.0,260.07,1.8600000000000136,12.0,21.0,0.965955485523087,259.14,261.0,33,-9.0,-118.0,-0.27
07:45:29,259.0,22.0,433.27,44.0,258.0,11.0,460.73,44.0,346.14,174.26999999999998,33.0,88.0,56.0600737602086,259.0,433.2699999999999,121,-55.0,21.0,-0.45
07:45:30,259.0,26.0,271.31,52.0,258.0,13.0,272.79,76.0,265.15,12.310000000000002,39.0,128.0,54.6368541371118,259.0,271.31,167,-89.0,46.0,-0.53
07:45:32,259.0,22.0,265.73,60.0,258.0,15.0,268.4,60.0,262.37,6.730000000000018,37.0,120.0,62.61969242977825,259.0,265.73,157,-83.0,-19.0,-0.53
07:45:35,258.6,10.0,259.83,35.0,256.55,22.0,329.75,32.0,259.21,1.2299999999999613,32.0,67.0,1.9723792738784016,258.6,259.83,99,-35.0,-11.0,-0.35
07:45:36,256.34,29.0,345.3,30.0,255.77,26.0,478.9,29.0,300.82,88.96000000000004,55.0,59.0,17.853682533304596,256.34,345.3,114,-4.0,15.0,-0.04
07:45:37,256.0,36.0,438.88,24.0,255.0,9.0,446.0,23.0,347.44,182.88,45.0,47.0,38.54866340095369,256.0,438.87999999999994,92,-2.0,-22.0,-0.02
07:45:38,256.0,47.0,393.92,24.0,255.0,11.0,407.9,40.0,324.96,137.92000000000002,58.0,64.0,38.9918444036702,256.0,393.92,122,-6.0,30.0,-0.05
07:45:39,258.75,114.0,298.55,29.0,254.83,12.0,315.5,44.0,278.65,39.80000000000001,126.0,73.0,35.246705236093014,258.75,298.55,199,53.0,77.0,0.27
07:45:40,259.0,255.0,291.62,48.0,255.88,17.0,293.36,44.0,275.31,32.620000000000005,272.0,92.0,30.789185276652365,259.0,291.62,364,180.0,165.0,0.49
07:45:41,259.0,266.0,290.0,52.0,255.0,14.0,291.25,32.0,274.5,31.0,280.0,84.0,33.87135914013529,259.0,290.0,364,196.0,0.0,0.54
07:45:42,259.0,264.0,279.46,41.0,256.09,22.0,283.07,46.0,269.23,20.45999999999998,286.0,87.0,22.852016322417267,259.0,279.46,373,199.0,9.0,0.53
07:45:43,259.0,241.0,261.93,41.0,255.0,14.0,263.91,46.0,260.46,2.930000000000007,255.0,87.0,7.099095012748078,259.0,261.93,342,168.0,-31.0,0.49
07:45:44,259.0,118.0,260.36,44.0,255.0,15.0,275.4,30.0,259.68,1.3600000000000136,133.0,74.0,7.468910897850117,259.0,260.36,207,59.0,-135.0,0.29
07:45:45,259.0,84.0,285.61,31.0,255.88,51.0,424.95,44.0,272.31,26.610000000000014,135.0,75.0,6.809818646632532,259.0,285.61,210,60.0,3.0,0.29
07:46:04,256.79,66.0,260.64,28.0,255.94,106.0,261.86,28.0,258.72,3.849999999999966,172.0,56.0,3.7645690324444554,256.79,260.64,228,116.0,139.0,0.51
07:46:05,256.0,78.0,257.96,25.0,255.0,112.0,316.75,32.0,256.98,1.9599999999999795,190.0,57.0,4.205201540953767,256.0,257.96,247,133.0,19.0,0.54
07:46:06,255.64,22.0,441.25,32.0,233.31,71.0,631.56,36.0,348.44,185.61,93.0,68.0,39.31354321350389,255.64,441.25,161,25.0,-86.0,0.16
07:46:08,255.0,33.0,256.0,36.0,252.0,18.0,489.65,34.0,255.5,1.0,51.0,70.0,57.464223652634814,255.0,256.0,121,-19.0,-25.0,-0.16
07:46:09,255.0,49.0,256.0,20.0,252.0,14.0,444.57,28.0,255.5,1.0,63.0,48.0,58.03723701211176,255.0,256.0,111,15.0,-10.0,0.14
07:46:10,255.0,42.0,256.0,12.0,252.0,12.0,369.33,24.0,255.5,1.0,54.0,36.0,58.3012589915521,255.0,256.0,90,18.0,-21.0,0.2
07:46:11,255.0,53.0,256.0,24.0,252.0,24.0,416.58,38.0,255.5,1.0,77.0,62.0,52.57443028697543,255.0,256.0,139,15.0,49.0,0.11
07:46:12,255.0,32.0,313.75,16.0,252.0,16.0,434.15,26.0,284.38,58.75,48.0,42.0,12.91552863804037,255.0,313.75,90,6.0,-49.0,0.07
07:46:13,256.12,24.0,310.43,28.0,255.1,31.0,491.8,20.0,283.28,54.31,55.0,48.0,15.52185298216807,256.12,310.43,103,7.0,13.0,0.07
07:46:14,257.0,39.0,275.0,41.0,256.0,39.0,373.87,47.0,266.0,18.0,78.0,88.0,14.264814054169776,257.0,275.0,166,-10.0,63.0,-0.06
07:46:15,259.0,117.0,264.69,35.0,257.82,55.0,285.97,29.0,261.84,5.689999999999998,172.0,64.0,12.997869056119907,259.0,264.69,236,108.0,70.0,0.46
07:46:17,259.25,71.0,267.53,51.0,258.81,77.0,348.1,40.0,263.39,8.279999999999973,148.0,91.0,9.066024487063755,259.25,267.53,239,57.0,-125.0,0.24
07:46:18,259.06,201.0,265.74,62.0,258.09,43.0,277.75,73.0,262.4,6.680000000000007,244.0,135.0,1.6940129869751503,259.06,265.74,379,109.0,140.0,0.29
07:46:19,259.25,179.0,262.64,73.0,258.65,136.0,266.63,76.0,260.94,3.3899999999999864,315.0,149.0,0.8888306925621958,259.25,262.64,464,166.0,85.0,0.36
07:46:20,259.18,92.0,261.0,19.0,258.7,50.0,266.0,32.0,260.09,1.8199999999999932,142.0,51.0,1.291034468959169,259.18,261.0,193,91.0,-174.5,0.47
07:46:24,259.31,29.0,265.64,56.0,258.03,34.0,267.35,43.0,262.48,6.329999999999984,63.0,99.0,1.3506553964800616,259.31,265.64,162,-36.0,-98.0,-0.22
07:46:25,258.54,26.0,263.43,46.0,257.81,31.0,265.93,29.0,260.99,4.889999999999986,57.0,75.0,1.1128207402994688,258.54,263.43,132,-18.0,-30.0,-0.14
07:46:26,257.78,36.0,259.66,56.0,255.4,20.0,261.44,16.0,258.72,1.8800000000000523,56.0,72.0,1.7738461038209257,257.78,259.66,128,-16.0,-4.0,-0.12
07:46:27,256.0,9.0,258.38,13.0,255.0,27.0,259.05,41.0,257.19,2.3799999999999955,36.0,54.0,2.4764955077772637,256.0,258.38,90,-18.0,-38.0,-0.2
07:46:28,258.62,16.0,266.46,26.0,255.06,32.0,265.25,51.0,262.54,7.839999999999975,48.0,77.0,2.3653392991368083,258.62,266.46,125,-29.0,35.0,-0.23
07:46:30,256.0,10.0,270.6,30.0,255.0,30.0,275.0,40.0,263.3,14.600000000000023,40.0,70.0,3.758044704369656,256.0,270.6,110,-30.0,44.0,-0.27
07:46:31,257.47,131.0,270.0,33.0,255.47,17.0,371.08,26.0,263.73,12.529999999999973,148.0,59.0,3.428289661046845,257.47,270.0,207,89.0,97.0,0.43
07:46:32,258.73,124.0,269.12,25.0,256.0,12.0,275.6,35.0,263.93,10.389999999999986,136.0,60.0,1.537644302184471,258.73,269.12,196,76.0,-11.0,0.39
07:46:33,259.16,61.0,267.77,26.0,258.51,43.0,270.0,39.0,263.47,8.609999999999957,104.0,65.0,1.3598271949186518,259.16,267.77,169,39.0,-27.0,0.23
07:46:48,259.0,88.0,260.33,48.0,258.0,187.0,261.83,48.0,259.67,1.329999999999984,275.0,96.0,1.4953026449654245,259.0,260.33,371,179.0,153.0,0.48
07:46:49,258.1,194.0,266.06,36.0,257.46,96.0,270.73,30.0,262.08,7.9599999999999795,290.0,66.0,1.4088186540646825,258.1,266.06,356,224.0,-15.0,0.63
07:46:50,258.0,102.0,268.62,16.0,256.0,24.0,269.88,16.0,263.31,10.620000000000005,126.0,32.0,1.3879949567778056,258.0,268.62,158,94.0,-174.5,0.59
07:46:51,258.0,144.0,266.75,32.0,256.0,36.0,269.33,24.0,262.38,8.75,180.0,56.0,1.3462354920446276,258.0,266.75,236,124.0,78.0,0.53
07:46:52,258.0,132.0,263.27,22.0,256.0,33.0,264.27,22.0,260.64,5.269999999999982,165.0,44.0,1.4498379219901447,258.0,263.27,209,121.0,-27.0,0.58
07:46:53,258.02,96.0,261.0,20.0,256.96,46.0,262.8,20.0,259.51,2.980000000000018,142.0,40.0,1.5042705873747413,258.02,261.0,182,102.0,-27.0,0.56
07:46:54,258.05,88.0,260.24,21.0,257.29,68.0,262.83,24.0,259.14,2.1899999999999977,156.0,45.0,1.8062198094476012,258.05,260.24,201,111.0,19.0,0.55
07:46:55,258.0,59.0,259.22,9.0,256.0,24.0,260.75,16.0,258.61,1.2200000000000273,83.0,25.0,1.4975079298758824,258.0,259.22,108,58.0,-93.0,0.54
07:46:56,257.47,32.0,260.0,10.0,255.85,13.0,266.0,10.0,258.73,2.5299999999999727,45.0,20.0,0.8159227904902189,257.47,260.0,65,25.0,-43.0,0.38
07:46:57,257.0,121.0,259.73,22.0,256.0,33.0,266.0,22.0,258.36,2.730000000000018,154.0,44.0,0.4554667935662325,257.0,259.73,198,110.0,133.0,0.56
07:46:58,258.0,99.0,259.0,18.0,256.0,27.0,269.11,18.0,258.5,1.0,126.0,36.0,0.297102675924618,258.0,259.0,162,90.0,-36.0,0.56
07:46:59,258.28,89.0,265.0,22.0,256.0,33.0,271.09,22.0,261.64,6.720000000000027,122.0,44.0,1.3886216187433449,258.28,265.0,166,78.0,4.0,0.47
07:47:05,259.0,60.0,270.6,20.0,256.0,30.0,274.0,20.0,264.8,11.600000000000023,90.0,40.0,1.656804152589856,259.0,270.6,130,50.0,11.0,0.38
07:47:06,258.48,23.0,272.0,14.0,255.74,19.0,274.0,14.0,265.24,13.519999999999982,42.0,28.0,1.5525849413282147,258.48,272.0,70,14.0,-60.0,0.2
07:47:07,255.0,27.0,272.0,18.0,251.0,9.0,274.0,18.0,263.5,17.0,36.0,36.0,1.5187231479237404,255.0,272.0,72,0.0,2.0,0.0
07:47:08,256.31,29.0,272.0,22.0,254.38,24.0,274.0,22.0,264.16,15.689999999999998,53.0,44.0,0.6654321904143259,256.31,272.0,97,9.0,25.0,0.09
07:47:09,255.49,51.0,269.82,51.0,254.54,28.0,270.96,53.0,262.66,14.329999999999984,79.0,104.0,1.0274823599652259,255.49,269.82,183,-25.0,86.0,-0.14
07:47:10,257.47,43.0,266.37,30.0,255.93,56.0,268.09,34.0,261.92,8.899999999999977,99.0,64.0,1.2908446847083999,257.47,266.37,163,35.0,-20.0,0.21
07:47:11,256.41,17.0,263.33,12.0,255.58,24.0,265.0,24.0,259.87,6.919999999999959,41.0,36.0,1.6586199082491118,256.41,263.33,77,5.0,-86.0,0.06
07:47:12,257.0,19.0,261.24,45.0,256.0,38.0,263.44,25.0,259.12,4.240000000000009,57.0,70.0,2.055986381287712,257.0,261.24,127,-13.0,50.0,-0.1
07:47:13,256.78,18.0,259.18,34.0,255.88,32.0,261.21,28.0,257.98,2.400000000000034,50.0,62.0,1.9463555687594294,256.78,259.18,112,-12.0,-15.0,-0.11
07:47:14,256.0,22.0,257.53,15.0,255.0,22.0,265.0,18.0,256.77,1.5299999999999727,44.0,33.0,1.9508895407073075,256.0,257.53,77,11.0,-35.0,0.14
07:47:15,255.28,18.0,257.64,22.0,254.06,17.0,266.16,19.0,256.46,2.359999999999985,35.0,41.0,1.4686898924012246,255.28,257.64,76,-6.0,-1.0,-0.08
07:47:16,253.0,12.0,264.75,24.0,252.0,24.0,268.17,12.0,258.88,11.75,36.0,36.0,1.203004571912172,253.0,264.75,72,0.0,-4.0,0.0
07:47:17,253.83,30.0,265.62,13.0,252.33,15.0,383.5,30.0,259.72,11.789999999999992,45.0,43.0,1.3793549217085415,253.83,265.62,88,2.0,16.0,0.02
07:47:18,255.47,49.0,259.61,41.0,253.86,35.0,265.44,27.0,257.54,4.140000000000015,84.0,68.0,1.391897984782502,255.47000000000003,259.61,152,16.0,64.0,0.11
07:47:24,257.4,35.0,266.09,33.0,255.8,20.0,306.69,13.0,261.75,8.689999999999998,55.0,46.0,1.6238164921075118,257.4,266.09,101,9.0,6.0,0.09
07:47:25,255.0,12.0,267.0,6.0,254.0,12.0,385.67,6.0,261.0,12.0,24.0,12.0,2.141326691572423,255.0,267.0,36,12.0,-65.0,0.33
07:47:26,254.45,40.0,266.08,36.0,251.95,61.0,290.14,14.0,260.27,11.629999999999995,101.0,50.0,2.2934580877009068,254.45,266.08,151,51.0,115.0,0.34
07:47:27,253.0,35.0,266.0,21.0,251.43,14.0,267.0,7.0,259.5,13.0,49.0,28.0,1.9544692374250632,253.0,266.0,77,21.0,-74.0,0.27
07:47:28,253.0,60.0,262.62,37.0,252.0,12.0,264.1,20.0,257.81,9.620000000000005,72.0,57.0,1.5132514662280077,253.0,262.62,129,15.0,52.0,0.12
07:47:29,253.0,46.0,259.2,35.0,252.0,11.0,260.61,31.0,256.1,6.199999999999989,57.0,66.0,1.979174070172054,253.0,259.2,123,-9.0,-6.0,-0.07
07:47:30,253.24,37.0,258.26,35.0,252.77,35.0,260.0,43.0,255.75,5.019999999999982,72.0,78.0,2.002905389688106,253.24000000000004,258.26,150,-6.0,27.0,-0.04
07:47:31,254.2,10.0,258.0,38.0,252.84,32.0,262.33,18.0,256.1,3.8000000000000114,42.0,56.0,1.5870633257818743,254.2,258.0,98,-14.0,-52.0,-0.14
07:47:32,252.07,41.0,257.67,30.0,250.31,13.0,261.16,19.0,254.87,5.600000000000023,54.0,49.0,1.0672534844365786,252.06999999999996,257.67,103,5.0,5.0,0.05
07:47:33,252.0,40.0,257.0,16.0,248.0,8.0,262.0,24.0,254.5,5.0,48.0,40.0,0.7370413828559111,252.0,257.0,88,8.0,-15.0,0.09
07:47:34,254.12,32.0,258.0,35.0,252.0,148.0,262.14,42.0,256.06,3.8799999999999955,180.0,77.0,0.7285808122934269,254.12,258.0,257,103.0,169.0,0.4
07:47:35,256.0,22.0,263.54,13.0,252.0,43.0,264.97,31.0,259.77,7.5400000000000205,65.0,44.0,2.086588124197471,256.0,263.54,109,21.0,-148.0,0.19
07:47:36,257.89,54.0,264.0,12.0,255.33,36.0,265.0,36.0,260.94,6.110000000000014,90.0,48.0,2.941389127613286,257.89,264.0,138,42.0,29.0,0.3
07:47:37,259.0,84.0,264.0,12.0,258.0,72.0,265.0,36.0,261.5,5.0,156.0,48.0,3.102640810671002,259.0,264.0,204,108.0,66.0,0.53
07:47:41,259.0,14.0,266.0,7.0,258.0,42.0,273.0,21.0,262.5,7.0,56.0,28.0,0.49073414395152776,259.0,266.0,84,28.0,-2.0,0.33
07:47:42,258.55,11.0,266.0,4.0,257.35,23.0,273.0,12.0,262.27,7.449999999999989,34.0,16.0,0.3350074626628048,258.55,266.0,50,18.0,-34.0,0.36
07:47:43,259.06,18.0,264.41,32.0,257.79,70.0,270.38,24.0,261.73,5.350000000000023,88.0,56.0,0.4083748278723764,259.06,264.41,144,32.0,94.0,0.22
07:47:45,259.24,17.0,263.09,22.0,257.33,45.0,265.2,15.0,261.16,3.849999999999966,62.0,37.0,0.5685507893230745,259.24,263.09,99,25.0,19.0,0.25
07:47:46,258.0,24.0,262.0,16.0,255.0,40.0,268.0,8.0,260.0,4.0,64.0,24.0,0.9865343379934388,258.0,262.0,88,40.0,-11.0,0.45
07:47:47,256.75,12.0,262.0,16.0,254.53,38.0,268.0,8.0,259.38,5.25,50.0,24.0,1.248967573654529,256.75,262.0,74,26.0,-14.0,0.35
07:47:48,257.57,70.0,262.0,24.0,254.36,56.0,268.0,12.0,259.79,4.430000000000007,126.0,36.0,1.2442989994533853,257.57,262.0,162,90.0,88.0,0.56
07:47:49,258.0,33.0,261.18,22.0,255.0,55.0,263.4,20.0,259.59,3.180000000000007,88.0,42.0,0.6965845246924972,258.0,261.18,130,46.0,-32.0,0.35
07:47:50,259.31,58.0,262.25,16.0,257.42,26.0,267.81,21.0,260.78,2.9399999999999977,84.0,37.0,0.5391382012444483,259.31,262.25,121,47.0,-9.0,0.39
07:47:57,258.82,44.0,262.57,46.0,257.48,116.0,268.59,61.0,260.69,3.75,160.0,107.0,1.0750674397632742,258.82,262.57,267,53.0,155.0,0.2
07:47:58,258.0,78.0,260.12,32.0,255.0,55.0,261.63,19.0,259.06,2.1200000000000045,133.0,51.0,1.860827772804268,258.0,260.12,184,82.0,-83.0,0.45
07:47:59,258.0,67.0,259.2,40.0,254.8,50.0,261.0,10.0,258.6,1.1999999999999886,117.0,50.0,2.169764964239273,258.0,259.2,167,67.0,-17.0,0.4
07:48:00,258.0,85.0,259.0,52.0,254.15,41.0,262.5,16.0,258.5,1.0,126.0,68.0,1.8844415618535189,258.0,259.0,194,58.0,27.0,0.3
07:48:01,258.0,23.0,265.0,18.0,255.0,9.0,271.0,18.0,261.5,7.0,32.0,36.0,1.3486289334139034,258.0,265.0,68,-4.0,-126.0,-0.06
07:48:07,258.11,28.0,261.26,23.0,257.68,28.0,262.52,29.0,259.68,3.1499999999999773,56.0,52.0,2.0961679322131586,258.11,261.26,108,4.0,33.0,0.04
07:48:08,256.73,70.0,260.0,34.0,255.41,39.0,261.0,17.0,258.36,3.269999999999982,109.0,51.0,2.8226583215188388,256.73,260.0,160,58.0,52.0,0.36
07:48:09,258.0,50.0,259.15,13.0,257.0,12.0,264.86,28.0,258.58,1.1499999999999773,62.0,41.0,2.7418023269448653,258.0,259.15,103,21.0,-57.0,0.2
07:48:10,258.65,43.0,268.51,41.0,255.14,28.0,273.06,32.0,263.58,9.860000000000014,71.0,73.0,2.4460008176695944,258.65,268.51,144,-2.0,41.0,-0.01
07:48:11,259.0,16.0,269.0,24.0,256.5,16.0,271.82,22.0,264.0,10.0,32.0,46.0,2.7430275244773172,259.0,269.0,78,-14.0,-66.0,-0.18
07:48:12,259.33,24.0,268.05,58.0,258.0,24.0,269.11,37.0,263.69,8.720000000000027,48.0,95.0,2.9007619688694932,259.33,268.05,143,-47.0,65.0,-0.33
07:48:15,258.0,24.0,261.24,58.0,255.0,48.0,270.42,38.0,259.62,3.240000000000009,72.0,96.0,1.847939392956118,258.0,261.24,168,-24.0,-28.0,-0.14
07:48:16,256.06,51.0,258.24,63.0,254.4,91.0,259.86,64.0,257.15,2.180000000000007,142.0,127.0,2.7593350648371846,256.06,258.24,269,15.0,101.0,0.06
07:48:17,255.0,39.0,256.0,65.0,254.0,65.0,257.0,39.0,255.5,1.0,104.0,104.0,3.2386139010448667,255.0,256.0,208,0.0,-61.0,0.0
07:48:18,254.0,83.0,255.81,48.0,249.0,19.0,264.47,43.0,254.91,1.8100000000000023,102.0,91.0,2.8335543051161105,254.0,255.81000000000003,193,11.0,-15.0,0.06
07:48:19,250.12,76.0,254.5,28.0,248.25,28.0,268.65,34.0,252.31,4.3799999999999955,104.0,62.0,2.712428800916846,250.11999999999998,254.5,166,42.0,-27.0,0.25
07:48:20,250.7,144.0,256.36,28.0,247.96,23.0,265.25,32.0,253.53,5.660000000000025,167.0,60.0,1.8551010754252604,250.69999999999996,256.36,227,107.0,61.0,0.47
07:48:21,250.93,166.0,263.0,32.0,247.18,56.0,269.0,48.0,256.97,12.069999999999993,222.0,80.0,1.795989977712579,250.93000000000004,263.0,302,142.0,75.0,0.47
07:48:22,251.3,80.0,263.0,18.0,248.82,33.0,267.53,17.0,257.15,11.699999999999989,113.0,35.0,2.115722098963798,251.3,263.0,148,78.0,-154.0,0.53
07:48:23,255.96,153.0,262.42,24.0,252.75,130.0,346.05,41.0,259.19,6.460000000000008,283.0,65.0,2.8289574051305877,255.96000000000004,262.42,348,218.0,173.5,0.63
07:48:24,258.0,91.0,264.0,26.0,247.24,29.0,269.0,65.0,261.0,6.0,120.0,91.0,2.7949633271372365,258.0,264.0,211,29.0,-137.0,0.14
07:48:25,259.0,77.0,262.27,22.0,250.0,16.0,265.0,25.0,260.64,3.269999999999982,93.0,47.0,1.8886900222220468,259.0,262.27,140,46.0,-71.0,0.33
07:48:26,259.0,79.0,260.42,57.0,254.0,15.0,261.72,47.0,259.71,1.420000000000016,94.0,104.0,1.5169937376406089,259.0,260.42,198,-10.0,58.0,-0.05
07:48:27,259.0,8.0,264.0,8.0,254.0,8.0,265.62,40.0,261.5,5.0,16.0,48.0,0.9443886911861262,259.0,264.0,64,-32.0,-134.0,-0.5
07:48:52,259.0,147.0,268.56,45.0,258.0,143.0,269.85,65.0,263.78,9.560000000000002,290.0,110.0,0.8793292898785936,259.0,268.56,400,180.0,173.5,0.45
07:48:53,259.0,113.0,262.15,13.0,258.0,110.0,269.64,25.0,260.58,3.1499999999999773,223.0,38.0,1.5521211293062531,259.0,262.15,261,185.0,-139.0,0.71
07:48:54,259.0,90.0,272.0,15.0,258.0,110.0,273.09,46.0,265.5,13.0,200.0,61.0,1.9402267908774105,259.0,272.0,261,139.0,0.0,0.53
07:48:55,259.0,72.0,272.0,48.0,258.0,88.0,277.0,8.0,265.5,13.0,160.0,56.0,2.047066193369899,259.0,272.0,216,104.0,-45.0,0.48
07:48:56,259.0,63.0,271.82,22.0,258.0,77.0,272.65,23.0,265.41,12.819999999999993,140.0,45.0,2.128046052142158,259.0,271.82,185,95.0,-31.0,0.51
07:48:57,259.0,90.0,271.0,10.0,258.0,110.0,272.0,50.0,265.0,12.0,200.0,60.0,2.1443227369119655,259.0,271.0,260,140.0,75.0,0.54
07:48:58,259.0,75.0,271.0,9.0,258.0,99.0,272.0,45.0,265.0,12.0,174.0,54.0,0.2600384587650042,259.0,271.0,228,120.0,-32.0,0.53
07:48:59,259.0,7.0,271.0,7.0,258.0,77.0,272.0,35.0,265.0,12.0,84.0,42.0,0.25123694003263725,259.0,271.0,126,42.0,-102.0,0.33
07:49:02,258.0,280.0,269.14,42.0,255.0,70.0,272.58,26.0,263.57,11.139999999999986,350.0,68.0,1.2687474138050414,258.0,269.14,418,282.0,173.5,0.67
07:49:03,258.0,240.0,267.58,36.0,255.0,60.0,272.44,62.0,262.79,9.579999999999984,300.0,98.0,1.6563363185166424,258.0,267.58,398,202.0,-20.0,0.51
07:49:04,258.0,264.0,266.33,45.0,255.0,75.0,272.0,65.0,262.17,8.329999999999984,339.0,110.0,1.9800833315892665,258.0,266.33,449,229.0,51.0,0.51
07:49:05,258.0,192.0,264.17,36.0,255.0,60.0,271.0,15.0,261.08,6.170000000000016,252.0,51.0,1.483013823279673,258.0,264.17,303,201.0,-146.0,0.66
07:49:06,258.0,200.0,263.14,42.0,255.0,70.0,269.57,14.0,260.57,5.139999999999986,270.0,56.0,1.22502244878997,258.0,263.14,326,214.0,23.0,0.66
07:49:08,258.17,104.0,264.0,31.0,257.12,119.0,268.53,15.0,261.09,5.829999999999984,223.0,46.0,0.5848333096191164,258.17,264.0,269,177.0,-54.0,0.66
07:49:09,258.0,266.0,264.63,46.0,255.0,95.0,265.96,49.0,261.32,6.6299999999999955,361.0,95.0,0.3063168295085581,258.0,264.63,456,266.0,173.5,0.58
07:49:10,258.0,182.0,261.54,39.0,255.0,65.0,264.0,26.0,259.77,3.5400000000000205,247.0,65.0,0.6591130404114207,258.0,261.54,312,182.0,-144.0,0.58
07:49:11,258.0,172.0,260.76,34.0,255.0,70.0,265.27,22.0,259.38,2.759999999999991,242.0,56.0,0.9288864301089639,258.0,260.76,298,186.0,-14.0,0.62
07:49:12,258.0,81.0,269.0,9.0,255.0,45.0,272.0,9.0,263.5,11.0,126.0,18.0,1.6199598760587437,258.0,269.0,144,108.0,-154.0,0.75
07:49:13,258.0,93.0,269.0,11.0,255.0,55.0,272.0,11.0,263.5,11.0,148.0,22.0,1.9697410997488833,258.0,269.0,170,126.0,26.0,0.74
07:49:14,258.0,70.0,269.4,10.0,255.0,50.0,304.0,14.0,263.7,11.399999999999977,120.0,24.0,2.192190685145713,258.0,269.4,144,96.0,-26.0,0.67
07:49:35,259.24,34.0,265.72,18.0,258.2,30.0,273.58,12.0,262.48,6.480000000000018,64.0,30.0,1.0229711628585987,259.24,265.72,94,34.0,45.0,0.36
07:49:36,259.0,77.0,271.69,13.0,258.0,22.0,272.5,12.0,265.35,12.689999999999998,99.0,25.0,1.438586111444156,259.0,271.69,124,74.0,30.0,0.6
07:49:37,259.24,51.0,270.31,13.0,258.75,56.0,271.31,13.0,264.77,11.069999999999993,107.0,26.0,1.6101024812227833,259.24,270.31,133,81.0,9.0,0.61
07:49:38,259.11,61.0,266.4,20.0,258.25,24.0,267.0,18.0,262.76,7.289999999999964,85.0,38.0,1.5837455603851587,259.11,266.4,123,47.0,-10.0,0.38
07:49:40,259.0,94.0,260.93,54.0,258.0,38.0,262.45,65.0,259.96,1.9300000000000068,132.0,119.0,2.3556421629866415,259.0,260.93,251,13.0,24.0,0.05
07:49:41,259.0,8.0,268.9,20.0,258.0,16.0,270.0,12.0,263.95,9.899999999999977,24.0,32.0,2.0283121061711964,259.0,268.9,56,-8.0,-174.5,-0.14
07:49:42,259.0,6.0,269.0,18.0,258.0,12.0,271.0,6.0,264.0,10.0,18.0,24.0,1.828463836131523,259.0,269.0,42,-6.0,-14.0,-0.14
07:49:56,259.1,39.0,266.5,38.0,258.33,36.0,270.36,14.0,262.8,7.399999999999977,75.0,52.0,0.5733236433642668,259.1,266.5,127,23.0,-29.0,0.18
07:49:57,259.0,13.0,265.31,39.0,258.0,26.0,268.06,35.0,262.15,6.310000000000002,39.0,74.0,0.6167495440132729,259.0,265.31,113,-35.0,-14.0,-0.31
07:49:58,259.0,10.0,264.7,30.0,258.0,20.0,268.1,30.0,261.85,5.699999999999989,30.0,60.0,0.4011608156847096,259.0,264.7,90,-30.0,-23.0,-0.33
07:50:00,259.35,23.0,264.45,44.0,258.19,27.0,266.88,24.0,261.9,5.099999999999966,50.0,68.0,0.5772780959304102,259.35,264.45,118,-18.0,-15.0,-0.15
07:50:01,258.45,22.0,264.91,22.0,257.71,72.0,268.36,11.0,261.68,6.460000000000036,94.0,33.0,0.35345438183901945,258.45,264.91,127,61.0,9.0,0.48
07:50:02,258.15,156.0,262.43,35.0,255.9,120.0,263.25,40.0,260.29,4.28000000000003,276.0,75.0,0.6711408198295448,258.15,262.43,351,201.0,173.5,0.57
07:50:03,257.66,105.0,260.05,37.0,254.81,97.0,261.32,38.0,258.86,2.3899999999999864,202.0,75.0,1.2416843399358375,257.66,260.05,277,127.0,-74.0,0.46
07:50:04,257.0,52.0,258.13,31.0,255.0,84.0,260.1,30.0,257.56,1.1299999999999955,136.0,61.0,1.854243781179379,257.0,258.13,197,75.0,-80.0,0.38
07:50:05,255.0,90.0,266.03,29.0,254.0,30.0,269.19,37.0,260.52,11.029999999999973,120.0,66.0,1.5962831829104183,255.0,266.03,186,54.0,-11.0,0.29
07:50:06,255.0,102.0,265.46,41.0,254.0,34.0,268.42,31.0,260.23,10.45999999999998,136.0,72.0,1.2619706811343934,255.0,265.46,208,64.0,22.0,0.31
07:50:07,255.0,54.0,265.0,27.0,254.0,18.0,267.0,9.0,260.0,10.0,72.0,36.0,1.222162018736811,255.0,265.0,108,36.0,-100.0,0.33
07:50:08,255.0,37.0,265.0,21.0,254.0,14.0,267.0,7.0,260.0,10.0,51.0,28.0,1.1943282631013403,255.0,265.0,79,23.0,-29.0,0.29
07:50:09,255.0,10.0,262.7,10.0,254.0,20.0,265.1,30.0,258.85,7.699999999999989,30.0,40.0,0.6351771406800168,255.0,262.7,70,-10.0,-9.0,-0.14
07:50:10,252.87,15.0,261.91,11.0,251.33,42.0,266.0,33.0,257.39,9.04000000000002,57.0,44.0,1.1932434789442385,252.87,261.91,101,13.0,31.0,0.13
07:50:11,251.0,24.0,260.21,14.0,250.0,98.0,265.27,44.0,255.61,9.20999999999998,122.0,58.0,1.8789757848476072,251.0,260.21,180,64.0,79.0,0.36
07:50:12,251.0,8.0,264.0,20.0,250.0,56.0,265.2,20.0,257.5,13.0,64.0,40.0,1.6562155656930995,251.0,264.0,104,24.0,-76.0,0.23
07:50:13,254.79,19.0,265.0,28.0,250.79,34.0,266.0,7.0,259.89,10.210000000000008,53.0,35.0,1.6212094251034044,254.79000000000002,265.0,88,18.0,-16.0,0.2
07:50:14,255.0,24.0,265.0,32.0,251.0,64.0,266.0,8.0,260.0,10.0,88.0,40.0,1.8625171140271228,255.0,265.0,128,48.0,40.0,0.38
07:50:15,255.0,15.0,265.0,20.0,251.0,40.0,266.0,5.0,260.0,10.0,55.0,25.0,1.983317927122,255.0,265.0,80,30.0,-48.0,0.38
07:50:16,255.0,39.0,263.56,16.0,251.0,104.0,265.2,25.0,259.28,8.560000000000002,143.0,41.0,1.0680262169268036,255.0,263.56,184,102.0,104.0,0.55
07:50:17,257.77,39.0,265.33,24.0,251.51,74.0,287.83,35.0,261.55,7.560000000000002,113.0,59.0,0.8410291315063978,257.77,265.33,172,54.0,-12.0,0.31
