Time,Bid1_Price,Bid1_Volume,Ask1_Price,Ask1_Volume,Bid2_Price,Bid2_Volume,Ask2_Price,Ask2_Volume,Mid-Price,Bid_Ask_Spread,Market_Depth_Bid,Market_Depth_Ask,Historical_Volatility,Weighted_Avg_Bid_Price,Weighted_Avg_Ask_Price,Total_volume,Cumulative_Volume_Difference,Total_Volume_Change_Corrected,Order_imbalance
07:30:05,131.26,76.0,155.82,11.0,124.64,36.0,158.3,10.0,143.54,24.560000000000002,112.0,21.0,108.18194105302423,131.26,155.82,133,91.0,44.0,0.68
07:30:06,136.0,24.0,149.5,4.0,130.0,15.0,151.8,5.0,142.75,13.5,39.0,9.0,132.57910367022404,136.0,149.5,48,30.0,-85.0,0.62
07:30:07,136.0,21.0,146.86,7.0,130.0,35.0,149.0,9.0,141.43,10.860000000000014,56.0,16.0,128.72449405610425,136.0,146.85999999999999,72,40.0,24.0,0.56
07:30:08,136.0,15.0,146.0,11.0,130.0,25.0,147.0,5.0,141.0,10.0,40.0,16.0,83.93025360381094,136.0,146.0,56,24.0,-16.0,0.43
07:30:09,136.0,27.0,145.0,9.0,130.27,44.0,146.0,27.0,140.5,9.0,71.0,36.0,1.2636573902865897,136.0,145.0,107,35.0,51.0,0.33
07:30:10,136.06,32.0,142.07,27.0,131.86,49.0,143.4,15.0,139.07,6.009999999999991,81.0,42.0,1.3425535371172534,136.06,142.07,123,39.0,16.0,0.32
07:30:11,137.21,28.0,139.92,61.0,135.58,57.0,143.03,37.0,138.57,2.7099999999999795,85.0,98.0,1.2389229193239357,137.21,139.92,183,-13.0,60.0,-0.07
07:30:12,136.0,27.0,139.36,28.0,132.45,116.0,140.95,22.0,137.68,3.3600000000000136,143.0,50.0,1.3711053934786273,136.0,139.36,193,93.0,10.0,0.48
07:30:13,136.0,13.0,138.04,26.0,131.86,112.0,138.64,22.0,137.02,2.039999999999992,125.0,48.0,1.3387942336394496,136.0,138.04,173,77.0,-20.0,0.45
07:30:14,131.02,114.0,135.36,36.0,130.16,83.0,136.88,17.0,133.19,4.340000000000003,197.0,53.0,2.3276876938340227,131.02,135.36,250,144.0,77.0,0.58
07:30:15,131.05,60.0,132.59,27.0,130.14,111.0,133.94,52.0,131.82,1.539999999999992,171.0,79.0,2.9683547631687293,131.05,132.59,250,92.0,0.0,0.37
07:30:16,131.0,16.0,133.46,24.0,130.0,48.0,136.18,22.0,132.23,2.460000000000008,64.0,46.0,2.7591429828891814,131.0,133.46,110,18.0,-140.0,0.16
07:30:17,130.31,64.0,133.0,70.0,128.67,117.0,137.09,34.0,131.66,2.6899999999999977,181.0,104.0,2.225315707944993,130.31,133.0,285,77.0,169.5,0.27
07:30:18,130.0,63.0,132.91,55.0,117.0,33.0,137.0,33.0,131.45,2.9099999999999966,96.0,88.0,0.6882949949163304,130.0,132.91,184,8.0,-101.0,0.04
07:30:19,130.0,16.0,131.54,28.0,124.5,36.0,136.75,20.0,130.77,1.539999999999992,52.0,48.0,0.5383586165623624,130.0,131.54,100,4.0,-84.0,0.04
07:30:20,126.15,52.0,134.4,25.0,118.29,35.0,135.76,25.0,130.28,8.25,87.0,50.0,0.7641792983501957,126.15,134.4,137,37.0,37.0,0.27
07:30:21,125.78,41.0,133.0,18.0,115.41,17.0,134.0,27.0,129.39,7.219999999999999,58.0,45.0,0.9193747875742158,125.78000000000002,133.0,103,13.0,-34.0,0.13
07:30:22,132.0,35.0,133.0,10.0,118.0,15.0,134.0,15.0,132.5,1.0,50.0,25.0,1.17701741704492,132.0,133.0,75,25.0,-28.0,0.33
07:30:23,132.0,70.0,133.69,26.0,119.11,27.0,135.8,30.0,132.85,1.6899999999999977,97.0,56.0,1.4757269395206627,132.0,133.69,153,41.0,78.0,0.27
07:30:24,132.0,64.0,133.24,38.0,118.71,28.0,134.9,30.0,132.62,1.240000000000009,92.0,68.0,1.5822041587693252,132.0,133.24,160,24.0,7.0,0.15
07:30:25,132.0,32.0,134.0,20.0,118.0,24.0,136.5,16.0,133.0,2.0,56.0,36.0,1.5118763177015682,132.0,134.0,92,20.0,-68.0,0.22
07:30:26,132.0,44.0,133.82,22.0,118.0,33.0,135.0,11.0,132.91,1.8199999999999932,77.0,33.0,0.20863844330979778,132.0,133.82,110,44.0,18.0,0.4
07:30:27,132.0,25.0,133.0,20.0,121.3,30.0,135.0,10.0,132.5,1.0,55.0,30.0,0.20863844330979778,132.0,133.0,85,25.0,-25.0,0.29
07:30:28,132.0,5.0,133.0,10.0,129.0,15.0,135.0,5.0,132.5,1.0,20.0,15.0,0.2346912866442708,132.0,133.0,35,5.0,-50.0,0.14
07:30:29,129.1,31.0,133.46,13.0,119.0,33.0,135.65,23.0,131.28,4.360000000000014,64.0,36.0,0.6868915489557074,129.1,133.46,100,28.0,65.0,0.28
07:30:30,129.0,27.0,133.78,9.0,118.0,27.0,135.86,29.0,131.39,4.780000000000001,54.0,38.0,0.7333689385478612,129.0,133.78,92,16.0,-8.0,0.17
07:30:31,129.0,15.0,133.33,9.0,118.0,15.0,134.88,17.0,131.17,4.3300000000000125,30.0,26.0,0.6727332309518049,129.0,133.33,56,4.0,-36.0,0.07
07:30:32,129.24,34.0,133.0,37.0,119.0,33.0,134.77,31.0,131.12,3.759999999999991,67.0,68.0,0.5730357755209289,129.24,133.0,135,-1.0,79.0,-0.01
07:30:33,129.21,39.0,133.0,56.0,120.0,30.0,135.0,83.0,131.1,3.789999999999992,69.0,139.0,0.12153188892995065,129.21,133.0,208,-70.0,73.0,-0.34
07:30:34,130.0,25.0,133.0,32.0,127.38,8.0,135.0,40.0,131.5,3.0,33.0,72.0,0.17868967521062612,130.0,133.0,105,-39.0,-103.0,-0.37
07:30:35,130.0,21.0,133.0,28.0,127.0,7.0,134.14,35.0,131.5,3.0,28.0,63.0,0.20425474297278717,130.0,133.0,91,-35.0,-14.0,-0.38
07:30:36,127.0,3.0,133.0,12.0,123.85,26.0,134.0,15.0,130.0,6.0,29.0,27.0,0.6153698075360043,127.0,133.0,56,2.0,-35.0,0.04
07:30:37,127.0,14.0,133.0,52.0,123.71,98.0,134.0,70.0,130.0,6.0,112.0,122.0,0.7661592523926818,127.0,133.0,234,-10.0,169.5,-0.04
07:30:38,127.0,21.0,132.22,37.0,120.26,46.0,133.04,121.0,129.61,5.219999999999999,67.0,158.0,0.9068737508754584,127.0,132.22,225,-91.0,-9.0,-0.4
07:30:39,128.31,143.0,132.66,85.0,126.29,38.0,229.62,89.0,130.49,4.349999999999994,181.0,174.0,0.729760234616093,128.31,132.66,355,7.0,130.0,0.02
07:30:40,129.73,150.0,132.94,94.0,127.24,17.0,398.99,71.0,131.33,3.210000000000008,167.0,165.0,0.6618383488639366,129.73,132.94,332,2.0,-23.0,0.01
07:30:41,131.0,92.0,132.0,58.0,126.0,12.0,133.0,60.0,131.5,1.0,104.0,118.0,0.8206887351651136,131.0,132.0,222,-14.0,-110.0,-0.06
07:30:42,131.0,65.0,132.41,49.0,126.0,12.0,162.55,44.0,131.7,1.4099999999999966,77.0,93.0,0.8680034562297985,131.0,132.41,170,-16.0,-52.0,-0.09
07:30:43,131.0,32.0,132.15,65.0,125.12,8.0,263.0,15.0,131.58,1.1500000000000057,40.0,80.0,0.4830631428983633,131.0,132.15,120,-40.0,-50.0,-0.33
07:30:44,131.0,10.0,132.0,49.0,125.0,7.0,133.0,28.0,131.5,1.0,17.0,77.0,0.13498148031053733,131.0,132.0,94,-60.0,-26.0,-0.64
07:30:45,131.0,8.0,132.0,56.0,127.86,14.0,304.43,35.0,131.5,1.0,22.0,91.0,0.08763560935385475,131.0,132.0,113,-69.0,19.0,-0.61
07:30:46,131.0,6.0,132.0,42.0,125.0,6.0,225.0,30.0,131.5,1.0,12.0,72.0,0.08763560935385475,131.0,132.0,84,-60.0,-29.0,-0.71
07:30:47,128.75,8.0,132.0,46.0,124.45,11.0,254.5,20.0,130.38,3.25,19.0,66.0,0.5109990215517494,128.75,132.0,85,-47.0,1.0,-0.55
07:30:48,127.88,34.0,232.16,44.0,124.36,22.0,499.0,18.0,180.02,104.28,56.0,62.0,21.829411352577207,127.88,232.15999999999997,118,-6.0,33.0,-0.05
07:30:49,135.1,62.0,146.07,56.0,133.51,45.0,158.93,14.0,140.58,10.969999999999999,107.0,70.0,21.212573629808016,135.1,146.07,177,37.0,59.0,0.21
07:30:50,136.42,24.0,146.0,36.0,135.69,29.0,194.97,29.0,141.21,9.580000000000013,53.0,65.0,20.346695554807575,136.42,146.0,118,-12.0,-59.0,-0.1
07:30:51,136.88,16.0,146.0,32.0,135.88,16.0,176.82,28.0,141.44,9.120000000000005,32.0,60.0,19.18217610178851,136.88,146.0,92,-28.0,-26.0,-0.3
07:30:52,137.0,20.0,144.8,40.0,136.0,20.0,417.24,25.0,140.9,7.800000000000011,40.0,65.0,17.438749955201086,137.0,144.8,105,-25.0,13.0,-0.24
07:30:53,137.0,22.0,141.91,44.0,136.0,78.0,259.69,52.0,139.45,4.909999999999997,100.0,96.0,0.7783508206625872,137.0,141.91,196,4.0,91.0,0.02
07:30:54,136.04,97.0,139.07,56.0,132.71,102.0,140.14,56.0,137.56,3.030000000000001,199.0,112.0,1.6233514715015096,136.04,139.07,311,87.0,115.0,0.28
07:30:55,136.0,42.0,137.73,44.0,132.0,77.0,170.56,32.0,136.86,1.7299999999999898,119.0,76.0,2.007889439193818,136.0,137.73,195,43.0,-116.0,0.22
07:30:56,132.52,62.0,136.57,56.0,131.29,97.0,216.5,16.0,134.54,4.049999999999983,159.0,72.0,2.443464753178581,132.52,136.57,231,87.0,36.0,0.38
07:30:57,132.0,27.0,134.22,36.0,131.0,108.0,182.45,31.0,133.11,2.219999999999999,135.0,67.0,2.5048612736089826,132.0,134.22,202,68.0,-29.0,0.34
07:30:58,132.0,15.0,133.47,17.0,131.0,48.0,143.6,20.0,132.74,1.4699999999999989,63.0,37.0,2.1735500914462618,132.0,133.47,100,26.0,-102.0,0.26
07:30:59,131.36,33.0,134.0,36.0,130.16,75.0,266.5,12.0,132.68,2.6399999999999864,108.0,48.0,1.7742829537664209,131.36,134.0,156,60.0,56.0,0.38
07:31:00,132.37,100.0,304.62,34.0,130.74,62.0,487.77,40.0,218.49,172.25,162.0,74.0,38.1200966682933,132.37,304.62,236,88.0,80.0,0.37
07:31:01,136.0,60.0,200.0,30.0,131.0,108.0,239.0,18.0,168.0,64.0,168.0,48.0,37.592426497900156,136.0,200.0,216,120.0,-20.0,0.56
07:31:02,136.0,46.0,197.21,42.0,131.0,100.0,268.5,14.0,166.61,61.21000000000001,146.0,56.0,35.17692468081918,136.0,197.20999999999998,202,90.0,-14.0,0.45
07:31:03,134.12,16.0,194.18,33.0,130.91,66.0,315.09,23.0,164.15,60.06,82.0,56.0,30.796818504514807,134.12,194.18,138,26.0,-64.0,0.19
07:31:04,130.86,77.0,136.02,91.0,128.98,82.0,253.8,45.0,133.44,5.159999999999997,159.0,136.0,30.56768342547446,130.86,136.02,295,23.0,157.0,0.08
07:31:05,130.0,25.0,132.0,35.0,115.78,9.0,303.0,15.0,131.0,2.0,34.0,50.0,18.711628737232527,130.0,132.0,84,-16.0,-170.5,-0.19
07:31:06,130.0,40.0,132.0,56.0,125.4,20.0,303.0,24.0,131.0,2.0,60.0,80.0,18.432716837189965,130.0,132.0,140,-20.0,56.0,-0.14
07:31:07,130.0,40.0,132.0,32.0,129.0,32.0,303.0,24.0,131.0,2.0,72.0,56.0,14.590634667485382,130.0,132.0,128,16.0,-12.0,0.12
07:31:08,129.56,72.0,131.54,63.0,102.52,65.0,195.52,46.0,130.55,1.9799999999999898,137.0,109.0,1.1580241793788455,129.56,131.54,246,28.0,118.0,0.11
07:31:09,129.0,30.0,132.0,32.0,69.81,27.0,133.0,8.0,130.5,3.0,57.0,40.0,0.26076809625803954,129.0,132.0,97,17.0,-149.0,0.18
07:31:10,127.89,18.0,130.79,29.0,109.84,31.0,182.33,9.0,129.34,2.8999999999999915,49.0,38.0,0.6792790295791776,127.89,130.79,87,11.0,-10.0,0.13
07:31:11,117.47,34.0,131.62,13.0,45.24,25.0,291.29,14.0,124.54,14.150000000000006,59.0,27.0,2.6686475975718373,117.47,131.62,86,32.0,-1.0,0.37
07:31:12,129.1,61.0,237.47,17.0,113.45,66.0,339.16,19.0,183.28,108.37,127.0,36.0,24.51895837918134,129.1,237.47,163,91.0,77.0,0.56
07:31:13,134.89,27.0,293.7,23.0,132.0,63.0,399.8,10.0,214.29,158.81,90.0,33.0,40.28616139569552,134.89,293.7,123,57.0,-40.0,0.46
07:31:14,136.27,33.0,242.43,21.0,132.55,65.0,409.17,12.0,189.35,106.16,98.0,33.0,39.41860030493256,136.27,242.42999999999998,131,65.0,8.0,0.5
07:31:21,137.2,20.0,142.91,22.0,136.4,15.0,201.64,22.0,140.05,5.710000000000008,35.0,44.0,21.84035439272962,137.2,142.91,79,-9.0,-17.0,-0.11
07:31:22,137.0,12.0,142.0,12.0,136.0,6.0,279.25,8.0,139.5,5.0,18.0,20.0,22.700500435012938,137.0,142.0,38,-2.0,-41.0,-0.05
07:31:23,137.0,14.0,142.0,18.0,136.0,9.0,239.6,15.0,139.5,5.0,23.0,33.0,9.365788808211532,137.0,142.0,56,-10.0,18.0,-0.18
07:31:24,134.47,15.0,141.38,26.0,131.86,59.0,207.33,15.0,137.93,6.909999999999997,74.0,41.0,1.282119339226719,134.47,141.38,115,33.0,59.0,0.29
07:31:25,135.66,35.0,140.42,24.0,129.92,24.0,216.4,20.0,138.04,4.759999999999991,59.0,44.0,0.9577212538202384,135.66,140.42,103,15.0,-12.0,0.15
07:31:26,137.3,40.0,140.04,25.0,134.04,47.0,206.43,21.0,138.67,2.7399999999999807,87.0,46.0,0.759190358223115,137.3,140.04,133,41.0,30.0,0.31
07:31:27,136.0,24.0,298.57,14.0,132.0,112.0,527.32,25.0,217.29,162.57,136.0,39.0,35.22584463146373,136.0,298.57,175,97.0,42.0,0.55
07:31:31,137.0,44.0,238.43,46.0,136.0,77.0,541.45,31.0,187.72,101.43,121.0,77.0,66.73522046116312,137.0,238.43,198,44.0,18.0,0.22
07:31:35,136.0,72.0,217.1,39.0,133.0,36.0,294.91,54.0,176.55,81.1,108.0,93.0,67.29171516613351,136.0,217.1,201,15.0,89.0,0.07
07:31:36,136.0,90.0,168.6,30.0,133.0,45.0,182.25,59.0,152.3,32.599999999999994,135.0,89.0,77.26588425689594,136.0,168.6,224,46.0,23.0,0.21
07:31:37,136.17,72.0,166.65,37.0,134.33,54.0,167.3,37.0,151.41,30.480000000000018,126.0,74.0,78.7884196440063,136.17,166.65,200,52.0,-24.0,0.26
07:31:38,132.63,97.0,163.77,43.0,132.04,85.0,164.55,55.0,148.2,31.140000000000015,182.0,98.0,59.838412161420464,132.63,163.77,280,84.0,80.0,0.3
07:31:39,132.15,94.0,162.0,50.0,131.75,32.0,163.0,20.0,147.07,29.849999999999994,126.0,70.0,12.182459932215185,132.15,162.0,196,56.0,-84.0,0.29
07:31:40,132.5,111.0,158.68,38.0,131.96,137.0,160.96,67.0,145.59,26.180000000000007,248.0,105.0,2.857189178200715,132.5,158.68,353,143.0,157.0,0.41
07:31:41,137.17,53.0,153.94,69.0,135.92,52.0,155.06,63.0,145.56,16.77000000000001,105.0,132.0,2.416242951366234,137.17,153.94,237,-27.0,-116.0,-0.11
07:31:42,137.0,44.0,151.39,41.0,136.0,33.0,152.29,41.0,144.2,14.389999999999986,77.0,82.0,1.541891695297285,137.0,151.39,159,-5.0,-78.0,-0.03
07:31:43,137.0,52.0,146.65,51.0,136.0,39.0,147.71,49.0,141.82,9.650000000000006,91.0,100.0,1.973795835446643,137.0,146.65,191,-9.0,32.0,-0.05
07:31:44,137.0,60.0,140.36,36.0,135.41,142.0,141.74,50.0,138.68,3.3600000000000136,202.0,86.0,2.9415982050623763,137.0,140.36,288,116.0,97.0,0.4
07:31:45,136.32,53.0,138.39,31.0,135.55,141.0,198.88,51.0,137.35,2.069999999999993,194.0,82.0,3.5017310005233013,136.32,138.39,276,112.0,-12.0,0.41
07:31:46,136.0,75.0,137.0,21.0,133.0,49.0,246.33,27.0,136.5,1.0,124.0,48.0,3.222840362169008,136.0,137.0,172,76.0,-104.0,0.44
07:31:47,136.0,108.0,305.36,47.0,134.32,82.0,364.48,48.0,220.68,169.36,190.0,95.0,36.768497113698125,136.0,305.36,285,95.0,113.0,0.33
07:31:48,136.0,40.0,205.0,6.0,133.0,42.0,358.83,30.0,170.5,69.0,82.0,36.0,36.43272732036442,136.0,205.0,118,46.0,-167.0,0.39
07:31:49,136.0,66.0,368.08,39.0,133.0,84.0,459.72,58.0,252.04,232.07999999999998,150.0,97.0,51.448686863709455,136.0,368.08,247,53.0,129.0,0.21
07:31:50,136.0,24.0,176.52,23.0,133.0,56.0,293.57,21.0,156.26,40.52000000000001,80.0,44.0,47.780224779714366,136.0,176.52,124,36.0,-123.0,0.29
07:31:51,136.0,10.0,156.5,4.0,133.0,28.0,176.0,16.0,146.25,20.5,38.0,20.0,45.330115596588,136.0,156.5,58,18.0,-66.0,0.31
07:31:52,136.0,53.0,162.0,9.0,133.0,63.0,285.33,36.0,149.0,26.0,116.0,45.0,44.18422003385404,136.0,162.0,161,71.0,103.0,0.44
07:31:53,136.0,42.0,170.0,8.0,133.0,42.0,259.0,16.0,153.0,34.0,84.0,24.0,45.29026164640726,136.0,170.0,108,60.0,-53.0,0.56
07:31:54,136.0,77.0,176.86,29.0,133.0,77.0,303.78,27.0,156.43,40.860000000000014,154.0,56.0,4.490497745242308,136.0,176.86,210,98.0,102.0,0.47
07:31:55,136.0,63.0,175.39,23.0,133.0,63.0,218.89,18.0,155.7,39.389999999999986,126.0,41.0,4.368882008022903,136.0,175.39,167,85.0,-43.0,0.51
07:31:56,136.0,42.0,173.06,17.0,133.0,42.0,174.54,13.0,154.53,37.06,84.0,30.0,2.946043108989812,136.0,173.06,114,54.0,-53.0,0.47
07:31:57,136.0,84.0,166.94,34.0,133.0,126.0,170.06,34.0,151.47,30.939999999999998,210.0,68.0,2.0137849934951833,136.0,166.94,278,142.0,164.0,0.51
07:31:58,134.59,17.0,150.48,25.0,132.99,82.0,151.74,31.0,142.53,15.889999999999986,99.0,56.0,5.691890722776243,134.59,150.48,155,43.0,-123.0,0.28
07:31:59,133.0,88.0,146.36,33.0,132.0,11.0,148.0,22.0,139.68,13.360000000000014,99.0,55.0,7.246679929459148,133.0,146.36,154,44.0,-1.0,0.29
07:32:00,133.0,112.0,145.6,40.0,132.0,15.0,147.14,35.0,139.3,12.599999999999994,127.0,75.0,7.041219354630696,133.0,145.6,202,52.0,48.0,0.26
07:32:01,133.0,60.0,143.37,27.0,131.5,16.0,145.09,33.0,138.19,10.370000000000005,76.0,60.0,5.405472227292059,133.0,143.37,136,16.0,-66.0,0.12
07:32:02,133.0,26.0,140.52,31.0,131.0,28.0,142.23,39.0,136.76,7.52000000000001,54.0,70.0,2.1366258446498434,133.0,140.52,124,-16.0,-12.0,-0.13
07:32:03,131.67,42.0,139.0,22.0,87.5,30.0,140.0,33.0,135.33,7.3300000000000125,72.0,55.0,1.8100745841057297,131.67,139.0,127,17.0,3.0,0.13
07:32:04,132.0,56.0,138.57,14.0,129.0,17.0,140.0,21.0,135.29,6.569999999999993,73.0,35.0,1.7658793843367375,132.0,138.57,108,38.0,-19.0,0.35
07:32:05,132.0,72.0,137.04,25.0,129.0,18.0,138.6,20.0,134.52,5.039999999999992,90.0,45.0,1.4590647689617653,132.0,137.04,135,45.0,27.0,0.33
07:32:06,132.0,34.0,133.67,21.0,129.0,18.0,231.1,21.0,132.83,1.6699999999999875,52.0,42.0,1.433118976228223,132.0,133.67,94,10.0,-41.0,0.11
07:32:07,129.67,18.0,150.4,30.0,98.76,25.0,315.14,21.0,140.03,20.730000000000018,43.0,51.0,2.6754999532845156,129.67,150.4,94,-8.0,0.0,-0.09
07:32:08,129.0,14.0,133.0,20.0,112.05,57.0,258.86,14.0,131.0,4.0,71.0,34.0,3.3900781701939287,129.0,133.0,105,37.0,11.0,0.35
07:32:09,129.0,20.0,132.37,19.0,113.0,90.0,252.88,24.0,130.68,3.3700000000000045,110.0,43.0,3.802823950701026,129.0,132.37,153,67.0,48.0,0.44
07:32:10,125.14,14.0,130.0,21.0,110.71,42.0,131.57,14.0,127.57,4.859999999999999,56.0,35.0,4.654209922212937,125.14,130.0,91,21.0,-62.0,0.23
07:32:11,129.12,32.0,130.44,36.0,103.97,35.0,132.15,26.0,129.78,1.3199999999999932,67.0,62.0,4.785391311065934,129.12,130.44,129,5.0,38.0,0.04
07:32:12,130.0,40.0,132.0,20.0,129.0,20.0,133.0,10.0,131.0,2.0,60.0,30.0,1.4504757840189102,130.0,132.0,90,30.0,-39.0,0.33
07:32:13,130.0,32.0,137.0,15.0,129.0,16.0,152.16,19.0,133.5,7.0,48.0,34.0,2.1439169760103294,130.0,137.0,82,14.0,-8.0,0.17
07:32:14,130.18,33.0,211.63,38.0,128.1,20.0,323.4,30.0,170.91,81.44999999999999,53.0,68.0,18.215020450167636,130.18,211.63,121,-15.0,39.0,-0.12
07:32:15,135.81,32.0,235.4,30.0,133.38,29.0,306.0,28.0,185.61,99.59,61.0,58.0,26.207206070087395,135.81,235.4,119,3.0,-2.0,0.03
07:32:16,136.6,50.0,179.12,49.0,134.9,58.0,183.36,39.0,157.86,42.52000000000001,108.0,88.0,23.63005988143123,136.6,179.12000000000003,196,20.0,77.0,0.1
07:32:17,136.0,55.0,151.52,23.0,132.87,46.0,177.82,44.0,143.76,15.52000000000001,101.0,67.0,20.805585067477093,136.0,151.52,168,34.0,-28.0,0.2
07:32:18,136.0,63.0,163.26,27.0,128.0,30.0,164.71,48.0,149.63,27.25999999999999,93.0,75.0,16.872164354344868,136.0,163.26,168,18.0,0.0,0.11
07:32:19,136.0,18.0,160.67,12.0,128.0,12.0,161.22,18.0,148.33,24.669999999999987,30.0,30.0,16.76341164560561,136.0,160.67,60,0.0,-108.0,0.0
07:32:20,136.0,27.0,155.75,12.0,130.38,45.0,159.64,33.0,145.88,19.75,72.0,45.0,5.396644327730549,136.0,155.75,117,27.0,57.0,0.23
07:32:21,136.0,30.0,146.38,13.0,130.93,56.0,149.89,37.0,141.19,10.379999999999995,86.0,50.0,3.4088517128244997,136.0,146.38,136,36.0,19.0,0.26
07:32:22,136.0,51.0,142.11,36.0,131.4,20.0,144.75,24.0,139.06,6.110000000000014,71.0,60.0,4.553413005650444,136.0,142.11,131,11.0,-5.0,0.08
07:32:23,136.0,62.0,138.36,14.0,133.0,11.0,140.21,38.0,137.18,2.3600000000000136,73.0,52.0,4.666837258789609,136.0,138.36,125,21.0,-6.0,0.17
07:32:24,136.0,18.0,142.25,8.0,133.0,8.0,192.92,26.0,139.12,6.25,26.0,34.0,3.332413539767706,136.0,142.25,60,-8.0,-65.0,-0.13
07:32:25,136.0,16.0,143.25,8.0,133.0,8.0,508.12,32.0,139.62,7.25,24.0,40.0,1.4350191636446112,136.0,143.25,64,-16.0,4.0,-0.25
07:32:26,136.0,14.0,141.29,7.0,133.0,7.0,496.85,26.0,138.64,5.289999999999992,21.0,33.0,0.9305267325699665,136.0,141.29,54,-12.0,-10.0,-0.22
07:32:27,135.0,24.0,139.1,10.0,132.83,48.0,215.67,36.0,137.05,4.099999999999994,72.0,46.0,1.1559498259125973,135.0,139.1,118,26.0,64.0,0.22
07:32:28,133.0,36.0,138.22,9.0,131.0,18.0,256.38,26.0,135.61,5.219999999999999,54.0,35.0,1.6509603266061186,133.0,138.22,89,19.0,-29.0,0.21
07:32:29,131.67,30.0,215.76,17.0,130.07,28.0,348.1,31.0,173.72,84.09,58.0,48.0,16.167723092632023,131.67,215.76,106,10.0,17.0,0.09
07:32:30,136.0,24.0,322.62,26.0,131.0,12.0,341.5,16.0,229.31,186.62,36.0,42.0,40.400708285870756,136.0,322.62,78,-6.0,-28.0,-0.08
07:32:31,136.0,52.0,309.32,59.0,131.46,26.0,391.26,35.0,222.66,173.32,78.0,94.0,45.01505359321507,136.0,309.32,172,-16.0,94.0,-0.09
07:32:32,134.46,26.0,137.11,9.0,131.44,18.0,139.0,27.0,135.79,2.6500000000000057,44.0,36.0,45.315815892467675,134.46,137.11,80,8.0,-92.0,0.1
07:32:33,131.38,26.0,136.46,13.0,130.08,24.0,139.0,39.0,133.92,5.0800000000000125,50.0,52.0,45.728679731652285,131.38,136.46,102,-2.0,22.0,-0.02
07:32:34,130.13,15.0,135.0,11.0,83.69,32.0,250.94,16.0,132.57,4.8700000000000045,47.0,27.0,50.39899453362167,130.13,135.0,74,20.0,-28.0,0.27
07:32:35,128.0,4.0,135.0,4.0,87.0,12.0,218.85,13.0,131.5,7.0,16.0,17.0,39.9303339580328,128.0,135.0,33,-1.0,-41.0,-0.03
07:32:36,128.64,22.0,133.64,14.0,109.64,25.0,372.31,52.0,131.14,5.0,47.0,66.0,1.905499934407754,128.64,133.64,113,-19.0,80.0,-0.17
07:32:37,129.0,11.0,130.91,11.0,128.0,29.0,162.53,15.0,129.95,1.9099999999999966,40.0,26.0,1.5028406435906758,129.0,130.91,66,14.0,-47.0,0.21
07:32:38,128.03,29.0,130.1,30.0,115.5,36.0,164.44,27.0,129.07,2.069999999999993,65.0,57.0,1.3641224285335036,128.03,130.1,122,8.0,56.0,0.07
07:32:41,114.4,50.0,127.0,15.0,111.64,33.0,128.0,5.0,120.7,12.599999999999994,83.0,20.0,9.801378984613821,114.4,127.0,103,63.0,-45.0,0.61
07:32:42,118.02,99.0,127.0,51.0,117.03,64.0,128.0,9.0,122.51,8.980000000000004,163.0,60.0,8.359319948418635,118.02,127.0,223,103.0,120.0,0.46
07:32:43,120.75,120.0,127.0,50.0,118.58,74.0,128.7,10.0,123.88,6.25,194.0,60.0,6.906241380087284,120.75,127.0,254,134.0,31.0,0.53
07:32:44,124.54,61.0,147.64,14.0,123.73,75.0,527.63,19.0,136.09,23.09999999999998,136.0,33.0,9.609668568687955,124.54,147.64000000000001,169,103.0,-85.0,0.61
07:32:45,125.55,112.0,208.18,22.0,120.1,101.0,289.93,28.0,166.87,82.63000000000001,213.0,50.0,19.339913391740605,125.55,208.18,263,163.0,94.0,0.62
07:32:46,127.81,128.0,285.0,21.0,125.44,100.0,313.7,30.0,206.41,157.19,228.0,51.0,35.67734603358307,127.81,285.0,279,177.0,16.0,0.63
07:32:47,128.0,91.0,320.0,7.0,127.0,42.0,471.14,14.0,224.0,192.0,133.0,21.0,43.35295549325355,128.0,320.0,154,112.0,-125.0,0.73
07:32:48,128.0,87.0,319.29,7.0,127.0,42.0,569.0,14.0,223.64,191.29000000000002,129.0,21.0,38.69235932325684,128.0,319.29,150,108.0,-4.0,0.72
07:32:49,128.06,122.0,207.44,18.0,127.0,66.0,246.31,16.0,167.75,79.38,188.0,34.0,28.67020805644807,128.06,207.44,222,154.0,72.0,0.69
07:32:50,130.56,108.0,186.97,34.0,127.57,98.0,187.13,23.0,158.76,56.41,206.0,57.0,30.98852642511451,130.56,186.97,263,149.0,41.0,0.57
07:32:51,136.0,75.0,144.68,22.0,131.38,91.0,145.36,25.0,140.34,8.680000000000007,166.0,47.0,38.641212713889054,136.0,144.68,213,119.0,-50.0,0.56
07:32:52,136.6,82.0,141.1,20.0,133.71,70.0,143.27,26.0,138.85,4.5,152.0,46.0,34.54461130190962,136.6,141.1,198,106.0,-15.0,0.54
07:32:53,136.3,27.0,139.0,24.0,134.12,85.0,140.0,11.0,137.65,2.6999999999999886,112.0,35.0,13.721481334025992,136.3,139.0,147,77.0,-51.0,0.52
07:32:54,137.0,7.0,138.73,11.0,136.0,35.0,139.4,10.0,137.86,1.7299999999999898,42.0,21.0,9.044936152346482,137.0,138.73,63,21.0,-84.0,0.33
07:32:55,133.9,108.0,137.17,12.0,132.97,165.0,139.0,24.0,135.53,3.269999999999982,273.0,36.0,1.7628471289437242,133.9,137.17,309,237.0,169.5,0.77
07:32:56,133.0,217.0,135.69,13.0,132.0,65.0,139.0,26.0,134.35,2.6899999999999977,282.0,39.0,1.8474631254845837,133.0,135.69,321,243.0,12.0,0.76
07:32:57,133.0,192.0,169.92,48.0,132.0,80.0,228.24,34.0,151.46,36.91999999999999,272.0,82.0,6.916512849697099,133.0,169.92,354,190.0,33.0,0.54
07:32:58,133.0,114.0,180.1,40.0,132.0,50.0,189.4,25.0,156.55,47.099999999999994,164.0,65.0,10.150179801364352,133.0,180.1,229,99.0,-125.0,0.43
07:32:59,135.83,113.0,175.17,41.0,132.85,103.0,190.86,28.0,155.5,39.339999999999975,216.0,69.0,10.890466932139535,135.83,175.17,285,147.0,56.0,0.52
07:33:00,137.0,86.0,180.0,44.0,133.0,121.0,199.0,22.0,158.5,43.0,207.0,66.0,9.802635870010903,137.0,180.0,273,141.0,-12.0,0.52
07:33:01,137.0,30.0,180.0,36.0,133.0,66.0,199.0,12.0,158.5,43.0,96.0,48.0,2.8987963019198344,137.0,180.0,144,48.0,-129.0,0.33
07:33:02,137.47,38.0,179.67,73.0,135.92,64.0,244.59,27.0,158.57,42.19999999999999,102.0,100.0,1.4181431521620107,137.47,179.67,202,2.0,58.0,0.01
07:33:06,136.61,69.0,173.81,64.0,133.26,106.0,336.13,38.0,155.21,37.19999999999999,175.0,102.0,1.368685500772208,136.61,173.81,277,73.0,169.5,0.26
07:33:07,136.0,45.0,170.0,28.0,133.0,99.0,302.61,31.0,153.0,34.0,144.0,59.0,2.1310396523819652,136.0,170.0,203,85.0,-74.0,0.42
07:33:08,136.0,64.0,166.33,30.0,133.0,89.0,169.67,30.0,151.17,30.330000000000013,153.0,60.0,2.640827521824267,136.0,166.33,213,93.0,10.0,0.44
07:33:09,136.0,54.0,165.62,26.0,133.0,99.0,166.29,28.0,150.81,29.620000000000005,153.0,54.0,2.5857880810353913,136.0,165.62,207,99.0,-6.0,0.48
07:33:10,133.85,92.0,139.56,18.0,132.69,96.0,180.04,23.0,136.7,5.710000000000008,188.0,41.0,7.299395180425929,133.85,139.56,229,147.0,22.0,0.64
07:33:11,133.0,96.0,134.44,18.0,132.0,45.0,137.0,9.0,133.72,1.4399999999999977,141.0,27.0,9.109355081454762,133.0,134.44,168,114.0,-61.0,0.68
07:33:12,133.0,78.0,134.0,20.0,132.0,50.0,137.0,10.0,133.5,1.0,128.0,30.0,9.044907406934914,133.0,134.0,158,98.0,-10.0,0.62
07:33:13,133.0,86.0,189.2,25.0,132.0,70.0,439.84,25.0,161.1,56.19999999999999,156.0,50.0,12.293562543055847,133.0,189.2,206,106.0,48.0,0.51
07:33:14,132.93,68.0,342.6,20.0,131.83,66.0,636.43,28.0,237.76,209.67000000000002,134.0,48.0,44.67118847758613,132.93,342.6,182,86.0,-24.0,0.47
07:33:16,133.2,15.0,270.1,20.0,132.0,44.0,360.24,21.0,201.65,136.90000000000003,59.0,41.0,66.29633866210123,133.2,270.1,100,18.0,-122.0,0.18
07:33:17,135.3,10.0,188.0,20.0,132.0,40.0,230.33,15.0,161.65,52.69999999999999,50.0,35.0,59.28965904776328,135.3,188.0,85,15.0,-15.0,0.18
07:33:18,136.86,7.0,188.0,14.0,132.0,28.0,251.0,14.0,162.43,51.139999999999986,35.0,28.0,59.00139939018411,136.86,188.0,63,7.0,-22.0,0.11
07:33:19,135.57,7.0,188.0,14.0,131.48,42.0,370.86,14.0,161.79,52.43000000000001,49.0,28.0,60.840398585150815,135.57,188.0,77,21.0,14.0,0.27
07:33:20,131.1,61.0,186.55,22.0,130.52,126.0,421.67,21.0,158.82,55.45000000000002,187.0,43.0,18.155352378844857,131.1,186.55,230,144.0,153.0,0.63
07:33:21,131.27,33.0,163.36,28.0,130.73,135.0,286.24,21.0,147.31,32.09,168.0,49.0,6.353345575366545,131.27,163.35999999999999,217,119.0,-13.0,0.55
07:33:22,132.0,27.0,148.52,29.0,131.13,52.0,260.15,26.0,140.26,16.52000000000001,79.0,55.0,9.854576094385326,132.0,148.52,134,24.0,-83.0,0.18
07:33:23,133.12,8.0,181.33,18.0,132.0,40.0,318.64,22.0,157.23,48.21000000000001,48.0,40.0,8.99554723182703,133.12,181.33,88,8.0,-46.0,0.09
07:33:24,132.65,43.0,177.8,35.0,130.87,118.0,234.33,45.0,155.23,45.150000000000006,161.0,80.0,7.807967084973611,132.65,177.8,241,81.0,153.0,0.34
07:33:25,131.0,36.0,175.0,12.0,130.0,72.0,333.5,18.0,153.0,44.0,108.0,30.0,6.871923311565088,131.0,175.0,138,78.0,-103.0,0.57
07:33:26,131.1,40.0,174.62,16.0,130.14,84.0,374.0,34.0,152.86,43.52000000000001,124.0,50.0,6.65112246166249,131.1,174.62,174,74.0,36.0,0.43
07:33:27,132.0,24.0,174.0,24.0,131.0,72.0,277.57,42.0,153.0,42.0,96.0,66.0,1.9298264170723511,132.0,174.0,162,30.0,-12.0,0.19
07:33:28,131.0,78.0,172.92,26.0,129.64,94.0,254.0,39.0,151.96,41.91999999999999,172.0,65.0,1.2097107092320663,131.0,172.92000000000002,237,107.0,75.0,0.45
07:33:29,133.86,21.0,172.0,14.0,130.06,47.0,238.29,21.0,152.93,38.139999999999986,68.0,35.0,0.445421149061157,133.86,172.0,103,33.0,-134.0,0.32
07:33:30,136.26,27.0,159.64,33.0,135.24,33.0,172.9,30.0,147.95,23.379999999999995,60.0,63.0,2.1604744849295123,136.26,159.64,123,-3.0,20.0,-0.02
07:33:31,137.0,12.0,154.11,45.0,136.0,48.0,154.95,37.0,145.56,17.110000000000014,60.0,82.0,3.3522604314152034,137.0,154.11,142,-22.0,19.0,-0.15
07:33:32,137.0,12.0,151.0,36.0,136.0,48.0,151.94,35.0,144.0,14.0,60.0,71.0,3.8984163451371963,137.0,151.0,131,-11.0,-11.0,-0.08
07:33:33,137.0,13.0,146.93,42.0,136.0,91.0,148.6,30.0,141.96,9.930000000000007,104.0,72.0,4.218726111047477,137.0,146.93,176,32.0,45.0,0.18
07:33:34,136.38,29.0,142.16,43.0,135.43,95.0,142.7,23.0,139.27,5.780000000000001,124.0,66.0,3.3261494253919213,136.38,142.16,190,58.0,14.0,0.31
07:33:35,136.0,75.0,138.03,40.0,133.0,72.0,140.38,32.0,137.01,2.030000000000001,147.0,72.0,3.466273214857152,136.0,138.03,219,75.0,29.0,0.34
07:33:36,134.16,49.0,136.76,51.0,131.98,110.0,270.89,44.0,135.46,2.5999999999999943,159.0,95.0,3.4952896875705686,134.16,136.76,254,64.0,35.0,0.25
07:33:37,131.53,57.0,134.64,33.0,130.35,101.0,300.0,35.0,133.08,3.109999999999985,158.0,68.0,3.422678775467882,131.53,134.64,226,90.0,-28.0,0.4
07:33:38,131.0,35.0,133.0,15.0,130.0,55.0,342.4,15.0,132.0,2.0,90.0,30.0,2.9371976440204643,131.0,133.0,120,60.0,-106.0,0.5
07:33:39,131.0,70.0,133.0,26.0,130.0,110.0,218.5,30.0,132.0,2.0,180.0,56.0,2.235933809404935,131.0,133.0,236,124.0,116.0,0.53
07:33:40,131.44,90.0,168.68,44.0,130.2,138.0,411.39,44.0,150.06,37.24000000000001,228.0,88.0,7.699831166982738,131.44,168.68,316,140.0,80.0,0.44
07:33:41,133.0,12.0,161.0,40.0,131.0,56.0,332.0,24.0,147.0,28.0,68.0,64.0,8.933393532137583,133.0,161.0,132,4.0,-170.5,0.03
07:33:42,133.0,6.0,161.0,30.0,131.0,42.0,388.67,18.0,147.0,28.0,48.0,48.0,8.86299723570059,133.0,161.0,96,0.0,-36.0,0.0
07:33:43,131.0,18.0,161.0,30.0,130.0,66.0,638.0,18.0,146.0,30.0,84.0,48.0,7.104134007747526,131.0,161.0,132,36.0,36.0,0.27
07:33:46,133.0,20.0,384.59,44.0,132.0,106.0,448.92,36.0,258.8,251.58999999999997,126.0,80.0,82.3335853100057,133.0,384.59,206,46.0,36.0,0.22
07:33:47,134.17,30.0,228.88,24.0,133.0,12.0,389.8,15.0,181.52,94.71000000000001,42.0,39.0,74.33023496532205,134.17,228.88,81,3.0,-125.0,0.04
07:33:48,135.0,45.0,319.44,54.0,133.0,30.0,505.5,36.0,227.22,184.44,75.0,90.0,54.886467822223494,135.0,319.44,165,-15.0,84.0,-0.09
07:33:49,135.2,30.0,236.29,41.0,133.55,22.0,381.7,20.0,185.75,101.09,52.0,61.0,48.44991506700493,135.2,236.29,113,-9.0,-52.0,-0.08
07:33:50,136.33,36.0,237.33,24.0,135.33,36.0,348.82,33.0,186.83,101.0,72.0,57.0,33.891250050713765,136.33,237.33,129,15.0,16.0,0.12
07:33:51,137.5,30.0,191.82,34.0,136.1,30.0,233.34,29.0,164.66,54.31999999999999,60.0,63.0,23.044705031742485,137.5,191.82,123,-3.0,-6.0,-0.02
07:33:52,137.04,85.0,189.64,44.0,133.52,23.0,291.7,43.0,163.34,52.599999999999994,108.0,87.0,25.82509922536639,137.04,189.64,195,21.0,72.0,0.11
07:33:53,137.0,130.0,187.4,40.0,133.0,20.0,305.21,38.0,162.2,50.400000000000006,150.0,78.0,12.573353967817352,137.0,187.4,228,72.0,33.0,0.32
07:33:54,137.0,156.0,185.75,48.0,133.0,24.0,301.0,42.0,161.38,48.75,180.0,90.0,10.77495800456,137.0,185.75,270,90.0,42.0,0.33
07:33:55,137.0,104.0,185.0,32.0,134.8,10.0,317.0,40.0,161.0,48.0,114.0,72.0,1.4970237139186868,137.0,185.0,186,42.0,-84.0,0.23
07:33:56,137.0,130.0,184.2,40.0,136.0,10.0,310.3,50.0,160.6,47.19999999999999,140.0,90.0,1.0887975018502745,137.0,184.2,230,50.0,44.0,0.22
07:33:57,137.0,63.0,182.6,20.0,136.0,10.0,250.0,25.0,159.8,45.599999999999994,73.0,45.0,0.8922331534054363,137.0,182.6,118,28.0,-112.0,0.24
07:33:58,137.0,176.0,178.78,50.0,136.0,92.0,208.66,62.0,157.89,41.78,268.0,112.0,1.3844421259252249,137.0,178.78,380,156.0,169.5,0.41
07:33:59,137.0,110.0,169.63,19.0,136.0,70.0,170.35,31.0,153.32,32.629999999999995,180.0,50.0,3.1445222212662713,137.0,169.63,230,130.0,-150.0,0.57
07:34:00,137.0,82.0,166.78,9.0,136.0,56.0,167.88,8.0,151.89,29.78,138.0,17.0,3.8986087262045848,137.0,166.78,155,121.0,-75.0,0.78
07:34:01,137.0,85.0,163.26,23.0,136.0,98.0,164.53,19.0,150.13,26.25999999999999,183.0,42.0,4.087398928418885,137.0,163.26,225,141.0,70.0,0.63
07:34:02,137.0,85.0,149.52,29.0,136.0,119.0,150.71,34.0,143.26,12.52000000000001,204.0,63.0,5.335425943637674,137.0,149.52,267,141.0,42.0,0.53
07:34:03,136.63,65.0,138.72,25.0,135.15,74.0,141.06,47.0,137.68,2.0900000000000034,139.0,72.0,6.598744577572658,136.63,138.72,211,67.0,-56.0,0.32
07:34:04,136.0,40.0,137.9,10.0,133.0,30.0,139.0,20.0,136.95,1.9000000000000057,70.0,30.0,6.8923849283137635,136.0,137.9,100,40.0,-111.0,0.4
07:34:05,136.0,45.0,138.38,32.0,133.0,36.0,141.87,60.0,137.19,2.3799999999999955,81.0,92.0,5.709568284909878,136.0,138.38,173,-11.0,73.0,-0.06
07:34:06,136.0,15.0,137.71,14.0,133.0,11.0,142.0,28.0,136.86,1.710000000000008,26.0,42.0,2.7420557981285585,136.0,137.71,68,-16.0,-105.0,-0.24
07:34:07,134.09,11.0,140.53,34.0,132.53,15.0,338.2,50.0,137.31,6.439999999999998,26.0,84.0,0.3242992446048086,134.09,140.53,110,-58.0,42.0,-0.53
07:34:08,135.52,44.0,140.0,50.0,134.11,37.0,192.53,49.0,137.76,4.47999999999999,81.0,99.0,0.35458426368246493,135.52,140.0,180,-18.0,70.0,-0.1
07:34:09,137.0,10.0,138.0,30.0,136.0,48.0,584.52,29.0,137.5,1.0,58.0,59.0,0.3370904923772924,137.0,138.0,117,-1.0,-63.0,-0.01
07:34:10,137.0,10.0,138.0,50.0,136.0,80.0,535.0,50.0,137.5,1.0,90.0,100.0,0.33478351221517416,137.0,138.0,190,-10.0,73.0,-0.05
07:34:11,136.07,44.0,304.91,55.0,135.0,32.0,751.0,40.0,220.49,168.84000000000003,76.0,95.0,37.106775257357526,136.07,304.91,171,-19.0,-19.0,-0.11
07:34:17,130.33,112.0,360.46,39.0,129.73,60.0,521.0,27.0,245.4,230.12999999999997,172.0,66.0,43.30448902827451,130.33,360.46,238,106.0,148.0,0.45
07:34:18,131.0,50.0,393.81,42.0,130.0,190.0,468.1,30.0,262.4,262.81,240.0,72.0,46.21663120565961,131.0,393.81,312,168.0,74.0,0.54
07:34:19,131.46,65.0,309.67,45.0,130.0,247.0,387.76,59.0,220.56,178.21,312.0,104.0,37.86924504132562,131.46,309.67,416,208.0,104.0,0.5
07:34:20,132.02,56.0,233.08,48.0,130.05,214.0,235.42,52.0,182.55,101.06,270.0,100.0,48.43330383114471,132.02,233.08,370,170.0,-46.0,0.46
07:34:21,137.21,39.0,229.74,53.0,134.4,35.0,231.06,53.0,183.47,92.53,74.0,106.0,35.96477484984426,137.21,229.74,180,-32.0,-170.5,-0.18
07:34:22,138.0,66.0,223.92,63.0,137.0,60.0,225.31,72.0,180.96,85.91999999999999,126.0,135.0,35.62814154569386,138.0,223.92,261,-9.0,81.0,-0.03
07:34:23,138.0,28.0,220.66,59.0,137.0,56.0,222.22,49.0,179.33,82.66,84.0,108.0,17.504771635185808,138.0,220.66,192,-24.0,-69.0,-0.12
07:34:28,137.0,16.0,196.26,35.0,133.0,8.0,197.25,28.0,166.63,59.25999999999999,24.0,63.0,4.414977916141177,137.0,196.26,87,-39.0,-88.0,-0.45
07:34:29,138.0,14.0,191.18,40.0,137.0,28.0,192.88,41.0,164.59,53.18000000000001,42.0,81.0,3.851528268105493,138.0,191.18,123,-39.0,36.0,-0.32
07:34:30,132.13,71.0,187.56,52.0,131.16,102.0,189.09,34.0,159.84,55.43000000000001,173.0,86.0,4.663606973150419,132.13,187.56,259,87.0,136.0,0.34
07:34:31,132.0,96.0,184.83,54.0,130.34,144.0,187.42,38.0,158.42,52.83000000000001,240.0,92.0,4.556782856360255,132.0,184.83000000000004,332,148.0,73.0,0.45
07:34:32,132.0,128.0,179.53,58.0,130.0,285.0,182.65,51.0,155.77,47.53,413.0,109.0,4.47010626272131,132.0,179.53,522,304.0,169.5,0.58
07:34:33,135.58,69.0,177.45,64.0,132.24,135.0,179.94,65.0,156.52,41.869999999999976,204.0,129.0,3.4953354631596545,135.58,177.45,333,75.0,-170.5,0.23
07:34:34,138.0,12.0,172.7,46.0,137.0,12.0,173.79,42.0,155.35,34.69999999999999,24.0,88.0,1.8964308582235823,138.0,172.7,112,-64.0,-170.5,-0.57
07:34:35,138.0,14.0,167.33,36.0,137.0,14.0,169.3,46.0,152.67,29.330000000000013,28.0,82.0,2.08377781925605,138.0,167.33,110,-54.0,-2.0,-0.49
07:34:36,136.42,36.0,165.6,43.0,132.91,33.0,166.47,34.0,151.01,29.180000000000007,69.0,77.0,2.3273547215722012,136.42,165.6,146,-8.0,36.0,-0.05
07:34:37,136.0,236.0,164.0,55.0,133.0,11.0,166.0,55.0,150.0,28.0,247.0,110.0,2.780350697308723,136.0,164.0,357,137.0,169.5,0.38
07:34:38,136.0,318.0,159.34,58.0,133.0,14.0,161.42,60.0,147.67,23.340000000000003,332.0,118.0,2.8819437884917485,136.0,159.33999999999997,450,214.0,93.0,0.48
07:34:39,136.0,208.0,155.26,35.0,133.0,10.0,156.36,39.0,145.63,19.25999999999999,218.0,74.0,2.777171222670171,136.0,155.26,292,144.0,-158.0,0.49
07:34:40,136.0,234.0,150.42,48.0,133.0,13.0,152.8,44.0,143.21,14.419999999999987,247.0,92.0,3.181977372645582,136.0,150.42,339,155.0,47.0,0.46
07:34:41,136.0,236.0,146.17,58.0,133.0,17.0,147.31,77.0,141.09,10.169999999999987,253.0,135.0,3.5237054360473583,136.0,146.17,388,118.0,49.0,0.3
07:34:42,137.0,57.0,140.63,81.0,136.09,175.0,141.77,83.0,138.81,3.6299999999999955,232.0,164.0,3.520528369439879,137.0,140.63,396,68.0,8.0,0.17
07:34:43,136.3,86.0,212.05,64.0,135.18,165.0,253.7,53.0,174.17,75.75,251.0,117.0,14.525326846581729,136.3,212.05,368,134.0,-28.0,0.36
07:34:44,136.36,92.0,268.62,37.0,134.2,120.0,270.4,47.0,202.49,132.26,212.0,84.0,27.81495425126602,136.36,268.62,296,128.0,-72.0,0.43
07:34:45,136.0,84.0,265.21,28.0,133.22,46.0,267.94,35.0,200.61,129.20999999999998,130.0,63.0,30.85564583670248,136.0,265.21,193,67.0,-103.0,0.35
07:34:46,136.0,35.0,231.22,18.0,133.0,45.0,247.14,14.0,183.61,95.22,80.0,32.0,25.856285889508758,136.0,231.22,112,48.0,-81.0,0.43
07:34:47,136.0,98.0,204.79,56.0,133.0,126.0,223.22,51.0,170.39,68.78999999999999,224.0,107.0,14.784981569146629,136.0,204.79,331,117.0,169.5,0.35
07:34:48,136.0,77.0,200.63,41.0,133.0,99.0,202.24,42.0,168.32,64.63,176.0,83.0,16.148866214072317,136.0,200.63,259,93.0,-72.0,0.36
07:34:49,136.11,56.0,176.67,54.0,134.11,114.0,187.08,50.0,156.39,40.559999999999974,170.0,104.0,16.87067218577888,136.11,176.66999999999996,274,66.0,15.0,0.24
07:34:50,136.0,52.0,164.18,45.0,133.0,114.0,165.33,48.0,150.09,28.180000000000007,166.0,93.0,13.038009817453734,136.0,164.18,259,73.0,-15.0,0.28
07:34:51,134.94,68.0,159.35,40.0,132.96,67.0,161.36,28.0,147.15,24.409999999999997,135.0,68.0,10.509544233696573,134.94,159.35,203,67.0,-56.0,0.33
07:34:52,136.0,106.0,157.25,64.0,133.0,208.0,159.1,63.0,146.62,21.25,314.0,127.0,9.04213083294133,136.0,157.25,441,187.0,169.5,0.42
07:34:53,136.0,96.0,155.07,60.0,133.0,208.0,156.24,63.0,145.53,19.069999999999993,304.0,123.0,4.3819607483444525,136.0,155.07,427,181.0,-14.0,0.42
07:34:54,136.0,79.0,141.0,57.0,133.0,247.0,146.42,57.0,138.5,5.0,326.0,114.0,4.301612488362231,136.0,141.0,440,212.0,13.0,0.48
07:34:55,133.0,130.0,137.0,14.0,132.0,10.0,138.0,30.0,135.0,4.0,140.0,44.0,5.477449223866513,133.0,137.0,184,96.0,-170.5,0.52
07:34:56,133.0,130.0,135.11,18.0,132.0,10.0,137.0,22.0,134.06,2.1100000000000136,140.0,40.0,5.850685429933612,133.0,135.11,180,100.0,-4.0,0.56
07:34:57,133.0,108.0,134.0,21.0,132.0,9.0,251.64,25.0,133.5,1.0,117.0,46.0,4.984949347790705,133.0,134.0,163,71.0,-17.0,0.44
07:34:58,134.01,71.0,334.1,39.0,132.95,83.0,416.07,46.0,234.06,200.09000000000003,154.0,85.0,44.22517473114186,134.01,334.1,239,69.0,76.0,0.29
07:34:59,136.0,145.0,403.35,37.0,133.0,132.0,462.68,40.0,269.68,267.35,277.0,77.0,65.67872867222701,136.0,403.35,354,200.0,115.0,0.56
07:35:00,136.0,198.0,232.85,39.0,133.0,156.0,272.89,36.0,184.42,96.85,354.0,75.0,60.49031393537323,136.0,232.85,429,279.0,75.0,0.65
07:35:01,136.0,182.0,226.89,38.0,133.0,168.0,229.08,26.0,181.45,90.88999999999999,350.0,64.0,52.494143673366125,136.0,226.89,414,286.0,-15.0,0.69
07:35:02,137.11,72.0,223.33,27.0,134.73,113.0,224.44,27.0,180.22,86.22,185.0,54.0,40.301574162804116,137.11,223.33000000000004,239,131.0,-170.5,0.55
07:35:03,136.73,110.0,220.42,36.0,134.31,149.0,222.17,36.0,178.57,83.69,259.0,72.0,39.64286657142751,136.73,220.42,331,187.0,92.0,0.56
07:35:04,136.0,120.0,209.45,33.0,133.0,120.0,221.4,30.0,172.73,73.44999999999999,240.0,63.0,4.336550472439197,136.0,209.45,303,177.0,-28.0,0.58
07:35:05,136.0,108.0,213.89,28.0,133.0,108.0,216.14,28.0,174.95,77.88999999999999,216.0,56.0,3.6525990746334815,136.0,213.89000000000001,272,160.0,-31.0,0.59
07:35:06,136.0,120.0,207.9,30.0,133.0,120.0,209.0,30.0,171.95,71.9,240.0,60.0,3.6094293177750534,136.0,207.9,300,180.0,28.0,0.6
07:35:07,136.0,120.0,205.5,30.0,133.0,120.0,209.0,30.0,170.75,69.5,240.0,60.0,3.0799675322988,136.0,205.5,300,180.0,0.0,0.6
07:35:08,136.0,52.0,204.75,24.0,133.0,96.0,208.0,24.0,170.38,68.75,148.0,48.0,1.824094295812399,136.0,204.75,196,100.0,-104.0,0.51
07:35:09,136.9,124.0,202.11,27.0,134.41,68.0,204.0,21.0,169.51,65.21000000000001,192.0,48.0,2.114336775448876,136.9,202.11,240,144.0,44.0,0.6
07:35:10,137.0,252.0,176.6,60.0,136.0,72.0,203.38,48.0,156.8,39.599999999999994,324.0,108.0,6.254499980015718,137.0,176.6,432,216.0,169.5,0.5
07:35:11,137.0,110.0,198.4,45.0,136.0,60.0,200.13,45.0,167.7,61.400000000000006,170.0,90.0,5.837659633793059,137.0,198.4,260,80.0,-170.5,0.31
07:35:12,137.0,30.0,196.4,30.0,136.0,40.0,197.4,30.0,166.7,59.400000000000006,70.0,60.0,5.460926661292676,137.0,196.4,130,10.0,-130.0,0.08
07:35:13,137.0,36.0,191.38,39.0,136.0,48.0,193.76,37.0,164.19,54.379999999999995,84.0,76.0,4.960196568687336,137.0,191.38,160,8.0,30.0,0.05
07:35:14,137.0,45.0,169.96,47.0,136.0,60.0,172.13,47.0,153.48,32.96000000000001,105.0,94.0,6.299823807061495,137.0,169.96,199,11.0,39.0,0.06
07:35:15,136.1,29.0,166.44,43.0,133.07,160.0,168.07,42.0,151.27,30.340000000000003,189.0,85.0,7.717322722292957,136.1,166.44,274,104.0,75.0,0.38
07:35:16,136.88,16.0,154.19,42.0,135.1,40.0,161.51,51.0,145.53,17.310000000000002,56.0,93.0,8.939190679251725,136.88,154.19,149,-37.0,-125.0,-0.25
07:35:17,137.0,16.0,147.04,52.0,136.0,32.0,148.1,50.0,142.02,10.039999999999992,48.0,102.0,8.519340936951796,137.0,147.04,150,-54.0,1.0,-0.36
07:35:18,133.36,66.0,144.94,64.0,134.18,22.0,147.0,48.0,139.15,11.579999999999984,88.0,112.0,6.047449875776119,133.36,144.94,200,-24.0,50.0,-0.12
07:35:19,133.0,72.0,141.34,38.0,132.0,12.0,142.53,36.0,137.17,8.340000000000003,84.0,74.0,5.580360203430062,133.0,141.34,158,10.0,-42.0,0.06
07:35:20,135.96,77.0,137.85,54.0,132.97,31.0,143.65,46.0,136.91,1.8899999999999864,108.0,100.0,3.6338381912279893,135.96,137.85,208,8.0,50.0,0.04
07:35:21,134.0,44.0,137.0,24.0,131.36,36.0,165.0,60.0,135.5,3.0,80.0,84.0,2.524747512134197,134.0,137.0,164,-4.0,-44.0,-0.02
07:35:22,133.33,99.0,137.0,34.0,132.81,59.0,160.41,64.0,135.17,3.6699999999999875,158.0,98.0,1.5824348327903728,133.33,137.0,256,60.0,92.0,0.23
07:35:23,133.0,90.0,136.42,24.0,132.0,12.0,308.5,24.0,134.71,3.4199999999999875,102.0,48.0,1.088769948165631,133.0,136.42,150,54.0,-106.0,0.36
07:35:24,133.0,24.0,134.11,18.0,132.0,9.0,360.62,29.0,133.56,1.1100000000000136,33.0,47.0,1.218626275783037,133.0,134.11,80,-14.0,-70.0,-0.17
07:35:25,132.0,4.0,342.0,20.0,131.0,28.0,473.22,9.0,237.0,210.0,32.0,29.0,45.740189877175006,132.0,342.0,61,3.0,-19.0,0.05
07:35:26,132.2,10.0,373.11,45.0,131.02,57.0,468.3,20.0,252.66,240.91000000000003,67.0,65.0,60.69707612397829,132.2,373.11,132,2.0,71.0,0.02
07:35:27,133.0,24.0,411.07,40.0,131.09,54.0,545.14,35.0,272.04,278.07,78.0,75.0,66.76311616454107,133.0,411.07,153,3.0,21.0,0.02
07:35:28,131.2,59.0,249.02,47.0,128.17,46.0,467.05,57.0,190.11,117.82000000000002,105.0,104.0,55.64691258281993,131.2,249.02,209,1.0,56.0,0.0
07:35:29,131.0,20.0,185.0,50.0,121.03,39.0,256.55,22.0,158.0,54.0,59.0,72.0,46.85616843063463,131.0,185.0,131,-13.0,-78.0,-0.1
07:35:30,131.0,20.0,184.4,50.0,130.0,20.0,377.43,35.0,157.7,53.400000000000006,40.0,85.0,53.450367819127365,131.0,184.4,125,-45.0,-6.0,-0.36
07:35:31,131.0,18.0,183.78,45.0,130.0,18.0,209.0,24.0,157.39,52.78,36.0,69.0,49.54216456716453,131.0,183.78,105,-33.0,-20.0,-0.31
07:35:32,134.57,21.0,182.27,37.0,130.62,16.0,189.27,26.0,158.42,47.70000000000002,37.0,63.0,14.419827668873767,134.57,182.27,100,-26.0,-5.0,-0.26
07:35:33,136.0,33.0,169.25,40.0,131.33,24.0,180.38,37.0,152.62,33.25,57.0,77.0,2.3817808463456442,136.0,169.25,134,-20.0,34.0,-0.15
07:35:34,136.0,44.0,167.11,45.0,133.0,36.0,173.25,24.0,151.56,31.110000000000014,80.0,69.0,3.191758136203179,136.0,167.11,149,11.0,15.0,0.07
07:35:35,136.0,200.0,167.0,50.0,133.0,55.0,278.17,29.0,151.5,31.0,255.0,79.0,3.3426217255351243,136.0,167.0,334,176.0,169.5,0.53
07:35:36,136.0,100.0,167.0,25.0,133.0,20.0,359.0,17.0,151.5,31.0,120.0,42.0,3.0009331881965697,136.0,167.0,162,78.0,-170.5,0.48
07:35:37,136.0,240.0,166.5,60.0,133.0,58.0,248.5,36.0,151.25,30.5,298.0,96.0,0.5356117997392157,136.0,166.5,394,202.0,169.5,0.51
07:35:38,136.0,165.0,162.56,45.0,133.0,54.0,231.0,27.0,149.28,26.560000000000002,219.0,72.0,0.9788871232271759,136.0,162.56,291,147.0,-103.0,0.51
07:35:39,136.0,170.0,160.95,42.0,133.0,60.0,215.75,36.0,148.48,24.94999999999999,230.0,78.0,1.4215554860856074,136.0,160.95,308,152.0,17.0,0.49
07:35:40,136.13,78.0,157.12,58.0,135.59,177.0,158.07,43.0,146.62,20.99000000000001,255.0,101.0,2.025976307862521,136.13,157.12,356,154.0,48.0,0.43
07:35:41,137.0,20.0,154.42,36.0,136.0,170.0,155.2,44.0,145.71,17.419999999999987,190.0,80.0,2.1920697981634687,137.0,154.42,270,110.0,-86.0,0.41
07:35:42,136.06,178.0,150.63,65.0,134.69,151.0,152.16,57.0,143.34,14.569999999999993,329.0,122.0,2.3505276003528754,136.06,150.63,451,207.0,169.5,0.46
07:35:43,136.0,129.0,149.0,39.0,133.0,54.0,150.0,33.0,142.5,13.0,183.0,72.0,2.4341322889319033,136.0,149.0,255,111.0,-170.5,0.44
07:35:44,137.39,216.0,144.32,62.0,135.74,205.0,146.8,50.0,140.86,6.930000000000007,421.0,112.0,2.3529513382178364,137.39,144.32,533,309.0,169.5,0.58
07:35:52,136.0,88.0,321.5,24.0,135.0,21.0,567.82,22.0,228.75,185.5,109.0,46.0,117.67431304239678,136.0,321.5,155,63.0,35.0,0.41
07:35:53,136.0,84.0,321.0,28.0,135.0,21.0,377.0,15.0,228.5,185.0,105.0,43.0,89.63231465269651,136.0,321.0,148,62.0,-7.0,0.42
07:35:54,136.0,96.0,320.75,32.0,135.0,24.0,377.0,24.0,228.38,184.75,120.0,56.0,86.88200717064494,136.0,320.75,176,64.0,28.0,0.36
07:35:55,136.0,47.0,319.25,16.0,135.0,12.0,479.0,12.0,227.62,183.25,59.0,28.0,64.05020007775154,136.0,319.25,87,31.0,-89.0,0.36
07:35:56,136.46,13.0,319.0,28.0,135.93,45.0,477.14,21.0,227.73,182.54,58.0,49.0,0.495509838460815,136.46,319.0,107,9.0,20.0,0.08
07:35:57,137.0,73.0,290.78,51.0,136.0,91.0,344.85,54.0,213.89,153.77999999999997,164.0,105.0,6.347694857191253,137.0,290.78,269,59.0,162.0,0.22
07:35:58,137.0,99.0,269.16,31.0,136.0,63.0,271.71,42.0,203.08,132.16000000000003,162.0,73.0,11.308870412203584,137.0,269.16,235,89.0,-34.0,0.38
07:35:59,137.0,104.0,269.12,41.0,136.0,74.0,270.08,49.0,203.06,132.12,178.0,90.0,12.320415171576618,137.0,269.12,268,88.0,33.0,0.33
07:36:00,137.0,64.0,267.99,67.0,136.0,112.0,269.19,77.0,202.49,130.99,176.0,144.0,10.976367796316636,137.0,267.99,320,32.0,52.0,0.1
07:36:01,137.0,24.0,262.27,26.0,136.0,30.0,265.6,25.0,199.63,125.26999999999998,54.0,51.0,5.477102336091489,137.0,262.27,105,3.0,-170.5,0.03
07:36:02,137.0,28.0,213.03,36.0,136.0,56.0,234.83,12.0,175.01,76.03,84.0,48.0,12.183067347758595,137.0,213.03,132,36.0,27.0,0.27
07:36:03,137.0,19.0,210.59,54.0,136.0,91.0,212.27,63.0,173.8,73.59,110.0,117.0,15.027114493475572,137.0,210.59,227,-7.0,95.0,-0.03
07:36:04,136.2,25.0,208.0,46.0,135.7,50.0,209.0,44.0,172.1,71.80000000000001,75.0,90.0,15.08982206654624,136.2,208.0,165,-15.0,-62.0,-0.09
07:36:05,136.0,24.0,207.62,24.0,135.0,18.0,378.62,24.0,171.81,71.62,42.0,48.0,11.900195376548563,136.0,207.62,90,-6.0,-75.0,-0.07
07:36:06,136.0,36.0,205.51,37.0,135.0,27.0,207.59,17.0,170.76,69.50999999999999,63.0,54.0,1.6927581044053275,136.0,205.51,117,9.0,27.0,0.08
07:36:07,136.0,20.0,205.0,25.0,135.0,15.0,207.0,5.0,170.5,69.0,35.0,30.0,1.3097251620207395,136.0,205.0,65,5.0,-52.0,0.08
07:36:08,136.13,30.0,203.89,54.0,135.21,38.0,204.23,30.0,170.01,67.75999999999999,68.0,84.0,0.8870343849200717,136.13,203.89,152,-16.0,87.0,-0.11
07:36:09,137.0,6.0,200.67,30.0,136.0,12.0,202.0,6.0,168.83,63.66999999999999,18.0,36.0,1.0889306681468567,137.0,200.67,54,-18.0,-98.0,-0.33
07:36:10,136.0,14.0,199.45,11.0,135.0,21.0,200.06,31.0,167.73,63.44999999999999,35.0,42.0,1.2656737336419133,136.0,199.45,77,-7.0,23.0,-0.09
07:36:11,136.0,18.0,198.78,9.0,135.0,27.0,200.0,45.0,167.39,62.78,45.0,54.0,1.3643386676449951,136.0,198.78,99,-9.0,22.0,-0.09
07:36:12,135.2,10.0,197.31,13.0,133.07,83.0,199.22,41.0,166.25,62.110000000000014,93.0,54.0,1.4341966392484762,135.2,197.31,147,39.0,48.0,0.27
07:36:13,135.0,6.0,196.0,6.0,133.0,60.0,197.0,30.0,165.5,61.0,66.0,36.0,1.298884136492538,135.0,196.0,102,30.0,-45.0,0.29
07:36:14,135.0,8.0,195.88,8.0,133.0,80.0,197.0,40.0,165.44,60.879999999999995,88.0,48.0,1.0587587071813036,135.0,195.88,136,40.0,34.0,0.29
07:36:15,135.31,13.0,193.8,10.0,133.02,91.0,197.0,50.0,164.55,58.49000000000001,104.0,60.0,1.0617579762038456,135.31,193.8,164,44.0,28.0,0.27
07:36:16,136.36,56.0,190.03,66.0,135.0,14.0,191.26,54.0,163.19,53.66999999999999,70.0,120.0,1.1708671999987188,136.36,190.03,190,-50.0,26.0,-0.26
07:36:17,137.0,36.0,187.0,51.0,135.0,12.0,188.59,41.0,162.0,50.0,48.0,92.0,1.5157275480880967,137.0,187.0,140,-44.0,-50.0,-0.31
07:36:18,133.57,70.0,184.91,55.0,133.36,11.0,187.0,22.0,159.24,51.34,81.0,77.0,2.4219062739985637,133.57,184.91,158,4.0,18.0,0.03
07:36:19,133.87,127.0,183.33,60.0,132.93,75.0,187.0,24.0,158.6,49.46000000000001,202.0,84.0,2.545825995631706,133.87,183.33,286,118.0,128.0,0.41
07:36:20,136.0,172.0,182.14,70.0,133.46,104.0,187.0,28.0,159.07,46.139999999999986,276.0,98.0,2.0430736648575802,136.0,182.14,374,178.0,88.0,0.48
07:36:21,136.0,132.0,177.98,47.0,135.0,48.0,180.33,33.0,156.99,41.97999999999999,180.0,80.0,1.8097375500428379,136.0,177.98,260,100.0,-114.0,0.38
07:36:22,136.41,181.0,169.31,48.0,135.46,52.0,173.19,36.0,152.86,32.900000000000006,233.0,84.0,2.6637698849629836,136.41,169.31,317,149.0,57.0,0.47
07:36:23,137.0,105.0,154.76,41.0,136.0,104.0,171.67,30.0,145.88,17.75999999999999,209.0,71.0,5.493791950923932,137.0,154.76,280,138.0,-37.0,0.49
07:36:24,137.0,36.0,165.24,21.0,136.0,72.0,168.24,21.0,151.12,28.24000000000001,108.0,42.0,5.1682714712016695,137.0,165.24,150,66.0,-130.0,0.44
07:36:25,136.0,104.0,153.32,25.0,135.0,52.0,154.0,22.0,144.66,17.319999999999993,156.0,47.0,5.082521027997632,136.0,153.32,203,109.0,53.0,0.54
07:36:26,137.0,78.0,148.71,24.0,136.0,112.0,149.85,27.0,142.85,11.710000000000008,190.0,51.0,4.305319964885191,137.0,148.71,241,139.0,38.0,0.58
07:36:27,136.0,66.0,144.67,39.0,135.0,44.0,146.29,31.0,140.33,8.669999999999987,110.0,70.0,4.02401167990847,136.0,144.67,180,40.0,-61.0,0.22
07:36:28,136.0,66.0,138.87,39.0,135.0,44.0,141.79,28.0,137.44,2.8700000000000045,110.0,67.0,5.156621956284986,136.0,138.87,177,43.0,-3.0,0.24
07:36:29,135.84,37.0,138.07,29.0,134.0,48.0,143.08,13.0,136.95,2.2299999999999898,85.0,42.0,3.346958320631042,135.84,138.07,127,43.0,-50.0,0.34
07:36:30,136.78,55.0,138.82,11.0,133.74,38.0,144.68,19.0,137.8,2.039999999999992,93.0,30.0,2.4819407728714764,136.78,138.82,123,63.0,-4.0,0.51
07:36:31,137.0,37.0,156.0,16.0,135.0,16.0,428.7,27.0,146.5,19.0,53.0,43.0,3.9643070012350976,137.0,156.0,96,10.0,-27.0,0.1
07:36:32,137.0,44.0,157.47,34.0,135.0,22.0,170.18,34.0,147.24,20.47,66.0,68.0,5.204102228054435,137.0,157.47,134,-2.0,38.0,-0.01
07:36:33,137.0,42.0,157.0,32.0,134.91,69.0,559.0,44.0,147.0,20.0,111.0,76.0,5.239801522962532,137.0,157.0,187,35.0,53.0,0.19
07:36:34,135.11,38.0,155.0,20.0,133.36,33.0,401.5,40.0,145.05,19.889999999999986,71.0,60.0,3.9595605816857895,135.11,155.0,131,11.0,-56.0,0.08
07:36:35,135.0,52.0,153.08,26.0,133.0,39.0,300.85,52.0,144.04,18.080000000000013,91.0,78.0,1.371670514387311,135.0,153.08,169,13.0,38.0,0.08
07:36:36,133.0,24.0,151.12,16.0,132.0,8.0,557.0,32.0,142.06,18.120000000000005,32.0,48.0,2.153768789828614,133.0,151.12,80,-16.0,-89.0,-0.2
07:36:37,133.0,22.0,149.33,24.0,131.56,18.0,383.67,18.0,141.17,16.330000000000013,40.0,42.0,2.333673070513555,133.0,149.33,82,-2.0,2.0,-0.02
07:36:38,133.2,10.0,149.0,18.0,132.01,113.0,237.44,27.0,141.1,15.800000000000011,123.0,45.0,1.7767470275873607,133.2,149.0,168,78.0,86.0,0.46
07:36:39,135.22,18.0,149.0,18.0,133.0,9.0,263.85,33.0,142.11,13.780000000000001,27.0,51.0,1.186393695212796,135.22,149.0,78,-24.0,-90.0,-0.31
07:36:40,136.23,30.0,148.67,27.0,134.0,12.0,323.0,15.0,142.45,12.439999999999998,42.0,42.0,0.6063579801080956,136.23,148.67,84,0.0,6.0,0.0
07:36:41,132.11,93.0,147.43,21.0,131.33,30.0,148.25,24.0,139.77,15.319999999999993,123.0,45.0,1.0457533170116686,132.11,147.43,168,78.0,84.0,0.46
07:36:42,132.0,143.0,145.57,28.0,130.88,50.0,146.44,27.0,138.79,13.569999999999993,193.0,55.0,1.5507997936681206,132.0,145.57,248,138.0,80.0,0.56
07:36:43,132.0,143.0,142.82,22.0,131.0,66.0,146.0,33.0,137.41,10.819999999999993,209.0,55.0,2.1577488269122855,132.0,142.82,264,154.0,16.0,0.58
07:36:44,132.0,96.0,141.44,18.0,131.0,54.0,146.0,27.0,136.72,9.439999999999998,150.0,45.0,2.2506710110635195,132.0,141.44,195,105.0,-69.0,0.54
07:36:45,132.0,60.0,139.57,14.0,131.0,36.0,144.5,16.0,135.79,7.569999999999993,96.0,30.0,1.5941706307802144,132.0,139.57,126,66.0,-69.0,0.52
07:36:46,132.0,80.0,137.57,21.0,131.0,48.0,138.74,19.0,134.79,5.569999999999993,128.0,40.0,1.5287903715168183,132.0,137.57,168,88.0,42.0,0.52
07:36:47,132.0,45.0,135.8,10.0,131.0,30.0,253.0,15.0,133.9,3.8000000000000114,75.0,25.0,1.4175930304720328,132.0,135.8,100,50.0,-68.0,0.5
07:36:48,132.0,30.0,133.33,12.0,131.0,36.0,253.0,18.0,132.67,1.3300000000000125,66.0,30.0,1.5819386840340068,132.0,133.33,96,36.0,-4.0,0.38
07:36:49,132.0,32.0,133.0,14.0,131.0,42.0,558.76,25.0,132.5,1.0,74.0,39.0,1.3993391297478832,132.0,133.0,113,35.0,17.0,0.31
07:36:50,132.0,34.0,133.0,22.0,131.0,66.0,400.65,34.0,132.5,1.0,100.0,56.0,1.031149843642441,132.0,133.0,156,44.0,43.0,0.28
07:36:51,136.58,31.0,158.0,28.0,132.32,19.0,433.0,21.0,147.29,21.419999999999987,50.0,49.0,6.4653514985685625,136.58,158.0,99,1.0,-57.0,0.01
07:36:52,137.03,29.0,249.67,18.0,136.37,19.0,590.18,17.0,193.35,112.63999999999999,48.0,35.0,26.32519838481825,137.03,249.66999999999996,83,13.0,-16.0,0.16
07:36:54,138.0,14.0,351.0,16.0,136.96,73.0,422.5,32.0,244.5,213.0,87.0,48.0,67.97077482271341,138.0,351.0,135,39.0,30.0,0.29
07:36:55,137.0,83.0,351.0,24.0,136.0,36.0,493.0,48.0,244.0,214.0,119.0,72.0,56.52186948429785,137.0,351.0,191,47.0,56.0,0.25
07:36:56,137.0,72.0,349.17,24.0,136.0,36.0,476.73,41.0,243.08,212.17000000000002,108.0,65.0,36.18804402009028,137.0,349.17,173,43.0,-18.0,0.25
07:36:57,137.0,42.0,315.25,24.0,136.0,21.0,365.11,18.0,226.12,178.25,63.0,42.0,26.313819943139933,137.0,315.25,105,21.0,-68.0,0.2
07:36:58,137.0,46.0,321.32,38.0,136.0,33.0,342.04,25.0,229.16,184.32,79.0,63.0,8.963320813180491,137.0,321.32,142,16.0,37.0,0.11
07:36:59,136.33,18.0,332.0,24.0,134.8,30.0,408.4,30.0,234.17,195.67,48.0,54.0,8.053991556985604,136.33,332.0,102,-6.0,-40.0,-0.06
07:37:00,136.0,21.0,322.69,13.0,133.0,21.0,456.4,20.0,229.35,186.69,42.0,33.0,6.641365070525526,136.0,322.69,75,9.0,-27.0,0.12
07:37:01,134.55,29.0,159.25,40.0,132.68,22.0,261.44,41.0,146.9,24.69999999999999,51.0,81.0,37.141228439565694,134.55,159.25,132,-30.0,57.0,-0.23
07:37:02,131.0,50.0,288.55,31.0,130.0,10.0,412.0,26.0,209.77,157.55,60.0,57.0,36.425593337652096,131.0,288.55,117,3.0,-15.0,0.03
07:37:03,131.0,40.0,281.76,17.0,129.14,28.0,308.64,22.0,206.38,150.76,68.0,39.0,34.797937151503774,131.0,281.76,107,29.0,-10.0,0.27
07:37:04,132.11,27.0,289.3,20.0,129.67,45.0,295.86,28.0,210.71,157.19,72.0,48.0,31.344694447386292,132.11,289.3,120,24.0,13.0,0.2
07:37:05,131.17,35.0,287.09,22.0,130.18,68.0,308.95,38.0,209.13,155.92,103.0,60.0,27.8176107888512,131.17,287.09,163,43.0,43.0,0.26
07:37:06,133.0,12.0,285.33,24.0,131.0,48.0,330.0,36.0,209.17,152.32999999999998,60.0,60.0,1.6141623214554572,133.0,285.33,120,0.0,-43.0,0.0
07:37:07,132.5,12.0,257.0,32.0,130.63,57.0,327.83,35.0,194.75,124.5,69.0,67.0,6.494861045473359,132.5,257.0,136,2.0,16.0,0.01
07:37:08,130.71,17.0,229.05,42.0,129.84,57.0,230.17,24.0,179.88,98.34,74.0,66.0,13.340510484985531,130.71,229.05,140,8.0,4.0,0.06
07:37:09,130.0,56.0,226.3,40.0,129.0,84.0,228.18,44.0,178.15,96.30000000000001,140.0,84.0,15.082870416469499,130.0,226.3,224,56.0,84.0,0.25
07:37:10,130.0,32.0,222.77,26.0,129.0,48.0,224.36,22.0,176.38,92.77000000000001,80.0,48.0,14.063738123273373,130.0,222.77,128,32.0,-96.0,0.25
07:37:11,130.07,29.0,221.23,26.0,129.09,46.0,222.55,22.0,175.65,91.16,75.0,48.0,7.880340728675048,130.07,221.23,123,27.0,-5.0,0.22
07:37:12,129.32,38.0,220.88,32.0,124.19,48.0,222.0,16.0,175.1,91.56,86.0,48.0,1.963967922348988,129.32,220.88,134,38.0,11.0,0.28
07:37:13,137.0,18.0,219.67,24.0,129.0,24.0,222.0,12.0,178.33,82.66999999999999,42.0,36.0,1.4596129624033527,137.0,219.67,78,6.0,-56.0,0.08
07:37:14,137.0,42.0,217.38,52.0,136.0,84.0,219.75,32.0,177.19,80.38,126.0,84.0,1.2764599484574255,137.0,217.38,210,42.0,132.0,0.2
07:37:15,136.06,48.0,153.68,38.0,131.91,33.0,173.1,40.0,144.87,17.620000000000005,81.0,78.0,14.232660327571136,136.06,153.68,159,3.0,-51.0,0.02
07:37:16,136.09,77.0,149.17,36.0,131.53,47.0,203.4,60.0,142.63,13.079999999999984,124.0,96.0,18.196578799324307,136.09,149.17,220,28.0,61.0,0.13
07:37:17,137.0,84.0,146.83,48.0,136.0,60.0,157.73,45.0,141.92,9.830000000000013,144.0,93.0,18.997660908649262,137.0,146.83,237,51.0,17.0,0.22
07:37:18,137.08,84.0,144.35,46.0,136.0,60.0,145.6,40.0,140.72,7.269999999999982,144.0,86.0,15.571680384596315,137.08,144.35,230,58.0,-7.0,0.25
07:37:20,137.24,17.0,142.8,30.0,136.08,38.0,395.0,25.0,140.02,5.560000000000002,55.0,55.0,1.1798220204857135,137.24,142.8,110,0.0,-80.0,0.0
07:37:21,137.0,12.0,142.13,38.0,136.0,60.0,171.27,44.0,139.57,5.1299999999999955,72.0,82.0,0.9238073392342665,137.0,142.13,154,-10.0,44.0,-0.06
07:37:22,136.0,9.0,141.0,18.0,133.0,36.0,143.0,24.0,138.5,5.0,45.0,42.0,0.8156715025199871,136.0,141.0,87,3.0,-67.0,0.03
07:37:23,133.65,23.0,139.44,27.0,132.62,48.0,140.72,29.0,136.55,5.789999999999992,71.0,56.0,1.4619610118000304,133.65,139.44,127,15.0,40.0,0.12
07:37:24,133.0,78.0,137.02,44.0,132.0,78.0,139.04,47.0,135.01,4.02000000000001,156.0,91.0,2.1102961877479696,133.0,137.02,247,65.0,120.0,0.26
07:37:25,134.58,38.0,136.54,35.0,132.16,50.0,140.33,36.0,135.56,1.9599999999999795,88.0,71.0,1.9418985555439823,134.58,136.54,159,17.0,-88.0,0.11
07:37:26,133.78,54.0,136.92,36.0,132.14,56.0,177.17,23.0,135.35,3.1399999999999864,110.0,59.0,1.4107196745009325,133.78,136.92,169,51.0,10.0,0.3
07:37:27,133.0,36.0,135.71,17.0,132.0,54.0,168.29,21.0,134.35,2.710000000000008,90.0,38.0,0.8060272948382221,133.0,135.71,128,52.0,-41.0,0.41
07:37:28,133.0,18.0,134.22,9.0,132.0,54.0,201.71,21.0,133.61,1.2199999999999989,72.0,30.0,0.7968563233258164,133.0,134.22,102,42.0,-26.0,0.41
07:37:30,136.0,25.0,342.0,5.0,132.0,30.0,628.0,25.0,239.0,206.0,55.0,30.0,95.24758012674134,136.0,342.0,85,25.0,-149.0,0.29
07:37:31,136.0,55.0,334.27,48.0,132.35,57.0,405.63,19.0,235.14,198.26999999999998,112.0,67.0,89.07970616251497,136.0,334.27,179,45.0,94.0,0.25
07:37:32,136.0,40.0,193.1,50.0,133.0,40.0,202.9,41.0,164.55,57.099999999999994,80.0,91.0,82.79091767820914,136.0,193.1,171,-11.0,-8.0,-0.06
07:37:33,136.15,47.0,140.3,50.0,133.96,52.0,146.87,47.0,138.22,4.150000000000006,99.0,97.0,81.54828183352488,136.15,140.3,196,2.0,25.0,0.01
07:37:34,137.0,58.0,140.0,30.0,133.0,18.0,151.67,30.0,138.5,3.0,76.0,60.0,50.4491002893016,137.0,140.0,136,16.0,-60.0,0.12
07:37:35,137.0,57.0,139.29,35.0,133.0,21.0,186.68,31.0,138.14,2.289999999999992,78.0,66.0,41.94895588688727,137.0,139.29,144,12.0,8.0,0.08
07:37:36,136.2,70.0,137.7,50.0,133.0,30.0,273.71,14.0,136.95,1.5,100.0,64.0,11.909587314429393,136.2,137.7,164,36.0,20.0,0.22
07:37:37,136.0,32.0,157.4,30.0,133.0,24.0,291.2,20.0,146.7,21.400000000000006,56.0,50.0,3.9568447025398568,136.0,157.4,106,6.0,-58.0,0.06
07:37:38,136.0,5.0,290.0,10.0,133.0,15.0,299.9,21.0,213.0,154.0,20.0,31.0,32.842873199524064,136.0,290.0,51,-11.0,-55.0,-0.22
07:37:39,136.0,10.0,373.94,35.0,133.0,30.0,629.65,23.0,254.97,237.94,40.0,58.0,53.39237183343717,136.0,373.94,98,-18.0,47.0,-0.18
07:37:41,136.88,34.0,153.69,61.0,133.15,34.0,268.39,23.0,145.29,16.810000000000002,68.0,84.0,68.12238963806254,136.88,153.69,152,-16.0,61.0,-0.11
07:37:42,135.71,34.0,152.11,45.0,133.3,27.0,287.43,14.0,143.91,16.400000000000006,61.0,59.0,68.80191625238363,135.71,152.11,120,2.0,-32.0,0.02
07:37:43,137.05,81.0,150.21,70.0,134.15,52.0,238.18,22.0,143.63,13.159999999999997,133.0,92.0,75.17901967969529,137.05,150.21,225,41.0,105.0,0.18
07:37:44,137.0,99.0,148.64,55.0,132.0,44.0,402.14,14.0,142.82,11.639999999999986,143.0,69.0,70.45853745288794,137.0,148.64,212,74.0,-13.0,0.35
07:37:45,137.0,90.0,197.95,43.0,132.4,40.0,421.22,18.0,167.48,60.94999999999999,130.0,61.0,10.577245860809578,137.0,197.95000000000002,191,69.0,-21.0,0.36
07:37:46,137.0,45.0,415.4,20.0,133.0,20.0,417.0,10.0,276.2,278.4,65.0,30.0,57.62816906687226,137.0,415.4,95,35.0,-96.0,0.37
07:37:47,137.0,99.0,265.91,44.0,133.0,44.0,313.0,26.0,201.45,128.91000000000003,143.0,70.0,55.62589981294696,137.0,265.91,213,73.0,118.0,0.34
07:37:48,137.0,99.0,207.19,36.0,133.0,54.0,239.65,34.0,172.1,70.19,153.0,70.0,51.46565553842691,137.0,207.19,223,83.0,10.0,0.37
07:37:49,137.0,81.0,180.73,33.0,133.0,42.0,229.33,18.0,158.86,43.72999999999999,123.0,51.0,48.01735332148172,137.0,180.73,174,72.0,-49.0,0.41
07:37:50,137.0,108.0,190.61,49.0,134.54,41.0,228.89,18.0,163.81,53.610000000000014,149.0,67.0,48.572206353016455,137.0,190.61,216,82.0,42.0,0.38
07:37:51,137.0,90.0,227.0,40.0,136.0,50.0,228.0,10.0,182.0,90.0,140.0,50.0,16.88678862306313,137.0,227.0,190,90.0,-26.0,0.47
07:37:52,137.0,78.0,225.06,34.0,136.0,50.0,226.5,16.0,181.03,88.06,128.0,50.0,10.250836551229131,137.0,225.06,178,78.0,-12.0,0.44
07:37:53,137.09,88.0,222.53,15.0,136.05,74.0,225.0,60.0,179.81,85.44,162.0,75.0,10.911011410497881,137.09,222.53,237,87.0,59.0,0.37
07:37:58,137.67,12.0,154.88,16.0,136.44,36.0,213.8,30.0,146.27,17.210000000000008,48.0,46.0,14.074833213932425,137.67,154.88,94,2.0,-49.0,0.02
07:37:59,137.0,26.0,151.83,24.0,136.0,65.0,153.5,16.0,144.42,14.830000000000013,91.0,40.0,16.914967632248562,137.0,151.83,131,51.0,37.0,0.39
07:38:00,137.0,28.0,148.22,27.0,136.0,70.0,150.73,15.0,142.61,11.219999999999999,98.0,42.0,16.475890567736155,137.0,148.22,140,56.0,9.0,0.4
07:38:01,136.44,45.0,144.79,29.0,135.11,71.0,146.68,22.0,140.62,8.349999999999994,116.0,51.0,12.484836002127459,136.44,144.79,167,65.0,27.0,0.39
07:38:02,134.88,67.0,139.32,37.0,132.83,60.0,140.56,36.0,137.1,4.439999999999998,127.0,73.0,3.54145873899705,134.88,139.32,200,54.0,33.0,0.27
07:38:03,133.0,55.0,136.29,14.0,132.0,22.0,137.06,17.0,134.64,3.289999999999992,77.0,31.0,3.993685015123106,133.0,136.29,108,46.0,-92.0,0.43
07:38:04,132.44,18.0,133.78,9.0,131.07,60.0,171.88,17.0,133.11,1.3400000000000034,78.0,26.0,3.980920747769177,132.44,133.78,104,52.0,-4.0,0.5
07:38:05,132.97,107.0,140.43,28.0,131.27,33.0,179.45,44.0,136.7,7.460000000000008,140.0,72.0,2.8418444714690496,132.97,140.43,212,68.0,108.0,0.32
07:38:06,133.72,92.0,243.8,50.0,132.9,49.0,371.8,10.0,188.76,110.08000000000001,141.0,60.0,23.923315405687763,133.72,243.8,201,81.0,-11.0,0.4
07:38:07,136.35,34.0,273.0,7.0,133.0,42.0,311.0,35.0,204.68,136.65,76.0,42.0,34.39346333244175,136.35,273.0,118,34.0,-83.0,0.29
07:38:11,137.0,77.0,288.96,23.0,133.0,66.0,427.73,11.0,212.98,151.95999999999998,143.0,34.0,39.41615823491677,137.0,288.96,177,109.0,57.0,0.62
07:38:12,137.0,53.0,279.75,12.0,133.0,48.0,560.25,28.0,208.38,142.75,101.0,40.0,38.72379281527053,137.0,279.75,141,61.0,-36.0,0.43
07:38:13,137.0,72.0,387.94,36.0,133.0,84.0,430.83,36.0,262.47,250.94,156.0,72.0,35.72652054146885,137.0,387.94,228,84.0,87.0,0.37
07:38:14,137.0,24.0,208.0,8.0,133.0,48.0,209.0,40.0,172.5,71.0,72.0,48.0,47.18685961154863,137.0,208.0,120,24.0,-108.0,0.2
07:38:15,135.74,57.0,189.73,48.0,132.94,83.0,264.84,68.0,162.73,53.98999999999998,140.0,116.0,39.413994595828555,135.74,189.73,256,24.0,136.0,0.09
07:38:16,133.67,27.0,174.45,33.0,132.53,17.0,206.0,11.0,154.06,40.78,44.0,44.0,44.471192585762786,133.67,174.45,88,0.0,-168.0,0.0
07:38:17,133.0,18.0,172.4,10.0,132.0,6.0,177.71,14.0,152.7,39.400000000000006,24.0,24.0,46.287144759641464,133.0,172.4,48,0.0,-40.0,0.0
07:38:18,131.03,181.0,150.29,28.0,130.02,122.0,164.21,34.0,140.66,19.25999999999999,303.0,62.0,11.896507890973893,131.03,150.29,365,241.0,169.5,0.66
07:38:19,131.0,192.0,142.97,34.0,130.0,132.0,148.5,34.0,136.99,11.969999999999999,324.0,68.0,10.496264573647354,131.0,142.97,392,256.0,27.0,0.65
07:38:20,134.79,66.0,140.53,17.0,130.94,173.0,141.7,27.0,137.66,5.740000000000009,239.0,44.0,8.314564330138099,134.79,140.53,283,195.0,-109.0,0.69
07:38:21,136.0,56.0,137.52,31.0,131.0,192.0,146.0,25.0,136.76,1.5200000000000102,248.0,56.0,6.749228104013449,136.0,137.52,304,192.0,21.0,0.63
07:38:22,131.83,96.0,137.0,30.0,130.78,82.0,282.6,10.0,134.42,5.1699999999999875,178.0,40.0,2.24172255196872,131.83,137.0,218,138.0,-86.0,0.63
07:38:23,133.93,58.0,146.8,25.0,130.93,90.0,343.44,9.0,140.37,12.870000000000005,148.0,34.0,2.134162599242419,133.93,146.8,182,114.0,-36.0,0.63
07:38:24,137.0,30.0,382.0,6.0,136.0,12.0,533.9,21.0,259.5,245.0,42.0,27.0,54.68986121759685,137.0,382.0,69,15.0,-113.0,0.22
07:38:25,137.0,60.0,276.25,12.0,136.0,24.0,498.8,30.0,206.62,139.25,84.0,42.0,55.78288160358878,137.0,276.25,126,42.0,57.0,0.33
07:38:26,137.0,45.0,303.22,9.0,136.0,18.0,528.0,36.0,220.11,166.22000000000003,63.0,45.0,53.71469007636554,137.0,303.22,108,18.0,-18.0,0.17
07:38:28,137.0,72.0,277.33,36.0,136.0,18.0,669.11,9.0,207.17,140.32999999999998,90.0,45.0,37.149102950138676,137.0,277.33,135,45.0,15.0,0.33
07:38:29,137.0,96.0,272.89,27.0,136.0,24.0,328.07,30.0,204.94,135.89,120.0,57.0,36.855677581615595,137.0,272.89,177,63.0,42.0,0.36
07:38:30,137.0,70.0,232.0,10.0,136.0,50.0,549.8,10.0,184.5,95.0,120.0,20.0,40.867942571164534,137.0,232.0,140,100.0,-37.0,0.71
07:38:32,137.0,65.0,355.44,32.0,136.0,170.0,487.26,38.0,246.22,218.44,235.0,70.0,67.25223802967454,137.0,355.44,305,165.0,-39.0,0.54
07:38:33,137.0,56.0,350.38,16.0,136.0,136.0,442.75,32.0,243.69,213.38,192.0,48.0,64.86112487461193,137.0,350.38,240,144.0,-65.0,0.6
07:38:34,137.0,70.0,350.0,20.0,136.0,170.0,481.8,40.0,243.5,213.0,240.0,60.0,60.87149152107251,137.0,350.0,300,180.0,60.0,0.6
07:38:35,137.07,29.0,350.0,12.0,136.17,82.0,558.0,24.0,243.53,212.93,111.0,36.0,48.45802049196812,137.07,350.0,147,75.0,-153.0,0.51
07:38:36,137.0,47.0,349.13,30.0,136.0,204.0,447.0,34.0,243.07,212.13,251.0,64.0,1.2609797777919827,137.0,349.13,315,187.0,168.0,0.59
07:38:37,137.0,13.0,180.78,36.0,136.0,221.0,193.33,49.0,158.89,43.78,234.0,85.0,37.815960651555564,137.0,180.78,319,149.0,4.0,0.47
07:38:38,137.0,7.0,142.29,14.0,136.0,119.0,147.0,28.0,139.64,5.289999999999992,126.0,42.0,51.9893309247195,137.0,142.29,168,84.0,-151.0,0.5
07:38:39,136.03,115.0,140.39,23.0,132.73,147.0,163.9,42.0,138.21,4.359999999999985,262.0,65.0,54.143098544505115,136.03,140.39,327,197.0,159.0,0.6
07:38:40,136.0,144.0,137.9,31.0,132.43,42.0,198.63,27.0,136.95,1.9000000000000057,186.0,58.0,45.45963506232741,136.0,137.9,244,128.0,-83.0,0.52
07:38:41,136.0,110.0,137.0,30.0,133.0,30.0,522.38,40.0,136.5,1.0,140.0,70.0,9.499356293980323,136.0,137.0,210,70.0,-34.0,0.33
07:38:42,136.0,74.0,175.24,41.0,133.0,30.0,354.12,34.0,155.62,39.24000000000001,104.0,75.0,8.051293684867272,136.0,175.24,179,29.0,-31.0,0.16
07:38:43,136.61,46.0,169.0,50.0,135.52,56.0,283.0,40.0,152.8,32.389999999999986,102.0,90.0,9.380028251555755,136.61,169.0,192,12.0,13.0,0.06
07:38:44,137.0,36.0,226.1,30.0,136.0,72.0,330.1,30.0,181.55,89.1,108.0,60.0,18.380425185506066,137.0,226.1,168,48.0,-24.0,0.29
07:38:45,136.41,68.0,304.1,49.0,135.37,71.0,376.57,51.0,220.26,167.69000000000003,139.0,100.0,32.719282999478885,136.41,304.1,239,39.0,71.0,0.16
07:38:46,136.0,55.0,281.33,33.0,133.0,21.0,336.82,34.0,208.67,145.32999999999998,76.0,67.0,30.446762553677022,136.0,281.33,143,9.0,-96.0,0.06
07:38:47,136.0,91.0,233.46,65.0,133.0,39.0,318.24,62.0,184.73,97.46000000000001,130.0,127.0,26.2033389093831,136.0,233.46,257,3.0,114.0,0.01
07:38:48,136.0,55.0,236.09,45.0,133.0,33.0,270.96,54.0,186.04,100.09,88.0,99.0,17.203059320946128,136.0,236.08999999999997,187,-11.0,-70.0,-0.06
07:38:49,135.61,69.0,217.91,44.0,132.67,36.0,220.0,55.0,176.76,82.29999999999998,105.0,99.0,18.323224879916513,135.61,217.90999999999997,204,6.0,17.0,0.03
07:38:50,133.38,26.0,216.0,40.0,131.84,45.0,220.0,50.0,174.69,82.62,71.0,90.0,13.497024486900449,133.38,216.0,161,-19.0,-43.0,-0.12
07:38:51,132.0,24.0,189.67,24.0,131.0,48.0,206.67,24.0,160.83,57.66999999999999,72.0,48.0,10.094263222246031,132.0,189.67,120,24.0,-41.0,0.2
07:38:52,131.25,40.0,187.15,26.0,130.59,61.0,188.13,30.0,159.2,55.900000000000006,101.0,56.0,11.340129187976128,131.25,187.15000000000003,157,45.0,37.0,0.29
07:38:53,132.38,58.0,184.0,16.0,130.92,37.0,187.0,32.0,158.19,51.620000000000005,95.0,48.0,9.017163079371876,132.38,184.0,143,47.0,-14.0,0.33
07:38:54,133.0,135.0,170.47,34.0,132.0,13.0,183.82,44.0,151.74,37.47,148.0,78.0,8.430661302649197,133.0,170.47,226,70.0,83.0,0.31
07:38:55,133.51,82.0,165.24,34.0,132.0,10.0,168.6,30.0,149.37,31.730000000000018,92.0,64.0,5.009484005362839,133.51,165.24,156,28.0,-70.0,0.18
07:38:56,135.54,91.0,162.9,40.0,132.0,13.0,164.88,51.0,149.22,27.360000000000014,104.0,91.0,4.82051138365898,135.54,162.9,195,13.0,39.0,0.07
07:38:57,136.17,30.0,160.78,18.0,132.0,6.0,161.4,20.0,148.47,24.610000000000014,36.0,38.0,3.989921051848718,136.17,160.78,74,-2.0,-121.0,-0.03
07:38:58,137.0,60.0,156.22,18.0,132.0,12.0,158.3,23.0,146.61,19.22,72.0,41.0,1.847449593354372,137.0,156.22,113,31.0,39.0,0.27
07:38:59,137.0,50.0,150.57,21.0,132.0,10.0,152.28,36.0,143.79,13.569999999999993,60.0,57.0,2.3426523429619164,137.0,150.57,117,3.0,4.0,0.03
07:39:00,137.0,55.0,147.2,25.0,132.0,11.0,149.12,25.0,142.1,10.199999999999989,66.0,50.0,3.0384321614913046,137.0,147.2,116,16.0,-1.0,0.14
07:39:01,137.72,54.0,144.38,50.0,136.78,68.0,146.1,62.0,141.05,6.659999999999997,122.0,112.0,3.0957034741693783,137.72,144.38,234,10.0,118.0,0.04
07:39:03,137.07,56.0,140.04,25.0,136.11,87.0,141.61,38.0,138.56,2.969999999999999,143.0,63.0,1.9374132238589516,137.07,140.04,206,80.0,87.0,0.39
07:39:04,136.29,70.0,137.82,44.0,133.64,42.0,146.41,34.0,137.05,1.5300000000000011,112.0,78.0,2.02584550249598,136.29,137.82,190,34.0,-16.0,0.18
07:39:05,135.75,16.0,143.0,7.0,133.4,30.0,156.0,14.0,139.38,7.25,46.0,21.0,1.588625191787877,135.75,143.0,67,25.0,-123.0,0.37
07:39:06,137.85,26.0,154.84,25.0,133.55,66.0,286.65,62.0,146.34,16.99000000000001,92.0,87.0,3.568393195821246,137.85,154.84,179,5.0,112.0,0.03
07:39:13,136.42,33.0,144.83,60.0,134.76,58.0,145.44,45.0,140.63,8.410000000000025,91.0,105.0,1.3411263922479226,136.42,144.83,196,-14.0,64.0,-0.07
07:39:14,137.17,23.0,143.67,30.0,132.1,42.0,145.0,75.0,140.42,6.5,65.0,105.0,1.342523742800728,137.17,143.67,170,-40.0,-26.0,-0.24
07:39:16,135.47,17.0,138.61,54.0,132.95,37.0,153.5,54.0,137.04,3.140000000000015,54.0,108.0,1.8839134799621255,135.47,138.61,162,-54.0,-19.0,-0.33
07:39:17,135.7,60.0,155.69,26.0,132.75,16.0,223.45,22.0,145.7,19.99000000000001,76.0,48.0,3.116483595333574,135.7,155.69,124,28.0,-38.0,0.23
07:39:18,136.0,110.0,214.17,29.0,133.0,26.0,246.58,24.0,175.09,78.16999999999999,136.0,53.0,15.644939437402321,136.0,214.17,189,83.0,65.0,0.44
07:39:19,136.0,99.0,200.96,24.0,133.0,18.0,212.46,26.0,168.48,64.96000000000001,117.0,50.0,17.337921732433475,136.0,200.96,167,67.0,-22.0,0.4
07:39:20,136.0,57.0,183.38,32.0,133.0,24.0,208.5,16.0,159.69,47.379999999999995,81.0,48.0,15.749334906591795,136.0,183.38,129,33.0,-38.0,0.26
07:39:21,136.0,62.0,206.42,24.0,133.0,22.0,207.67,12.0,171.21,70.41999999999999,84.0,36.0,11.71006959842655,136.0,206.42,120,48.0,-9.0,0.4
07:39:22,136.88,102.0,203.13,30.0,135.87,94.0,204.31,58.0,170.01,66.25,196.0,88.0,5.698348883667598,136.88,203.13,284,108.0,164.0,0.38
07:39:23,137.0,98.0,200.0,12.0,136.0,72.0,201.0,24.0,168.5,63.0,170.0,36.0,4.554950054610385,137.0,200.0,206,134.0,-78.0,0.65
07:39:24,137.0,99.0,200.0,11.0,136.0,34.0,201.0,22.0,168.5,63.0,133.0,33.0,4.555948858360369,137.0,200.0,166,100.0,-40.0,0.6
07:39:25,136.65,68.0,198.21,28.0,135.08,39.0,199.31,35.0,167.43,61.56,107.0,63.0,1.4819412943824126,136.65,198.21,170,44.0,4.0,0.26
07:39:26,136.0,60.0,192.95,58.0,132.7,50.0,194.72,54.0,164.47,56.94999999999999,110.0,112.0,2.066898642893561,136.0,192.95,222,-2.0,52.0,-0.01
07:39:27,136.0,50.0,190.0,26.0,133.0,91.0,191.0,52.0,163.0,54.0,141.0,78.0,2.5081766285480525,136.0,190.0,219,63.0,-3.0,0.29
07:39:28,136.0,38.0,189.39,23.0,133.0,98.0,190.57,46.0,162.7,53.389999999999986,136.0,69.0,2.621249701954051,136.0,189.38999999999996,205,67.0,-14.0,0.33
07:39:29,137.16,43.0,181.0,15.0,134.0,42.0,187.43,23.0,159.08,43.84,85.0,38.0,3.0281066691900618,137.16,181.0,123,47.0,-82.0,0.38
07:39:33,136.14,28.0,184.97,35.0,133.2,182.0,211.82,28.0,160.56,48.83000000000001,210.0,63.0,10.699344372436412,136.14,184.97,273,147.0,169.5,0.54
07:39:34,133.04,76.0,247.83,18.0,132.53,32.0,254.5,18.0,190.44,114.79000000000002,108.0,36.0,21.974832195035955,133.04,247.83000000000004,144,72.0,-129.0,0.5
07:39:35,133.0,90.0,247.0,6.0,132.0,18.0,396.35,26.0,190.0,114.0,108.0,32.0,25.160415338384066,133.0,247.0,140,76.0,-4.0,0.54
07:39:36,133.0,135.0,245.85,13.0,132.0,27.0,318.07,41.0,189.42,112.85,162.0,54.0,23.113859911317192,133.0,245.84999999999997,216,108.0,76.0,0.5
07:39:37,133.0,105.0,244.57,35.0,132.0,21.0,246.0,7.0,188.79,111.57,126.0,42.0,13.029801226419378,133.0,244.56999999999996,168,84.0,-48.0,0.5
07:39:38,133.0,87.0,243.08,25.0,132.0,26.0,243.41,29.0,188.04,110.08000000000001,113.0,54.0,0.9545260604101836,133.0,243.08,167,59.0,-1.0,0.35
07:39:39,133.0,63.0,238.71,17.0,132.0,32.0,239.59,37.0,185.85,105.71000000000001,95.0,54.0,1.611102107255086,133.0,238.71,149,41.0,-18.0,0.28
07:39:40,133.0,70.0,237.9,10.0,132.0,39.0,239.0,50.0,185.45,104.9,109.0,60.0,1.772470027955729,133.0,237.9,169,49.0,20.0,0.29
07:39:41,133.0,57.0,227.33,15.0,132.0,44.0,236.42,43.0,180.17,94.33000000000001,101.0,58.0,3.3794082322206362,133.0,227.33,159,43.0,-10.0,0.27
07:39:42,133.44,18.0,234.0,42.0,131.92,39.0,235.0,18.0,183.72,100.56,57.0,60.0,2.937146574483501,133.44,234.0,117,-3.0,-42.0,-0.03
07:39:43,136.0,12.0,228.14,14.0,132.42,48.0,233.75,40.0,182.07,92.13999999999999,60.0,54.0,2.3714805502048,136.0,228.14000000000001,114,6.0,-3.0,0.05
07:39:44,133.39,46.0,145.85,60.0,132.23,104.0,160.29,28.0,139.62,12.460000000000008,150.0,88.0,19.43287755325999,133.39,145.85,238,62.0,124.0,0.26
07:39:45,133.0,50.0,136.45,38.0,132.0,104.0,137.1,48.0,134.72,3.4499999999999886,154.0,86.0,24.640195819026932,133.0,136.45,240,68.0,2.0,0.28
07:39:46,132.0,56.0,135.13,23.0,131.0,26.0,136.15,26.0,133.57,3.1299999999999955,82.0,49.0,25.80868555351065,132.0,135.13,131,33.0,-109.0,0.25
07:39:47,132.0,48.0,133.5,8.0,131.0,12.0,134.5,16.0,132.75,1.5,60.0,24.0,21.14523894402676,132.0,133.5,84,36.0,-47.0,0.43
07:39:48,132.0,40.0,133.2,10.0,131.0,12.0,196.22,18.0,132.6,1.1999999999999886,52.0,28.0,2.901925223017159,132.0,133.2,80,24.0,-4.0,0.3
07:39:49,132.0,47.0,133.0,22.0,131.0,22.0,507.48,25.0,132.5,1.0,69.0,47.0,0.9348636264090853,132.0,133.0,116,22.0,36.0,0.19
07:39:51,132.18,44.0,345.86,14.0,131.36,28.0,378.92,25.0,239.02,213.68,72.0,39.0,75.40072081883565,132.18,345.86,111,33.0,55.0,0.3
07:39:52,131.0,11.0,232.31,13.0,130.0,55.0,245.79,19.0,181.65,101.31,66.0,32.0,69.74058144294467,131.0,232.31,98,34.0,-13.0,0.35
07:39:53,131.0,6.0,217.17,6.0,130.0,30.0,219.0,12.0,174.08,86.16999999999999,36.0,18.0,62.44501725518218,131.0,217.17,54,18.0,-44.0,0.33
07:39:54,131.0,11.0,214.55,11.0,130.0,55.0,229.0,20.0,172.77,83.55000000000001,66.0,31.0,52.7668849753328,131.0,214.55,97,35.0,43.0,0.36
07:39:55,133.64,11.0,213.36,11.0,129.45,11.0,397.64,14.0,173.5,79.72000000000003,22.0,25.0,28.63181848922622,133.64,213.36,47,-3.0,-50.0,-0.06
07:39:56,131.12,120.0,211.5,12.0,129.5,12.0,300.9,21.0,171.31,80.38,132.0,33.0,4.041555393656305,131.12,211.5,165,99.0,118.0,0.6
07:39:57,132.0,130.0,209.8,10.0,129.0,14.0,301.0,10.0,170.9,77.80000000000001,144.0,20.0,1.3733790445436846,132.0,209.8,164,124.0,-1.0,0.76
07:39:58,132.16,125.0,207.35,17.0,131.11,37.0,222.26,19.0,169.76,75.19,162.0,36.0,1.4939109745869996,132.16,207.35,198,126.0,34.0,0.64
07:39:59,133.15,137.0,205.08,13.0,130.52,83.0,207.0,26.0,169.12,71.93,220.0,39.0,1.6877855313964603,133.15,205.07999999999998,259,181.0,61.0,0.7
07:40:00,137.0,120.0,205.0,12.0,130.0,108.0,207.0,24.0,171.0,68.0,228.0,36.0,0.9333380952211613,137.0,205.0,264,192.0,5.0,0.73
07:40:01,137.0,64.0,181.38,8.0,130.0,72.0,206.31,13.0,159.19,44.379999999999995,136.0,21.0,4.9844237380052485,137.0,181.38,157,115.0,-107.0,0.73
07:40:02,136.31,81.0,139.49,41.0,129.99,100.0,140.93,29.0,137.9,3.180000000000007,181.0,70.0,13.953332218505649,136.31,139.49,251,111.0,94.0,0.44
07:40:03,130.0,94.0,136.34,35.0,129.0,14.0,138.0,26.0,133.17,6.340000000000003,108.0,61.0,17.5899155768294,130.0,136.34,169,47.0,-82.0,0.28
07:40:04,130.8,60.0,134.26,54.0,129.97,74.0,135.73,30.0,132.53,3.4599999999999795,134.0,84.0,17.37644296166461,130.8,134.26,218,50.0,49.0,0.23
07:40:05,131.0,46.0,133.23,30.0,130.0,72.0,135.0,17.0,132.12,2.2299999999999898,118.0,47.0,11.5328734494046,131.0,133.23,165,71.0,-53.0,0.43
07:40:06,131.0,30.0,132.1,20.0,130.0,60.0,138.0,20.0,131.55,1.0999999999999943,90.0,40.0,2.5547074196432726,131.0,132.1,130,50.0,-35.0,0.38
07:40:07,113.89,18.0,137.07,28.0,112.17,40.0,385.35,37.0,125.48,23.179999999999993,58.0,65.0,3.125403973885607,113.89,137.07,123,-7.0,-7.0,-0.06
07:40:08,115.45,31.0,126.9,20.0,57.84,19.0,127.66,47.0,121.18,11.450000000000003,50.0,67.0,5.033008046882063,115.45,126.9,117,-17.0,-6.0,-0.15
07:40:13,133.9,42.0,141.43,14.0,109.33,15.0,226.36,14.0,137.67,7.530000000000001,57.0,28.0,14.293670627238406,133.9,141.43,85,29.0,67.0,0.34
07:40:18,138.0,18.0,384.95,19.0,135.37,41.0,492.25,16.0,261.47,246.95,59.0,35.0,73.53768217723477,138.0,384.95,94,24.0,-60.0,0.26
07:40:21,136.0,5.0,347.0,20.0,134.0,65.0,623.8,15.0,241.5,211.0,70.0,35.0,29.097039883809494,136.0,347.0,105,35.0,-36.0,0.33
07:40:22,134.17,92.0,295.53,36.0,133.59,88.0,351.6,25.0,214.85,161.35999999999999,180.0,61.0,36.96390739626964,134.17,295.53,241,119.0,136.0,0.49
07:40:23,134.54,59.0,181.75,40.0,133.78,83.0,183.41,34.0,158.15,47.21000000000001,142.0,74.0,59.46817409337529,134.54,181.75,216,68.0,-25.0,0.31
07:40:24,134.0,112.0,178.11,37.0,133.0,54.0,179.68,25.0,156.05,44.110000000000014,166.0,62.0,54.15365435499238,134.0,178.11,228,104.0,12.0,0.46
07:40:25,134.0,96.0,172.62,40.0,133.0,48.0,174.25,40.0,153.31,38.620000000000005,144.0,80.0,40.762402039133825,134.0,172.62,224,64.0,-4.0,0.29
07:40:26,136.0,60.0,169.64,14.0,134.0,120.0,171.3,50.0,152.82,33.639999999999986,180.0,64.0,26.815711439377825,136.0,169.64000000000001,244,116.0,20.0,0.48
07:40:27,136.0,48.0,166.88,8.0,134.0,96.0,171.0,40.0,151.44,30.879999999999995,144.0,48.0,2.702800399581341,136.0,166.88,192,96.0,-52.0,0.5
07:40:28,136.55,33.0,163.14,51.0,134.32,114.0,163.57,35.0,149.84,26.589999999999975,147.0,86.0,2.3117028355687816,136.55,163.14,233,61.0,41.0,0.26
07:40:29,136.0,30.0,157.34,38.0,134.0,120.0,159.0,38.0,146.67,21.340000000000003,150.0,76.0,2.681758751263131,136.0,157.34,226,74.0,-7.0,0.33
07:40:30,136.0,30.0,153.39,18.0,134.0,120.0,155.63,46.0,144.69,17.389999999999986,150.0,64.0,3.3620782263320383,136.0,153.39,214,86.0,-12.0,0.4
07:40:31,136.56,16.0,151.7,50.0,134.74,57.0,152.7,50.0,144.13,15.139999999999986,73.0,100.0,3.1950946777796094,136.56,151.7,173,-27.0,-41.0,-0.16
07:40:32,136.0,28.0,149.07,58.0,134.0,168.0,150.18,66.0,142.53,13.069999999999993,196.0,124.0,2.807689441511493,136.0,149.07,320,72.0,147.0,0.23
07:40:33,134.04,112.0,144.09,55.0,133.15,82.0,146.0,55.0,139.06,10.050000000000011,194.0,110.0,2.8496104996954377,134.04,144.09,304,84.0,-16.0,0.28
07:40:34,134.27,121.0,141.18,51.0,133.0,71.0,143.14,43.0,137.72,6.909999999999997,192.0,94.0,3.095016962792609,134.27,141.18,286,98.0,-18.0,0.34
07:40:35,135.92,89.0,140.17,46.0,132.88,68.0,148.28,46.0,138.05,4.25,157.0,92.0,2.8678511118908565,135.92,140.17,249,65.0,-37.0,0.26
07:40:36,135.73,66.0,142.0,65.0,132.97,74.0,187.56,27.0,138.86,6.27000000000001,140.0,92.0,1.9188095267569776,135.73,142.0,232,48.0,-17.0,0.21
07:40:37,134.62,26.0,142.0,55.0,132.68,62.0,343.57,14.0,138.31,7.3799999999999955,88.0,69.0,0.5568213357739451,134.62,142.0,157,19.0,-75.0,0.12
07:40:38,133.73,22.0,141.43,35.0,132.09,33.0,161.0,14.0,137.58,7.700000000000017,55.0,49.0,0.5096371257796869,133.73,141.43,104,6.0,-53.0,0.06
07:40:39,137.0,36.0,140.33,45.0,133.0,27.0,253.33,18.0,138.67,3.3300000000000125,63.0,63.0,0.507769632779509,137.0,140.33,126,0.0,22.0,0.0
07:40:40,137.0,32.0,138.38,40.0,132.64,28.0,408.61,23.0,137.69,1.3799999999999955,60.0,63.0,0.5724246675091985,137.0,138.38,123,-3.0,-3.0,-0.02
07:40:41,134.32,69.0,338.68,22.0,131.52,29.0,386.08,36.0,236.5,204.36,98.0,58.0,44.0248651332401,134.32,338.68,156,40.0,33.0,0.26
07:40:42,133.05,55.0,300.59,22.0,132.61,67.0,311.31,32.0,216.82,167.53999999999996,122.0,54.0,49.069701140316575,133.05,300.59,176,68.0,20.0,0.39
07:40:43,136.0,22.0,292.64,11.0,133.0,227.0,349.7,43.0,214.32,156.64,249.0,54.0,47.00247280728953,136.0,292.64,303,195.0,127.0,0.64
07:40:44,133.16,115.0,248.71,17.0,132.76,80.0,366.25,28.0,190.93,115.55000000000001,195.0,45.0,38.02048224312778,133.16,248.70999999999998,240,150.0,-63.0,0.62
07:40:45,132.82,44.0,175.12,16.0,130.95,21.0,191.31,36.0,153.97,42.30000000000001,65.0,52.0,31.58243293351537,132.82,175.12,117,13.0,-123.0,0.11
07:40:46,131.0,28.0,158.07,14.0,130.0,70.0,190.81,37.0,144.54,27.069999999999993,98.0,51.0,33.5533341115304,131.0,158.07,149,47.0,32.0,0.32
07:40:47,135.67,45.0,156.67,15.0,130.6,47.0,366.68,69.0,146.17,21.0,92.0,84.0,31.126225758995965,135.67,156.67,176,8.0,27.0,0.05
07:40:48,131.32,37.0,194.52,21.0,124.06,32.0,355.84,37.0,162.92,63.20000000000002,69.0,58.0,18.916927076033783,131.32,194.52,127,11.0,-49.0,0.09
07:41:08,137.26,78.0,139.67,30.0,136.74,46.0,145.43,14.0,138.46,2.4099999999999966,124.0,44.0,2.84578284483502,137.26,139.67,168,80.0,-170.5,0.48
07:41:09,137.0,58.0,141.08,12.0,136.0,12.0,157.5,4.0,139.04,4.0800000000000125,70.0,16.0,1.8631371393315583,137.0,141.08,86,54.0,-82.0,0.63
07:41:10,137.0,60.0,154.0,5.0,136.0,15.0,161.0,5.0,145.5,17.0,75.0,10.0,2.8386475652952847,137.0,154.0,85,65.0,-1.0,0.76
07:41:11,137.47,75.0,159.15,26.0,136.7,50.0,198.29,14.0,148.31,21.680000000000007,125.0,40.0,4.45752397637497,137.47,159.15000000000003,165,85.0,80.0,0.52
07:41:19,137.69,55.0,145.77,13.0,136.16,19.0,148.0,65.0,141.73,8.080000000000013,74.0,78.0,2.682172626800854,137.69,145.77,152,-4.0,-28.0,-0.03
07:41:20,136.0,90.0,144.56,16.0,133.0,16.0,148.0,80.0,140.28,8.560000000000002,106.0,96.0,2.485270608999962,136.0,144.56,202,10.0,50.0,0.05
07:41:21,136.37,27.0,143.29,28.0,134.25,12.0,147.64,44.0,139.83,6.9199999999999875,39.0,72.0,2.056980797177836,136.37,143.29,111,-33.0,-91.0,-0.3
07:41:22,137.0,22.0,141.82,11.0,136.0,11.0,143.0,55.0,139.41,4.819999999999993,33.0,66.0,1.7066985673978468,137.0,141.82,99,-33.0,-12.0,-0.33
07:41:23,136.96,24.0,138.53,53.0,135.84,19.0,141.45,31.0,137.74,1.5699999999999932,43.0,84.0,1.4449809687180397,136.96,138.53,127,-41.0,28.0,-0.32
07:41:24,134.0,9.0,137.83,29.0,132.06,51.0,229.76,37.0,135.91,3.8300000000000125,60.0,66.0,1.8000916643207012,134.0,137.83,126,-6.0,-1.0,-0.05
07:41:25,133.0,9.0,137.67,27.0,132.0,72.0,356.38,32.0,135.33,4.6699999999999875,81.0,59.0,2.0166754820636004,133.0,137.67,140,22.0,14.0,0.16
07:41:26,133.0,9.0,136.18,34.0,132.0,72.0,139.96,28.0,134.59,3.180000000000007,81.0,62.0,1.9573400317665823,133.0,136.18,143,19.0,3.0,0.13
07:41:27,132.16,57.0,134.47,53.0,131.78,82.0,135.53,45.0,133.31,2.3100000000000023,139.0,98.0,1.6402682707275333,132.16,134.47,237,41.0,94.0,0.17
07:41:28,132.0,72.0,178.62,52.0,131.0,42.0,271.22,54.0,155.31,46.620000000000005,114.0,106.0,9.230341272128397,132.0,178.62,220,8.0,-17.0,0.04
07:41:29,136.0,15.0,315.0,12.0,131.25,12.0,334.6,25.0,225.5,179.0,27.0,37.0,39.4586330224447,136.0,315.0,64,-10.0,-156.0,-0.16
07:41:30,137.0,70.0,323.27,56.0,132.0,14.0,390.54,54.0,230.13,186.26999999999998,84.0,110.0,48.335644404517566,137.0,323.27,194,-26.0,130.0,-0.13
07:41:31,137.0,54.0,239.03,29.0,132.0,24.0,333.45,51.0,188.02,102.03,78.0,80.0,42.51137765351735,137.0,239.03,158,-2.0,-36.0,-0.01
07:41:36,137.0,24.0,229.64,14.0,132.0,24.0,231.85,26.0,183.32,92.63999999999999,48.0,40.0,23.987382099762012,137.0,229.64000000000001,88,8.0,-88.0,0.09
07:41:37,136.23,13.0,228.21,43.0,133.16,19.0,229.43,14.0,182.22,91.98000000000002,32.0,57.0,24.464044636976517,136.23,228.21,89,-25.0,1.0,-0.28
07:41:38,132.0,11.0,206.06,34.0,131.0,33.0,226.48,31.0,169.03,74.06,44.0,65.0,22.505341588164683,132.0,206.06,109,-21.0,20.0,-0.19
07:41:39,131.33,18.0,167.88,24.0,130.52,42.0,172.49,47.0,149.6,36.54999999999998,60.0,71.0,16.509145950047476,131.33,167.88,131,-11.0,22.0,-0.08
07:41:40,130.0,39.0,160.94,31.0,129.0,13.0,163.28,39.0,145.47,30.939999999999998,52.0,70.0,17.76701072212109,130.0,160.94,122,-18.0,-9.0,-0.15
07:41:41,132.8,15.0,157.73,44.0,130.3,20.0,159.0,33.0,145.26,24.92999999999998,35.0,77.0,16.56531406282305,132.8,157.73,112,-42.0,-10.0,-0.38
07:41:42,132.79,14.0,156.03,38.0,129.96,28.0,157.5,48.0,144.41,23.24000000000001,42.0,86.0,10.412671607227445,132.79,156.03,128,-44.0,16.0,-0.34
07:41:43,130.9,10.0,152.1,10.0,129.23,22.0,155.18,22.0,141.5,21.19999999999999,32.0,32.0,2.9042675496515136,130.9,152.1,64,0.0,-64.0,0.0
07:41:44,130.0,12.0,148.22,32.0,129.0,20.0,149.28,18.0,139.11,18.22,32.0,50.0,2.7598097760458384,130.0,148.22,82,-18.0,18.0,-0.22
07:41:45,134.67,12.0,143.91,22.0,129.67,12.0,145.42,26.0,139.29,9.240000000000009,24.0,48.0,2.8436297227237386,134.67,143.91,72,-24.0,-10.0,-0.33
07:41:46,137.0,12.0,141.15,40.0,130.0,12.0,141.77,26.0,139.07,4.150000000000006,24.0,66.0,2.322408232838835,137.0,141.15,90,-42.0,18.0,-0.47
07:41:47,126.71,14.0,135.51,43.0,93.12,41.0,137.03,31.0,131.11,8.799999999999997,55.0,74.0,3.992553067894897,126.71,135.51,129,-19.0,39.0,-0.15
07:41:48,124.17,52.0,133.64,11.0,79.81,37.0,136.21,19.0,128.9,9.469999999999985,89.0,30.0,5.073783598061341,124.17,133.64,119,59.0,-10.0,0.5
07:41:49,132.19,94.0,136.27,33.0,120.99,121.0,191.21,38.0,134.23,4.0800000000000125,215.0,71.0,4.657037685047867,132.19,136.27,286,144.0,167.0,0.5
07:41:50,132.34,53.0,135.85,39.0,127.58,24.0,270.96,56.0,134.09,3.509999999999991,77.0,95.0,3.833275361874718,132.34,135.85,172,-18.0,-114.0,-0.1
07:41:51,132.0,101.0,135.0,27.0,117.67,18.0,317.89,45.0,133.5,3.0,119.0,72.0,2.308859025569879,132.0,135.0,191,47.0,19.0,0.25
07:41:52,132.0,114.0,291.02,45.0,131.0,11.0,385.74,46.0,211.51,159.01999999999998,125.0,91.0,35.322395586935485,132.0,291.02,216,34.0,25.0,0.16
07:41:53,132.0,58.0,337.0,35.0,131.0,7.0,391.0,35.0,234.5,205.0,65.0,70.0,49.45619101790963,132.0,337.0,135,-5.0,-81.0,-0.04
07:41:54,135.72,57.0,249.78,18.0,133.88,16.0,337.0,45.0,192.75,114.06,73.0,63.0,45.79193760914653,135.72,249.78,136,10.0,1.0,0.07
07:41:55,137.0,36.0,232.0,18.0,136.0,72.0,503.89,45.0,184.5,95.0,108.0,63.0,37.62928739691958,137.0,232.0,171,45.0,35.0,0.26
07:41:56,137.03,37.0,267.29,45.0,136.03,91.0,372.11,45.0,202.16,130.26000000000002,128.0,90.0,19.306559248089076,137.03,267.29,218,38.0,47.0,0.17
07:41:57,137.33,15.0,267.33,9.0,136.8,25.0,330.9,21.0,202.33,129.99999999999997,40.0,30.0,18.976363455624828,137.33,267.33,70,10.0,-148.0,0.14
07:41:58,136.0,69.0,264.44,16.0,132.0,10.0,370.14,14.0,200.22,128.44,79.0,30.0,7.711470028468783,136.0,264.44,109,49.0,39.0,0.45
07:41:59,136.0,11.0,173.77,48.0,132.0,11.0,263.33,12.0,154.89,37.77000000000001,22.0,60.0,20.37365332972885,136.0,173.77,82,-38.0,-27.0,-0.46
07:42:00,136.0,7.0,159.75,8.0,132.0,22.0,167.94,31.0,147.88,23.75,29.0,39.0,27.61140760627698,136.0,159.75,68,-10.0,-14.0,-0.15
07:42:01,136.86,35.0,156.67,12.0,134.0,10.0,167.9,42.0,146.76,19.809999999999974,45.0,54.0,28.35187877372447,136.86,156.67,99,-9.0,31.0,-0.09
07:42:02,137.0,84.0,163.35,31.0,136.0,14.0,204.64,39.0,150.18,26.349999999999994,98.0,70.0,22.70673864736998,137.0,163.35,168,28.0,69.0,0.17
07:42:03,137.08,52.0,160.45,11.0,136.4,30.0,161.89,19.0,148.77,23.369999999999976,82.0,30.0,3.1617763994253654,137.08,160.45,112,52.0,-56.0,0.46
07:42:10,137.06,65.0,139.57,30.0,136.26,114.0,141.53,49.0,138.31,2.509999999999991,179.0,79.0,2.7595833018703715,137.06,139.57,258,100.0,-4.0,0.39
07:42:11,137.0,9.0,142.0,18.0,136.0,54.0,147.4,20.0,139.5,5.0,63.0,38.0,2.2941883096122666,137.0,142.0,101,25.0,-157.0,0.25
07:42:12,137.0,23.0,141.13,46.0,136.0,84.0,144.84,38.0,139.07,4.1299999999999955,107.0,84.0,1.529150090724062,137.0,141.13,191,23.0,90.0,0.12
07:42:13,137.24,25.0,140.0,24.0,136.03,68.0,175.33,36.0,138.62,2.759999999999991,93.0,60.0,0.7842639861432217,137.24,140.0,153,33.0,-38.0,0.22
07:42:14,136.89,19.0,138.59,37.0,135.67,72.0,221.32,25.0,137.74,1.700000000000017,91.0,62.0,0.6788740678219616,136.89,138.59,153,29.0,0.0,0.19
07:42:15,134.46,37.0,172.1,30.0,132.56,57.0,305.86,21.0,153.28,37.639999999999986,94.0,51.0,6.538434063287766,134.46,172.1,145,43.0,-8.0,0.3
07:42:16,133.0,12.0,187.23,22.0,132.0,60.0,221.91,32.0,160.11,54.22999999999999,72.0,54.0,10.277754132103118,133.0,187.23,126,18.0,-19.0,0.14
07:42:17,132.64,11.0,162.3,20.0,131.81,43.0,198.5,12.0,147.47,29.660000000000025,54.0,32.0,9.572326258541493,132.64,162.3,86,22.0,-40.0,0.26
07:42:18,132.07,29.0,158.12,8.0,131.07,60.0,161.0,24.0,145.1,26.05000000000001,89.0,32.0,8.452085541448525,132.07,158.12,121,57.0,35.0,0.47
07:42:19,131.0,88.0,156.0,39.0,130.0,22.0,216.09,33.0,143.5,25.0,110.0,72.0,6.811260529444126,131.0,156.0,182,38.0,61.0,0.21
07:42:20,131.0,65.0,154.0,10.0,130.0,20.0,156.0,10.0,142.5,23.0,85.0,20.0,7.167540024301438,131.0,154.0,105,65.0,-77.0,0.62
07:42:21,129.38,48.0,148.5,18.0,91.49,35.0,152.0,18.0,138.94,19.120000000000005,83.0,36.0,3.1667996463247143,129.38,148.5,119,47.0,14.0,0.39
07:42:22,125.57,14.0,128.7,10.0,73.48,42.0,130.42,12.0,127.14,3.1299999999999955,56.0,22.0,7.235722493294074,125.57000000000001,128.7,78,34.0,-41.0,0.44
07:42:26,114.4,10.0,232.7,23.0,60.04,77.0,247.62,13.0,173.55,118.29999999999998,87.0,36.0,32.55739961974792,114.4,232.7,123,51.0,27.0,0.41
07:42:27,131.09,11.0,211.93,27.0,102.48,25.0,288.39,31.0,171.51,80.84,36.0,58.0,35.14606336419433,131.09,211.93000000000004,94,-22.0,-29.0,-0.23
07:42:28,136.0,12.0,245.0,24.0,123.55,33.0,316.83,36.0,190.5,109.0,45.0,60.0,34.000816901950536,136.0,245.0,105,-15.0,11.0,-0.14
07:42:29,136.81,26.0,243.33,18.0,130.55,33.0,356.2,20.0,190.07,106.52000000000001,59.0,38.0,10.485434182711177,136.81,243.33000000000004,97,21.0,-8.0,0.22
07:42:30,137.0,49.0,233.57,7.0,136.0,7.0,244.67,12.0,185.29,96.57,56.0,19.0,9.075686199950308,137.0,233.57,75,37.0,-22.0,0.49
07:42:31,137.0,63.0,207.22,9.0,136.0,9.0,215.78,9.0,172.11,70.22,72.0,18.0,9.43394297205407,137.0,207.22,90,54.0,15.0,0.6
07:42:32,137.3,67.0,206.46,13.0,136.27,15.0,243.0,30.0,171.88,69.16,82.0,43.0,9.333019339954696,137.3,206.46,125,39.0,35.0,0.31
07:42:33,138.0,120.0,204.52,23.0,137.0,24.0,221.16,32.0,171.26,66.52000000000001,144.0,55.0,8.892815639603006,138.0,204.52,199,89.0,74.0,0.45
07:42:42,136.03,210.0,165.29,45.0,135.15,52.0,165.56,71.0,150.66,29.25999999999999,262.0,116.0,3.6655245190783856,136.03,165.29,378,146.0,169.5,0.39
07:42:43,136.0,220.0,159.71,28.0,135.0,48.0,161.55,53.0,147.86,23.710000000000008,268.0,81.0,4.1041040435111364,136.0,159.71,349,187.0,-29.0,0.54
07:42:44,136.0,256.0,152.84,61.0,135.0,48.0,154.46,46.0,144.42,16.840000000000003,304.0,107.0,4.657821379138993,136.0,152.84,411,197.0,62.0,0.48
07:42:45,136.0,151.0,149.04,28.0,135.0,36.0,151.7,46.0,142.52,13.039999999999992,187.0,74.0,4.535716040490632,136.0,149.04,261,113.0,-150.0,0.43
07:42:46,137.27,66.0,144.73,37.0,135.97,111.0,145.97,36.0,141.0,7.4599999999999795,177.0,73.0,3.9457470775461307,137.27,144.73,250,104.0,-11.0,0.42
07:42:47,138.0,66.0,140.58,43.0,136.0,99.0,141.94,33.0,139.29,2.5800000000000125,165.0,76.0,3.302608060300782,138.0,140.58,241,89.0,-9.0,0.37
07:42:48,136.96,71.0,139.88,40.0,135.07,107.0,142.58,31.0,138.42,2.9199999999999875,178.0,71.0,2.423984323374123,136.96,139.88,249,107.0,8.0,0.43
07:42:49,136.0,63.0,140.24,17.0,135.0,72.0,141.65,17.0,138.12,4.240000000000009,135.0,34.0,1.8574713995007823,136.0,140.24,169,101.0,-80.0,0.6
07:42:50,136.0,77.0,138.82,17.0,135.0,88.0,139.64,22.0,137.41,2.819999999999993,165.0,39.0,1.3790830286691336,136.0,138.82,204,126.0,35.0,0.62
07:42:51,136.0,51.0,137.57,21.0,135.0,88.0,162.79,19.0,136.79,1.5699999999999932,139.0,40.0,0.9574601819204264,136.0,137.57,179,99.0,-25.0,0.55
07:42:52,136.0,28.0,137.0,20.0,135.0,80.0,393.7,10.0,136.5,1.0,108.0,30.0,0.8260568987442899,136.0,137.0,138,78.0,-41.0,0.57
07:42:53,136.0,13.0,347.24,17.0,135.0,88.0,433.62,29.0,241.62,211.24,101.0,46.0,46.6999525695687,136.0,347.24,147,55.0,9.0,0.37
07:42:54,136.0,13.0,400.73,30.0,135.0,104.0,429.0,36.0,268.37,264.73,117.0,66.0,65.3718752216882,136.0,400.7300000000001,183,51.0,36.0,0.28
07:42:55,136.0,13.0,228.4,15.0,135.0,104.0,296.88,16.0,182.2,92.4,117.0,31.0,60.234851456610826,136.0,228.4,148,86.0,-35.0,0.58
07:42:56,135.05,44.0,239.0,20.0,134.0,24.0,412.29,28.0,187.02,103.94999999999999,68.0,48.0,52.14137244070176,135.05,239.0,116,20.0,-32.0,0.17
07:42:57,135.0,68.0,286.74,35.0,132.0,14.0,342.62,42.0,210.87,151.74,82.0,77.0,36.69903718083043,135.0,286.74,159,5.0,43.0,0.03
07:42:58,135.0,48.0,142.29,34.0,132.0,11.0,148.18,17.0,138.65,7.289999999999992,59.0,51.0,47.45662830416813,135.0,142.29,110,8.0,-49.0,0.07
07:42:59,135.1,40.0,141.0,32.0,134.0,18.0,144.33,15.0,138.05,5.900000000000006,58.0,47.0,32.028430651531565,135.1,141.0,105,11.0,-5.0,0.1
07:43:00,136.0,16.0,140.0,32.0,135.0,48.0,278.82,22.0,138.0,4.0,64.0,54.0,34.30656161727615,136.0,140.0,118,10.0,13.0,0.08
07:43:01,136.0,16.0,137.38,32.0,135.0,48.0,304.0,16.0,136.69,1.3799999999999955,64.0,48.0,32.664493261031375,136.0,137.38,112,16.0,-6.0,0.14
07:43:02,135.03,62.0,343.73,44.0,133.12,16.0,430.87,30.0,239.38,208.70000000000002,78.0,74.0,45.41235217427043,135.03,343.73,152,4.0,40.0,0.03
07:43:03,135.0,17.0,359.24,68.0,132.0,22.0,369.34,64.0,247.12,224.24,39.0,132.0,57.94506424191769,135.0,359.24,171,-93.0,19.0,-0.54
07:43:04,131.18,22.0,323.33,36.0,130.06,36.0,337.06,34.0,227.26,192.14999999999998,58.0,70.0,55.54201562781074,131.18,323.33,128,-12.0,-43.0,-0.09
07:43:05,131.0,45.0,222.84,63.0,130.0,75.0,224.05,58.0,176.92,91.84,120.0,121.0,47.18369824420267,131.0,222.84,241,-1.0,113.0,-0.0
07:43:06,131.0,39.0,217.8,50.0,130.0,65.0,219.31,52.0,174.4,86.80000000000001,104.0,102.0,34.83945866399154,131.0,217.8,206,2.0,-35.0,0.01
07:43:07,133.47,85.0,141.88,85.0,130.39,107.0,147.85,55.0,137.68,8.409999999999997,192.0,140.0,44.065365991898574,133.47,141.88,332,52.0,126.0,0.16
07:43:08,135.22,82.0,138.0,56.0,131.3,80.0,140.34,58.0,136.61,2.780000000000001,162.0,114.0,37.09373639848064,135.22,138.0,276,48.0,-56.0,0.17
07:43:09,132.0,13.0,135.5,40.0,131.0,70.0,176.4,40.0,133.75,3.5,83.0,80.0,21.781078256137004,132.0,135.5,163,3.0,-113.0,0.02
07:43:10,132.0,14.0,133.45,44.0,131.0,98.0,140.14,43.0,132.73,1.4499999999999886,112.0,87.0,17.65024164140431,132.0,133.45,199,25.0,36.0,0.13
07:43:11,131.0,54.0,133.9,20.0,129.0,66.0,232.0,40.0,132.45,2.9000000000000057,120.0,60.0,2.3642504097410297,131.0,133.9,180,60.0,-19.0,0.33
07:43:12,131.0,27.0,178.73,30.0,129.75,48.0,234.56,45.0,154.87,47.72999999999999,75.0,75.0,9.528028127580304,131.0,178.73,150,0.0,-30.0,0.0
07:43:13,130.14,22.0,224.5,44.0,128.62,39.0,228.93,56.0,177.32,94.36000000000001,61.0,100.0,19.80609956553696,130.14,224.5,161,-39.0,11.0,-0.24
07:43:14,134.95,109.0,204.97,36.0,129.5,12.0,205.9,48.0,169.96,70.02000000000001,121.0,84.0,20.704410882707215,134.95,204.97,205,37.0,44.0,0.18
07:43:15,135.0,144.0,202.55,44.0,130.0,36.0,204.54,52.0,168.77,67.55000000000001,180.0,96.0,17.742216039716293,135.0,202.55,276,84.0,71.0,0.3
07:43:16,136.0,9.0,200.22,45.0,135.0,108.0,203.0,27.0,168.11,64.22,117.0,72.0,8.116614441992851,136.0,200.22,189,45.0,-87.0,0.24
07:43:17,136.0,13.0,174.31,55.0,135.0,156.0,180.27,56.0,155.15,38.31,169.0,111.0,8.005252650601783,136.0,174.30999999999997,280,58.0,91.0,0.21
07:43:18,136.0,8.0,167.71,38.0,135.0,96.0,168.62,26.0,151.86,31.710000000000008,104.0,64.0,8.563063120167103,136.0,167.71,168,40.0,-112.0,0.24
07:43:19,135.0,88.0,162.83,35.0,130.0,11.0,164.77,39.0,148.91,27.830000000000013,99.0,74.0,9.28826140889484,135.0,162.83,173,25.0,5.0,0.14
07:43:20,135.24,63.0,158.12,41.0,134.35,46.0,159.13,47.0,146.68,22.879999999999995,109.0,88.0,8.431842621868844,135.24,158.12,197,21.0,24.0,0.11
07:43:21,135.1,147.0,156.08,52.0,134.6,81.0,156.39,49.0,145.59,20.980000000000018,228.0,101.0,3.9046600364132806,135.1,156.08,329,127.0,132.0,0.39
07:43:22,135.33,97.0,150.83,70.0,134.88,170.0,151.68,50.0,143.08,15.5,267.0,120.0,3.334430985934851,135.33,150.83,387,147.0,58.0,0.38
07:43:23,136.3,43.0,146.4,57.0,134.98,211.0,147.52,58.0,141.35,10.099999999999994,254.0,115.0,2.9746041753420025,136.3,146.4,369,139.0,-18.0,0.38
07:43:24,135.5,60.0,142.29,48.0,134.95,152.0,143.57,42.0,138.9,6.789999999999992,212.0,90.0,3.151087113991245,135.5,142.29,302,122.0,-67.0,0.4
07:43:25,135.39,69.0,138.34,56.0,134.91,138.0,141.0,40.0,136.87,2.950000000000017,207.0,96.0,3.422684618827928,135.39,138.34,303,111.0,1.0,0.37
07:43:26,135.0,111.0,138.0,42.0,131.96,23.0,286.21,43.0,136.5,3.0,134.0,85.0,2.845514013313045,135.0,138.0,219,49.0,-84.0,0.22
07:43:27,135.0,36.0,142.0,18.0,132.0,12.0,496.33,30.0,138.5,7.0,48.0,48.0,1.930707124335716,135.0,142.0,96,0.0,-123.0,0.0
07:43:28,135.82,33.0,140.2,30.0,134.89,56.0,446.5,50.0,138.01,4.3799999999999955,89.0,80.0,1.0355336788152145,135.82,140.2,169,9.0,73.0,0.05
07:43:29,135.15,59.0,138.42,36.0,133.2,30.0,427.29,58.0,136.78,3.269999999999982,89.0,94.0,0.8709592412739375,135.15,138.42,183,-5.0,14.0,-0.03
07:43:30,135.0,18.0,137.0,18.0,132.0,12.0,281.0,24.0,136.0,2.0,30.0,42.0,1.0540018975127277,135.0,137.0,72,-12.0,-111.0,-0.17
07:43:31,134.79,29.0,173.71,31.0,131.72,25.0,387.56,43.0,154.25,38.920000000000016,54.0,74.0,7.634374237615107,134.79,173.71,128,-20.0,56.0,-0.16
07:43:32,131.6,20.0,298.0,32.0,130.95,44.0,503.24,34.0,214.8,166.4,64.0,66.0,33.7399832542929,131.6,298.0,130,-2.0,2.0,-0.02
07:43:33,133.0,6.0,211.0,24.0,130.6,15.0,570.0,24.0,172.0,78.0,21.0,48.0,32.62291035453408,133.0,211.0,69,-27.0,-61.0,-0.39
07:43:35,131.0,8.0,332.63,27.0,130.0,32.0,509.85,26.0,231.81,201.63,40.0,53.0,56.80009533442685,131.0,332.63,93,-13.0,-14.0,-0.14
07:43:36,133.86,14.0,250.98,41.0,130.24,21.0,337.48,25.0,192.42,117.11999999999998,35.0,66.0,48.67816091431537,133.86,250.98000000000002,101,-31.0,8.0,-0.31
07:43:37,132.86,14.0,141.95,21.0,130.33,6.0,202.0,9.0,137.4,9.089999999999975,20.0,30.0,62.03147064192479,132.86,141.95,50,-10.0,-51.0,-0.2
07:43:38,130.0,33.0,140.55,11.0,129.0,11.0,142.0,44.0,135.27,10.550000000000011,44.0,55.0,68.93777143192239,130.0,140.55,99,-11.0,49.0,-0.11
07:43:39,130.0,21.0,139.11,9.0,129.0,9.0,142.0,36.0,134.56,9.110000000000014,30.0,45.0,44.100206008588735,130.0,139.11,75,-15.0,-24.0,-0.2
07:43:40,130.0,18.0,139.0,9.0,129.0,13.0,174.67,36.0,134.5,9.0,31.0,45.0,25.512685080170655,130.0,139.0,76,-14.0,1.0,-0.18
07:43:41,130.93,59.0,139.0,8.0,129.86,14.0,240.0,32.0,134.97,8.069999999999993,73.0,40.0,1.1936708088752088,130.93,139.0,113,33.0,37.0,0.29
07:43:42,131.16,77.0,138.33,18.0,130.38,26.0,275.4,20.0,134.74,7.170000000000016,103.0,38.0,0.3164964454156098,131.16,138.33,141,65.0,28.0,0.46
07:43:43,132.0,58.0,136.23,35.0,131.0,65.0,137.47,17.0,134.11,4.22999999999999,123.0,52.0,0.3183237345230017,132.0,136.23,175,71.0,34.0,0.41
07:43:44,132.0,8.0,135.17,12.0,131.0,40.0,136.1,20.0,133.58,3.1699999999999875,48.0,32.0,0.5488624599666437,132.0,135.17,80,16.0,-95.0,0.2
07:43:45,130.03,30.0,132.25,28.0,128.37,60.0,216.3,37.0,131.14,2.219999999999999,90.0,65.0,1.5354380482326606,130.03,132.25,155,25.0,75.0,0.16
07:43:46,130.0,23.0,149.72,53.0,128.03,91.0,177.3,57.0,139.86,19.72,114.0,110.0,3.1977460812204512,130.0,149.72,224,4.0,69.0,0.02
07:43:47,130.0,6.0,298.8,25.0,128.2,20.0,550.71,17.0,214.4,168.8,26.0,42.0,35.79831727888846,130.0,298.8,68,-16.0,-156.0,-0.24
07:43:49,136.0,36.0,270.5,12.0,130.0,6.0,292.0,24.0,203.25,134.5,42.0,36.0,89.20048514442047,136.0,270.5,78,6.0,-41.0,0.08
07:43:50,136.0,27.0,272.0,8.0,130.0,4.0,292.0,16.0,204.0,136.0,31.0,24.0,78.75071345708545,136.0,272.0,55,7.0,-23.0,0.13
07:43:51,134.96,23.0,227.12,16.0,129.5,8.0,292.0,16.0,181.04,92.16,31.0,32.0,69.48612717658095,134.96,227.12,63,-1.0,8.0,-0.02
07:43:52,131.67,9.0,386.78,18.0,129.33,9.0,638.0,4.0,259.22,255.10999999999999,18.0,22.0,69.65684797634748,131.67,386.78,40,-4.0,-23.0,-0.1
07:43:55,127.5,16.0,373.0,6.0,114.62,8.0,768.33,24.0,250.25,245.5,24.0,30.0,96.31063923575627,127.5,373.0,54,-6.0,-25.0,-0.11
07:43:56,130.35,37.0,417.33,6.0,123.86,14.0,720.0,24.0,273.84,286.98,51.0,30.0,76.21016224887596,130.35,417.33,81,21.0,27.0,0.26
07:43:57,131.6,25.0,399.0,7.0,126.0,18.0,720.0,28.0,265.3,267.4,43.0,35.0,75.21026971099093,131.6,399.0,78,8.0,-3.0,0.1
07:43:58,133.29,21.0,219.43,7.0,131.0,28.0,404.4,10.0,176.36,86.14000000000001,49.0,17.0,93.24619472128605,133.29,219.43,66,32.0,-12.0,0.48
07:43:59,136.18,33.0,151.83,12.0,131.0,44.0,174.29,35.0,144.01,15.650000000000006,77.0,47.0,58.15018546831976,136.18,151.83,124,30.0,58.0,0.24
07:44:00,137.36,14.0,151.0,20.0,131.0,40.0,160.5,16.0,144.18,13.639999999999986,54.0,36.0,64.27152262083095,137.36,151.0,90,18.0,-34.0,0.2
07:44:01,138.0,5.0,151.0,10.0,131.0,20.0,193.29,14.0,144.5,13.0,25.0,24.0,52.43175945931989,138.0,151.0,49,1.0,-41.0,0.02
07:44:02,138.0,14.0,153.81,27.0,131.0,56.0,316.04,26.0,145.91,15.810000000000002,70.0,53.0,14.200879198133379,138.0,153.81,123,17.0,74.0,0.14
07:44:03,137.83,12.0,234.75,12.0,133.78,54.0,431.73,15.0,186.29,96.91999999999999,66.0,27.0,18.637008075331657,137.83,234.75,93,39.0,-30.0,0.42
07:44:04,136.0,11.0,382.31,26.0,131.86,59.0,525.23,35.0,259.15,246.31,70.0,61.0,49.824634770362145,136.0,382.31,131,9.0,38.0,0.07
07:44:05,136.0,52.0,405.44,36.0,132.0,66.0,419.5,32.0,270.72,269.44,118.0,68.0,60.591563191586225,136.0,405.44,186,50.0,55.0,0.27
07:44:06,136.0,36.0,403.22,36.0,132.0,54.0,406.0,21.0,269.61,267.22,90.0,57.0,56.9898252322289,136.0,403.22,147,33.0,-39.0,0.22
07:44:07,136.0,32.0,375.86,28.0,132.0,48.0,390.52,31.0,255.93,239.86,80.0,59.0,35.277273137247995,136.0,375.86,139,21.0,-8.0,0.15
