Time,Bid1_Price,Bid1_Volume,Ask1_Price,Ask1_Volume,Bid2_Price,Bid2_Volume,Ask2_Price,Ask2_Volume,Mid-Price,Bid_Ask_Spread,Market_Depth_Bid,Market_Depth_Ask,Historical_Volatility,Weighted_Avg_Bid_Price,Weighted_Avg_Ask_Price,Total_volume,Cumulative_Volume_Difference,Total_Volume_Change_Corrected,Order_imbalance
07:30:04,336.0,6.0,386.0,6.0,333.0,4.0,388.0,6.0,361.0,50.0,10.0,12.0,173.5652528589752,336.0,386.0,22,-2.0,-24.0,-0.09
07:30:05,336.0,9.0,385.67,9.0,333.0,6.0,388.0,9.0,360.83,49.670000000000016,15.0,18.0,149.5272285572096,336.0,385.67,33,-3.0,11.0,-0.09
07:30:06,336.0,47.0,381.83,18.0,333.0,12.0,387.5,18.0,358.92,45.829999999999984,59.0,36.0,40.3452314406548,336.0,381.83,95,23.0,62.0,0.24
07:30:07,336.47,17.0,366.0,9.0,335.7,20.0,385.0,9.0,351.24,29.529999999999973,37.0,18.0,36.04178297476417,336.47,366.0,55,19.0,-40.0,0.35
07:30:08,337.0,12.0,366.0,9.0,336.0,27.0,385.0,9.0,351.5,29.0,39.0,18.0,4.932719331159958,337.0,366.0,57,21.0,2.0,0.37
07:30:09,337.0,16.0,366.0,12.0,336.0,36.0,385.0,12.0,351.5,29.0,52.0,24.0,4.684786014323274,337.0,366.0,76,28.0,19.0,0.37
07:30:10,337.0,32.0,358.68,25.0,336.0,72.0,364.82,28.0,347.84,21.680000000000007,104.0,53.0,4.06416042990417,337.0,358.68,157,51.0,81.0,0.32
07:30:11,337.0,16.0,354.86,21.0,336.0,45.0,359.94,17.0,345.93,17.860000000000014,61.0,38.0,2.5727456150965797,337.0,354.86,99,23.0,-58.0,0.23
07:30:12,337.0,20.0,352.2,30.0,336.0,90.0,357.7,30.0,344.6,15.199999999999989,110.0,60.0,3.162084755347112,337.0,352.2,170,50.0,71.0,0.29
07:30:13,337.0,24.0,349.93,46.0,336.0,108.0,351.46,37.0,343.47,12.930000000000007,132.0,83.0,3.153184104995856,337.0,349.93,215,49.0,45.0,0.23
07:30:14,337.0,18.0,348.67,36.0,336.0,81.0,351.0,27.0,342.83,11.670000000000016,99.0,63.0,2.0073938328087557,337.0,348.67,162,36.0,-53.0,0.22
07:30:15,337.0,18.0,347.0,40.0,336.0,90.0,351.0,30.0,342.0,10.0,108.0,70.0,1.5379304275547536,337.0,347.0,178,38.0,16.0,0.21
07:30:16,337.0,21.0,346.68,47.0,336.0,117.0,349.18,44.0,341.84,9.680000000000007,138.0,91.0,1.133785694035164,337.0,346.68,229,47.0,51.0,0.21
07:30:17,337.0,16.0,345.5,24.0,336.0,144.0,346.31,52.0,341.25,8.5,160.0,76.0,0.8734242955166861,337.0,345.5,236,84.0,7.0,0.36
07:30:18,337.06,16.0,342.25,24.0,336.01,136.0,343.88,16.0,339.66,5.189999999999998,152.0,40.0,1.181240872980108,337.06,342.25,192,112.0,-44.0,0.58
07:30:19,336.23,39.0,340.0,23.0,335.61,93.0,341.0,37.0,338.12,3.769999999999982,132.0,60.0,1.6545936056925974,336.23,340.0,192,72.0,0.0,0.38
07:30:20,335.25,24.0,337.69,29.0,332.32,62.0,338.71,17.0,336.47,2.4399999999999977,86.0,46.0,2.2160708472426687,335.25,337.69,132,40.0,-60.0,0.3
07:30:21,333.97,74.0,336.1,49.0,332.17,118.0,338.12,17.0,335.04,2.1299999999999955,192.0,66.0,2.4686372759072674,333.97,336.1,258,126.0,126.0,0.49
07:30:22,333.0,30.0,336.47,15.0,332.0,210.0,338.07,15.0,334.73,3.4700000000000273,240.0,30.0,2.086463515137231,333.0,336.47,270,210.0,12.0,0.78
07:30:23,335.14,44.0,345.61,33.0,332.85,98.0,352.24,66.0,340.37,10.470000000000027,142.0,99.0,2.338381919190873,335.14,345.61,241,43.0,-29.0,0.18
07:30:24,337.67,73.0,346.43,23.0,336.63,65.0,348.49,73.0,342.05,8.759999999999991,138.0,96.0,3.296046116182063,337.67,346.43,234,42.0,-7.0,0.18
07:30:25,339.0,36.0,345.42,12.0,337.0,60.0,348.56,36.0,342.21,6.420000000000016,96.0,48.0,3.7190724650104583,339.0,345.42,144,48.0,-90.0,0.33
07:30:26,339.0,45.0,343.27,15.0,337.0,57.0,348.0,45.0,341.13,4.269999999999982,102.0,60.0,3.0913298109388454,339.0,343.2699999999999,162,42.0,18.0,0.26
07:30:27,338.09,33.0,340.84,31.0,336.55,33.0,342.71,17.0,339.46,2.75,66.0,48.0,1.1556729641206296,338.09,340.84,114,18.0,-48.0,0.16
07:30:28,337.0,39.0,339.86,21.0,336.0,39.0,340.26,31.0,338.43,2.8600000000000136,78.0,52.0,1.65592270350983,337.0,339.86,130,26.0,16.0,0.2
07:30:29,337.0,37.0,338.75,24.0,336.0,42.0,342.98,47.0,337.88,1.75,79.0,71.0,1.8202664640099266,337.0,338.75,150,8.0,20.0,0.05
07:30:30,337.0,32.0,338.81,48.0,336.0,48.0,350.38,37.0,337.91,1.8100000000000023,80.0,85.0,1.3700985366020482,337.0,338.81,165,-5.0,15.0,-0.03
07:30:31,336.17,47.0,342.97,29.0,334.44,25.0,348.07,28.0,339.57,6.800000000000011,72.0,57.0,0.8202743443501218,336.17,342.97,129,15.0,-36.0,0.12
07:30:32,336.0,36.0,346.0,12.0,333.0,12.0,347.0,24.0,341.0,10.0,48.0,36.0,1.330740395418695,336.0,346.0,84,12.0,-45.0,0.14
07:30:33,336.0,39.0,346.0,13.0,333.0,13.0,347.0,26.0,341.0,10.0,52.0,39.0,1.553502494365297,336.0,346.0,91,13.0,7.0,0.14
07:30:34,336.0,36.0,345.12,32.0,333.0,12.0,345.74,34.0,340.56,9.120000000000005,48.0,66.0,1.3101793770317505,336.0,345.12,114,-18.0,23.0,-0.16
07:30:35,336.0,60.0,339.68,57.0,332.08,131.0,343.51,45.0,337.84,3.680000000000007,191.0,102.0,1.3382750091066322,336.0,339.68000000000006,293,89.0,179.0,0.3
07:30:36,336.0,65.0,337.23,43.0,332.0,260.0,338.48,60.0,336.62,1.2300000000000182,325.0,103.0,2.038842809046164,336.0,337.23,428,222.0,135.0,0.52
07:30:37,332.84,76.0,338.0,55.0,332.25,61.0,345.0,44.0,335.42,5.160000000000025,137.0,99.0,2.435430146811665,332.84,338.0,236,38.0,-186.5,0.16
07:30:38,332.0,200.0,337.55,55.0,331.0,11.0,345.0,44.0,334.77,5.550000000000011,211.0,99.0,2.2904191756093466,332.0,337.55,310,112.0,74.0,0.36
07:30:39,332.0,198.0,337.0,55.0,331.0,11.0,345.82,44.0,334.5,5.0,209.0,99.0,1.3896762212828273,332.0,337.0,308,110.0,-2.0,0.36
07:30:40,332.02,221.0,336.09,44.0,331.6,30.0,345.08,52.0,334.06,4.069999999999993,251.0,96.0,0.9949773866771688,332.02,336.09,347,155.0,39.0,0.45
07:30:41,333.0,90.0,334.61,36.0,332.0,52.0,342.44,72.0,333.81,1.6100000000000136,142.0,108.0,0.6301349061898806,333.0,334.61,250,34.0,-97.0,0.14
07:30:42,332.97,38.0,343.69,45.0,331.67,12.0,345.86,21.0,338.33,10.71999999999997,50.0,66.0,1.8471139650814503,332.97,343.69,116,-16.0,-134.0,-0.14
07:30:43,333.78,54.0,343.69,72.0,332.86,42.0,345.33,30.0,338.74,9.910000000000025,96.0,102.0,2.4332837894497406,333.78,343.69,198,-6.0,82.0,-0.03
07:30:44,335.0,48.0,342.95,55.0,333.0,48.0,343.52,25.0,338.97,7.949999999999989,96.0,80.0,2.610530597407138,335.0,342.95,176,16.0,-22.0,0.09
07:30:45,333.5,12.0,341.7,10.0,332.03,111.0,343.0,40.0,337.6,8.199999999999989,123.0,50.0,2.1220862376441767,333.5,341.7,173,73.0,-3.0,0.42
07:30:46,332.02,112.0,338.95,40.0,328.76,68.0,340.64,25.0,335.48,6.930000000000007,180.0,65.0,1.4100460985367778,332.02,338.95,245,115.0,72.0,0.47
07:30:47,333.6,15.0,337.2,15.0,332.0,150.0,342.73,60.0,335.4,3.599999999999966,165.0,75.0,1.7216039033409551,333.6,337.2,240,90.0,-5.0,0.38
07:30:48,334.0,8.0,337.0,8.0,332.0,80.0,342.0,32.0,335.5,3.0,88.0,40.0,1.6217891354916714,334.0,337.0,128,48.0,-112.0,0.38
07:30:49,334.0,9.0,337.0,9.0,332.86,139.0,342.0,36.0,335.5,3.0,148.0,45.0,0.9534568684522731,334.0,337.0,193,103.0,65.0,0.53
07:30:50,333.02,174.0,335.14,14.0,332.4,168.0,341.64,44.0,334.08,2.1200000000000045,342.0,58.0,0.6229927768432256,333.02,335.14,400,284.0,185.5,0.71
07:30:51,333.0,216.0,334.0,13.0,332.0,130.0,338.11,18.0,333.5,1.0,346.0,31.0,0.9418492448363642,333.0,334.0,377,315.0,-23.0,0.84
07:30:52,333.0,94.0,337.0,8.0,332.0,60.0,342.67,12.0,335.0,4.0,154.0,20.0,0.8934651644014072,333.0,337.0,174,134.0,-186.5,0.77
07:30:53,333.0,165.0,341.92,13.0,332.0,110.0,348.0,24.0,337.46,8.920000000000016,275.0,37.0,1.5280445019693676,333.0,341.92,312,238.0,138.0,0.76
07:30:54,333.26,81.0,341.0,11.0,332.72,145.0,346.0,22.0,337.13,7.740000000000009,226.0,33.0,1.7848753457871585,333.26,341.0,259,193.0,-53.0,0.75
07:30:55,334.0,22.0,341.0,8.0,333.0,120.0,346.0,16.0,337.5,7.0,142.0,24.0,1.7915691446323934,334.0,341.0,166,118.0,-93.0,0.71
07:30:56,334.0,12.0,340.5,10.0,333.0,90.0,345.55,11.0,337.25,6.5,102.0,21.0,1.0552108793975097,334.0,340.5,123,81.0,-43.0,0.66
07:30:57,334.0,32.0,336.73,66.0,333.0,240.0,338.02,62.0,335.36,2.730000000000018,272.0,128.0,0.8961863645463799,334.0,336.73,400,144.0,185.5,0.36
07:30:58,333.02,208.0,334.65,52.0,332.18,170.0,336.36,44.0,333.84,1.6299999999999955,378.0,96.0,1.575699844513194,333.02000000000004,334.65,474,282.0,74.0,0.59
07:30:59,333.16,147.0,337.6,43.0,331.47,163.0,351.19,21.0,335.38,4.439999999999998,310.0,64.0,1.5151171571858433,333.16,337.6,374,246.0,-100.0,0.66
07:31:00,337.0,24.0,348.0,12.0,333.0,72.0,351.0,12.0,342.5,11.0,96.0,24.0,3.3735115236202984,337.0,348.0,120,72.0,-186.5,0.6
07:31:01,337.0,14.0,348.0,7.0,333.0,42.0,351.0,15.0,342.5,11.0,56.0,22.0,4.2309667925899594,337.0,348.0,78,34.0,-42.0,0.44
07:31:02,329.86,65.0,348.0,15.0,325.94,50.0,351.0,45.0,338.93,18.139999999999986,115.0,60.0,3.9859252376329124,329.86,348.0,175,55.0,97.0,0.31
07:31:03,332.82,33.0,348.0,13.0,330.19,31.0,351.0,39.0,340.41,15.180000000000007,64.0,52.0,2.9640226045020217,332.82,348.0,116,12.0,-59.0,0.1
07:31:04,332.0,33.0,344.57,14.0,330.0,33.0,350.9,30.0,338.29,12.569999999999993,66.0,44.0,1.9591911596367704,332.0,344.57,110,22.0,-6.0,0.2
07:31:05,332.32,44.0,334.75,24.0,330.33,36.0,336.0,48.0,333.53,2.430000000000007,80.0,72.0,3.3282457841930864,332.32,334.75,152,8.0,42.0,0.05
07:31:06,333.64,87.0,339.59,79.0,330.8,45.0,347.57,75.0,336.62,5.949999999999989,132.0,154.0,2.629482838886597,333.64,339.59,286,-22.0,134.0,-0.08
07:31:07,330.1,20.0,348.0,30.0,325.54,13.0,349.0,20.0,339.05,17.899999999999977,33.0,50.0,2.6456568182587703,330.1,348.0,83,-17.0,-186.5,-0.2
07:31:08,331.0,26.0,348.0,39.0,325.38,37.0,349.0,26.0,339.5,17.0,63.0,65.0,2.424349397260863,331.0,348.0,128,-2.0,45.0,-0.02
07:31:09,331.55,22.0,348.0,33.0,325.0,33.0,349.0,22.0,339.77,16.44999999999999,55.0,55.0,2.6411417985407506,331.55,348.0,110,0.0,-18.0,0.0
07:31:10,333.58,24.0,348.0,36.0,325.0,69.0,349.0,24.0,340.79,14.420000000000016,93.0,60.0,1.5497838558970012,333.58,348.0,153,33.0,43.0,0.22
07:31:11,337.0,28.0,348.0,42.0,325.0,185.0,349.0,28.0,342.5,11.0,213.0,70.0,1.3748709030301471,337.0,348.0,283,143.0,130.0,0.51
07:31:12,334.82,34.0,347.6,25.0,324.84,74.0,348.25,40.0,341.21,12.78000000000003,108.0,65.0,1.204005813939013,334.82,347.6,173,43.0,-110.0,0.25
07:31:13,327.0,42.0,346.79,14.0,325.0,170.0,348.0,44.0,336.89,19.79000000000002,212.0,58.0,2.109151488157957,327.0,346.79,270,154.0,97.0,0.57
07:31:14,328.05,41.0,341.0,22.0,327.07,42.0,344.74,46.0,334.52,12.949999999999989,83.0,68.0,3.3427189531874912,328.05,341.0,151,15.0,-119.0,0.1
07:31:15,329.76,34.0,339.0,17.0,327.71,51.0,340.0,59.0,334.38,9.240000000000009,85.0,76.0,3.773294316641466,329.76,339.0,161,9.0,10.0,0.06
07:31:16,330.64,22.0,338.27,11.0,327.0,33.0,340.0,11.0,334.45,7.6299999999999955,55.0,22.0,2.946735481850853,330.64,338.27,77,33.0,-84.0,0.43
07:31:17,332.0,28.0,337.71,14.0,327.0,42.0,340.0,14.0,334.86,5.7099999999999795,70.0,28.0,1.0614848091230233,332.0,337.71,98,42.0,21.0,0.43
07:31:18,331.55,33.0,333.74,27.0,326.79,61.0,338.59,17.0,332.64,2.1899999999999977,94.0,44.0,0.8749285685123561,331.55,333.74,138,50.0,40.0,0.36
07:31:19,327.47,102.0,331.25,48.0,325.8,118.0,342.12,49.0,329.36,3.7799999999999727,220.0,97.0,2.277634738055966,327.47,331.25,317,123.0,179.0,0.39
07:31:20,328.85,59.0,342.95,60.0,325.9,162.0,345.8,45.0,335.9,14.099999999999966,221.0,105.0,2.5678045096929005,328.85,342.95,326,116.0,9.0,0.36
07:31:21,333.0,17.0,341.41,54.0,326.04,169.0,341.67,67.0,337.2,8.410000000000025,186.0,121.0,3.0809284314957974,333.0,341.4100000000001,307,65.0,-19.0,0.21
07:31:22,333.0,9.0,337.44,18.0,328.33,63.0,340.2,30.0,335.22,4.439999999999998,72.0,48.0,3.1103504625683516,333.0,337.44,120,24.0,-186.5,0.2
07:31:23,333.0,12.0,336.0,13.0,331.0,60.0,341.0,36.0,334.5,3.0,72.0,49.0,3.0069718987711096,333.0,336.0,121,23.0,1.0,0.19
07:31:24,333.0,8.0,335.5,8.0,331.0,40.0,340.5,24.0,334.25,2.5,48.0,32.0,1.188898650011468,333.0,335.5,80,16.0,-41.0,0.2
07:31:25,333.0,10.0,341.88,24.0,331.0,50.0,345.39,44.0,337.44,8.879999999999995,60.0,68.0,1.5040013297863333,333.0,341.87999999999994,128,-8.0,48.0,-0.06
07:31:26,336.17,70.0,343.31,49.0,334.82,44.0,345.64,67.0,339.74,7.139999999999986,114.0,116.0,2.330107293666749,336.17,343.30999999999995,230,-2.0,102.0,-0.01
07:31:27,336.04,75.0,342.77,52.0,334.0,18.0,343.85,39.0,339.4,6.729999999999961,93.0,91.0,2.6101685769311644,336.04,342.77000000000004,184,2.0,-46.0,0.01
07:31:28,336.0,64.0,342.0,56.0,333.0,14.0,343.0,42.0,339.0,6.0,78.0,98.0,2.2559875886180754,336.0,342.0,176,-20.0,-8.0,-0.11
07:31:29,331.0,50.0,340.49,39.0,328.0,30.0,341.34,35.0,335.74,9.490000000000009,80.0,74.0,1.662852970048401,331.0,340.49,154,6.0,-22.0,0.04
07:31:30,331.0,60.0,336.5,48.0,328.0,36.0,338.33,48.0,333.75,5.5,96.0,96.0,2.6473722820938534,331.0,336.5,192,0.0,38.0,0.0
07:31:31,331.0,30.0,334.82,22.0,328.0,18.0,336.22,23.0,332.91,3.819999999999993,48.0,45.0,2.9626930316856703,331.0,334.82,93,3.0,-99.0,0.03
07:31:32,331.0,26.0,332.3,40.0,328.0,30.0,334.53,34.0,331.65,1.3000000000000114,56.0,74.0,2.869677682249172,331.0,332.3,130,-18.0,37.0,-0.14
07:31:33,328.12,25.0,334.57,28.0,326.07,91.0,343.95,37.0,331.35,6.449999999999989,116.0,65.0,1.7742040468894968,328.12,334.57,181,51.0,51.0,0.28
07:31:34,329.71,219.0,333.4,60.0,326.9,100.0,344.17,64.0,331.55,3.6899999999999977,319.0,124.0,1.0422667604788924,329.71,333.4,443,195.0,185.5,0.44
07:31:35,331.0,156.0,343.14,71.0,324.67,63.0,344.04,57.0,337.07,12.139999999999986,219.0,128.0,2.4070895288706957,331.0,343.14,347,91.0,-96.0,0.26
07:31:36,331.62,96.0,342.0,24.0,323.04,50.0,343.0,32.0,336.81,10.379999999999995,146.0,56.0,2.9738661704923355,331.62,342.0,202,90.0,-145.0,0.45
07:31:37,332.0,96.0,341.75,24.0,325.0,8.0,343.0,32.0,336.88,9.75,104.0,56.0,2.998386232625559,332.0,341.75,160,48.0,-42.0,0.3
07:31:38,332.0,60.0,341.0,15.0,325.0,5.0,343.0,20.0,336.5,9.0,65.0,35.0,2.3635079860238104,332.0,341.0,100,30.0,-60.0,0.3
07:31:39,332.92,144.0,341.0,36.0,326.08,12.0,343.0,48.0,336.96,8.079999999999984,156.0,84.0,0.21524404753260107,332.92,341.0,240,72.0,140.0,0.3
07:31:40,334.0,115.0,341.0,30.0,328.0,10.0,343.0,40.0,337.5,7.0,125.0,70.0,0.3631803959442234,334.0,341.0,195,55.0,-45.0,0.28
07:31:41,334.0,121.0,339.82,33.0,328.0,11.0,340.82,33.0,336.91,5.819999999999993,132.0,66.0,0.3576310948424361,334.0,339.82,198,66.0,3.0,0.33
07:31:42,334.0,110.0,338.5,30.0,328.0,10.0,339.5,30.0,336.25,4.5,120.0,60.0,0.4788841195928695,334.0,338.5,180,60.0,-18.0,0.33
07:31:43,334.0,104.0,336.41,34.0,327.4,10.0,337.49,35.0,335.21,2.410000000000025,114.0,69.0,0.8781400799407317,334.0,336.41,183,45.0,3.0,0.25
07:31:44,334.16,83.0,340.7,73.0,332.22,65.0,343.87,85.0,337.43,6.539999999999964,148.0,158.0,0.9528378665850268,334.16,340.7,306,-10.0,123.0,-0.03
07:31:45,335.0,9.0,345.0,45.0,334.0,36.0,347.0,36.0,340.0,10.0,45.0,81.0,1.7910611379844639,335.0,345.0,126,-36.0,-180.0,-0.29
07:31:46,335.9,10.0,344.0,50.0,334.0,40.0,346.09,66.0,339.95,8.100000000000023,50.0,116.0,2.162456935986952,335.9,344.0,166,-66.0,40.0,-0.4
07:31:47,336.8,15.0,344.0,75.0,334.0,60.0,347.0,135.0,340.4,7.199999999999989,75.0,210.0,2.229544796589182,336.8,344.0,285,-135.0,119.0,-0.47
07:31:48,334.53,17.0,344.0,50.0,332.38,26.0,347.0,50.0,339.26,9.470000000000027,43.0,100.0,1.1792667213135886,334.53,344.0,143,-57.0,-142.0,-0.4
07:31:49,334.0,30.0,341.67,75.0,331.0,30.0,347.0,75.0,337.83,7.670000000000016,60.0,150.0,1.0134446210808465,334.0,341.67,210,-90.0,67.0,-0.43
07:31:50,334.0,26.0,338.09,57.0,331.0,26.0,340.78,63.0,336.04,4.089999999999975,52.0,120.0,1.7747196961767806,334.0,338.09,172,-68.0,-38.0,-0.4
07:31:51,334.0,24.0,336.86,58.0,331.0,24.0,337.8,50.0,335.43,2.8600000000000136,48.0,108.0,2.0980157292065273,334.0,336.86,156,-60.0,-16.0,-0.38
07:31:52,332.56,25.0,334.94,66.0,329.95,38.0,341.67,60.0,333.75,2.3799999999999955,63.0,126.0,2.138824443473171,332.56,334.94,189,-63.0,33.0,-0.33
07:31:53,327.0,21.0,332.12,42.0,325.49,55.0,338.16,88.0,329.56,5.1200000000000045,76.0,130.0,3.1340500953237633,327.0,332.12,206,-54.0,17.0,-0.26
07:31:54,323.26,23.0,329.27,44.0,320.63,41.0,336.52,58.0,326.27,6.009999999999991,64.0,102.0,4.174775443062746,323.26,329.27,166,-38.0,-40.0,-0.23
07:31:57,333.88,48.0,341.14,63.0,321.62,26.0,340.71,14.0,337.51,7.259999999999991,74.0,77.0,5.971886636566451,333.88,341.14,151,-3.0,10.0,-0.02
07:31:58,337.0,15.0,342.0,25.0,322.0,10.0,343.0,5.0,339.5,5.0,25.0,30.0,7.969025661898719,337.0,342.0,55,-5.0,-96.0,-0.09
07:31:59,335.73,22.0,342.0,60.0,323.45,31.0,343.0,12.0,338.86,6.269999999999982,53.0,72.0,8.498096845764913,335.73,342.0,125,-19.0,70.0,-0.15
07:32:00,333.0,8.0,342.0,40.0,320.0,24.0,343.0,8.0,337.5,9.0,32.0,48.0,6.916001735106685,333.0,342.0,80,-16.0,-45.0,-0.2
07:32:01,338.3,10.0,342.0,35.0,330.44,9.0,343.0,7.0,340.15,3.6999999999999886,19.0,42.0,1.1857613587892277,338.3,342.0,61,-23.0,-19.0,-0.38
07:32:02,340.86,14.0,342.0,35.0,338.0,7.0,343.0,7.0,341.43,1.1399999999999864,21.0,42.0,1.4625559818336633,340.86,342.0,63,-21.0,2.0,-0.33
07:32:03,340.67,21.0,342.0,55.0,336.09,11.0,343.0,11.0,341.33,1.329999999999984,32.0,66.0,1.6792349448476012,340.67,342.0,98,-34.0,35.0,-0.35
07:32:04,334.0,14.0,339.6,20.0,333.0,14.0,340.42,52.0,336.8,5.600000000000023,28.0,72.0,2.1661878958200833,334.0,339.6,100,-44.0,2.0,-0.44
07:32:05,328.38,16.0,337.91,55.0,325.5,36.0,339.48,25.0,333.14,9.53000000000003,52.0,80.0,3.5676112456372957,328.38,337.91,132,-28.0,32.0,-0.21
07:32:06,325.0,12.0,336.0,39.0,324.0,36.0,339.0,12.0,330.5,11.0,48.0,51.0,4.871226744876306,325.0,336.0,99,-3.0,-33.0,-0.03
07:32:08,324.08,26.0,328.29,21.0,322.4,30.0,333.2,25.0,326.18,4.210000000000036,56.0,46.0,4.569748351933568,324.08,328.29,102,10.0,21.0,0.1
07:32:09,324.21,29.0,328.0,39.0,322.77,39.0,329.0,26.0,326.1,3.7900000000000205,68.0,65.0,3.2326614422175624,324.21,328.0,133,3.0,31.0,0.02
07:32:13,324.66,67.0,338.75,51.0,323.81,53.0,340.93,45.0,331.7,14.089999999999975,120.0,96.0,3.3497656634458264,324.66,338.75,216,24.0,-131.0,0.11
07:32:14,330.98,106.0,338.0,56.0,329.53,34.0,340.0,42.0,334.49,7.019999999999982,140.0,98.0,4.5314269275803545,330.98,338.0,238,42.0,22.0,0.18
07:32:15,331.87,78.0,336.4,53.0,331.56,72.0,337.54,52.0,334.13,4.529999999999973,150.0,105.0,4.775801503412794,331.87,336.3999999999999,255,45.0,17.0,0.18
07:32:16,333.92,24.0,335.4,30.0,332.0,96.0,336.6,30.0,334.66,1.4799999999999613,120.0,60.0,2.385428682647842,333.92,335.4,180,60.0,-75.0,0.33
07:32:17,332.25,48.0,335.0,27.0,327.43,101.0,338.0,20.0,333.62,2.75,149.0,47.0,1.197393001482223,332.25,335.0,196,102.0,16.0,0.52
07:32:18,332.0,72.0,333.95,21.0,326.0,132.0,338.0,24.0,332.98,1.9499999999999886,204.0,45.0,0.6845655556617388,332.0,333.95,249,159.0,53.0,0.64
07:32:19,332.0,52.0,333.0,12.0,326.0,132.0,338.33,24.0,332.5,1.0,184.0,36.0,0.8655749534261659,332.0,333.0,220,148.0,-29.0,0.67
07:32:20,332.0,118.0,338.89,19.0,326.0,121.0,342.33,18.0,335.45,6.889999999999986,239.0,37.0,1.2091401903826209,332.0,338.89,276,202.0,56.0,0.73
07:32:21,331.13,76.0,340.0,12.0,325.77,62.0,343.0,6.0,335.57,8.870000000000005,138.0,18.0,1.4141534570188534,331.13,340.0,156,120.0,-120.0,0.77
07:32:22,325.11,79.0,340.0,18.0,323.85,33.0,343.0,9.0,332.56,14.889999999999986,112.0,27.0,1.5616241545258338,325.11,340.0,139,85.0,-17.0,0.61
07:32:23,324.0,70.0,340.0,20.0,319.0,18.0,343.0,17.0,332.0,16.0,88.0,37.0,1.7431092908933439,324.0,340.0,125,51.0,-14.0,0.41
07:32:24,324.0,105.0,334.29,42.0,323.0,15.0,341.53,30.0,329.14,10.29000000000002,120.0,72.0,2.677915233908521,324.0,334.29,192,48.0,67.0,0.25
07:32:25,324.0,63.0,330.0,36.0,323.0,9.0,338.0,18.0,327.0,6.0,72.0,54.0,3.2960400483005157,324.0,330.0,126,18.0,-66.0,0.14
07:32:26,329.08,36.0,336.51,35.0,323.29,35.0,339.16,31.0,332.8,7.430000000000007,71.0,66.0,2.5339297543541703,329.08,336.51,137,5.0,11.0,0.04
07:32:27,324.79,38.0,330.6,30.0,316.74,31.0,337.03,31.0,327.69,5.810000000000002,69.0,61.0,2.575864903290217,324.79,330.6,130,8.0,-7.0,0.06
07:32:28,326.65,81.0,330.22,27.0,319.43,21.0,338.11,37.0,328.44,3.57000000000005,102.0,64.0,2.2632012725347734,326.65,330.22,166,38.0,36.0,0.23
07:32:32,320.81,26.0,333.85,52.0,319.1,30.0,335.17,12.0,327.33,13.04000000000002,56.0,64.0,0.9063939540859314,320.81,333.85,120,-8.0,25.0,-0.07
07:32:42,327.79,33.0,330.0,52.0,325.37,19.0,331.0,13.0,328.89,2.2099999999999795,52.0,65.0,2.5402401461293036,327.79,330.0,117,-13.0,-52.0,-0.11
07:32:43,328.5,30.0,330.0,30.0,311.6,10.0,331.0,10.0,329.25,1.5,40.0,40.0,2.729373554500306,328.5,330.0,80,0.0,-37.0,0.0
07:32:44,329.0,27.0,332.0,36.0,320.11,27.0,335.0,36.0,330.5,3.0,54.0,72.0,2.6662201709544022,329.0,332.0,126,-18.0,46.0,-0.14
07:32:45,330.0,33.0,332.0,44.0,321.0,44.0,370.18,40.0,331.0,2.0,77.0,84.0,2.0690698393245803,330.0,332.0,161,-7.0,35.0,-0.04
07:32:46,325.04,50.0,332.0,32.0,319.5,32.0,366.52,31.0,328.52,6.9599999999999795,82.0,63.0,1.067459601110031,325.04,332.0,145,19.0,-16.0,0.13
07:32:50,327.92,39.0,379.59,51.0,326.02,86.0,561.05,55.0,353.76,51.66999999999996,125.0,106.0,36.82028516999775,327.92,379.59,231,19.0,166.0,0.08
07:32:53,337.0,48.0,374.75,16.0,336.0,24.0,378.38,16.0,355.88,37.75,72.0,32.0,26.69276812172081,337.0,374.75,104,40.0,-21.0,0.38
07:32:54,336.0,49.0,342.24,17.0,334.11,27.0,343.83,29.0,339.12,6.240000000000009,76.0,46.0,20.211206544884252,336.0,342.24,122,30.0,18.0,0.25
07:32:55,332.14,113.0,339.15,26.0,330.83,23.0,340.86,14.0,335.65,7.009999999999991,136.0,40.0,23.38024700468274,332.14,339.15,176,96.0,54.0,0.55
07:32:56,333.37,41.0,340.43,14.0,331.94,81.0,342.67,12.0,336.9,7.060000000000002,122.0,26.0,13.799871376211735,333.37,340.43,148,96.0,-28.0,0.65
07:32:57,329.62,94.0,338.71,14.0,328.44,79.0,340.86,14.0,334.17,9.089999999999975,173.0,28.0,8.87240835399242,329.62,338.71,201,145.0,53.0,0.72
07:32:58,329.0,80.0,338.38,8.0,326.0,16.0,535.62,32.0,333.69,9.379999999999995,96.0,40.0,2.1970275373783728,329.0,338.38,136,56.0,-65.0,0.41
07:32:59,329.0,108.0,339.86,28.0,326.0,24.0,417.02,44.0,334.43,10.860000000000014,132.0,72.0,1.2997384352245034,329.0,339.86,204,60.0,68.0,0.29
07:33:00,329.17,48.0,336.83,12.0,324.5,24.0,339.56,32.0,333.0,7.659999999999968,72.0,44.0,1.4799222952575637,329.17,336.83,116,28.0,-88.0,0.24
07:33:01,331.18,22.0,336.21,34.0,329.0,22.0,339.42,31.0,333.69,5.029999999999973,44.0,65.0,0.54724765874434,331.18,336.21,109,-21.0,-7.0,-0.19
07:33:02,332.79,28.0,334.94,18.0,328.93,30.0,452.56,48.0,333.87,2.1499999999999773,58.0,66.0,0.511253361848336,332.79,334.94,124,-8.0,15.0,-0.06
07:33:03,324.0,18.0,340.09,23.0,317.76,25.0,497.08,37.0,332.04,16.089999999999975,43.0,60.0,0.9186021989967085,324.0,340.09,103,-17.0,-21.0,-0.17
07:33:04,321.88,34.0,341.0,36.0,319.83,24.0,584.44,45.0,331.44,19.120000000000005,58.0,81.0,1.0492711756272786,321.88,341.0,139,-23.0,36.0,-0.17
07:33:05,322.0,56.0,337.08,52.0,320.0,42.0,338.0,44.0,329.54,15.079999999999984,98.0,96.0,1.7785190468485261,322.0,337.08,194,2.0,55.0,0.01
07:33:06,322.85,52.0,330.75,40.0,321.13,92.0,331.77,52.0,326.8,7.899999999999977,144.0,92.0,2.689817837699141,322.85,330.75,236,52.0,42.0,0.22
07:33:14,333.0,52.0,337.0,16.0,321.0,36.0,377.0,20.0,335.0,4.0,88.0,36.0,4.949360564760814,333.0,337.0,124,52.0,-122.0,0.42
07:33:15,333.05,92.0,338.67,36.0,321.63,76.0,455.5,40.0,335.86,5.6200000000000045,168.0,76.0,6.321911894356559,333.05,338.67,244,92.0,120.0,0.38
07:33:16,334.09,46.0,340.0,70.0,330.67,170.0,567.93,70.0,337.04,5.910000000000025,216.0,140.0,6.768031471558336,334.09,340.0,356,76.0,112.0,0.21
07:33:17,333.25,72.0,340.0,60.0,327.71,93.0,377.0,50.0,336.62,6.75,165.0,110.0,5.378336173948319,333.25,340.0,275,55.0,-81.0,0.2
07:33:18,333.46,72.0,337.92,60.0,331.15,78.0,341.49,59.0,335.69,4.460000000000036,150.0,119.0,0.8020099749994027,333.46,337.92,269,31.0,-6.0,0.12
07:33:19,333.0,135.0,334.47,53.0,327.0,60.0,337.73,82.0,333.74,1.4700000000000273,195.0,135.0,1.2716917865578876,333.0,334.46999999999997,330,60.0,61.0,0.18
07:33:20,333.0,93.0,337.14,42.0,327.0,44.0,339.77,47.0,335.07,4.139999999999986,137.0,89.0,1.3093395281587397,333.0,337.14,226,48.0,-104.0,0.21
07:33:21,333.0,88.0,341.0,40.0,327.0,40.0,343.0,40.0,337.0,8.0,128.0,80.0,1.2986646988345216,333.0,341.0,208,48.0,-18.0,0.23
07:33:22,333.41,51.0,341.0,40.0,332.12,82.0,343.0,40.0,337.21,7.589999999999975,133.0,80.0,1.431771629834463,333.41,341.0,213,53.0,5.0,0.25
07:33:23,333.0,106.0,341.0,44.0,327.55,44.0,343.0,44.0,337.0,8.0,150.0,88.0,1.535945962590676,333.0,341.0,238,62.0,25.0,0.26
07:33:24,338.0,64.0,341.0,36.0,333.0,81.0,343.0,36.0,339.5,3.0,145.0,72.0,1.5730003178631542,338.0,341.0,217,73.0,-21.0,0.34
07:33:25,338.0,42.0,341.0,40.0,333.0,90.0,343.0,40.0,339.5,3.0,132.0,80.0,1.33372410940073,338.0,341.0,212,52.0,-5.0,0.25
07:33:26,338.0,40.0,340.32,37.0,333.0,72.0,341.75,32.0,339.16,2.319999999999993,112.0,69.0,1.2595951730601287,338.0,340.32,181,43.0,-31.0,0.24
07:33:27,338.0,41.0,339.9,50.0,333.0,90.0,342.2,40.0,338.95,1.8999999999999773,131.0,90.0,1.0451889781259778,338.0,339.9,221,41.0,40.0,0.19
07:33:28,337.63,49.0,339.77,62.0,333.52,87.0,345.48,58.0,338.7,2.1399999999999864,136.0,120.0,0.3488839348489544,337.63,339.77,256,16.0,35.0,0.06
07:33:29,333.38,72.0,341.33,12.0,329.57,63.0,345.55,44.0,337.35,7.949999999999989,135.0,56.0,0.8263594859357885,333.38,341.33,191,79.0,-65.0,0.41
07:33:30,333.0,77.0,340.0,11.0,327.0,44.0,344.11,35.0,336.5,7.0,121.0,46.0,1.1536333906387417,333.0,340.0,167,75.0,-24.0,0.45
07:33:31,333.0,98.0,337.07,14.0,328.09,46.0,338.14,14.0,335.04,4.069999999999993,144.0,28.0,1.6149520116701384,333.0,337.07,172,116.0,5.0,0.67
07:33:32,333.24,34.0,336.0,10.0,332.84,50.0,337.0,10.0,334.62,2.759999999999991,84.0,20.0,1.6741923425933738,333.24,336.0,104,64.0,-68.0,0.62
07:33:33,333.05,41.0,335.23,13.0,332.23,31.0,336.23,13.0,334.14,2.180000000000007,72.0,26.0,1.3466254119090617,333.05,335.22999999999996,98,46.0,-6.0,0.47
07:33:34,333.0,7.0,334.14,7.0,332.0,14.0,335.14,7.0,333.57,1.1399999999999864,21.0,14.0,1.109630569153537,333.0,334.14,35,7.0,-63.0,0.2
07:33:35,332.42,12.0,334.0,12.0,329.79,38.0,335.0,12.0,333.21,1.579999999999984,50.0,24.0,0.7462104260868079,332.42,334.0,74,26.0,39.0,0.35
07:33:36,332.0,9.0,333.56,9.0,329.0,36.0,334.56,9.0,332.78,1.5600000000000023,45.0,18.0,0.730910391225259,332.0,333.56,63,27.0,-11.0,0.43
07:33:37,329.23,39.0,339.75,24.0,321.28,57.0,342.21,38.0,334.49,10.519999999999982,96.0,62.0,0.6895433271383946,329.23,339.75,158,34.0,95.0,0.22
07:33:38,324.44,25.0,341.25,24.0,319.66,38.0,342.31,26.0,332.85,16.810000000000002,63.0,50.0,0.6960603422127205,324.44,341.25,113,13.0,-45.0,0.12
07:33:39,331.33,39.0,339.86,21.0,327.22,41.0,341.24,29.0,335.6,8.53000000000003,80.0,50.0,1.225369332079501,331.33,339.86,130,30.0,17.0,0.23
07:33:40,335.5,14.0,338.0,42.0,329.33,18.0,340.62,24.0,336.75,2.5,32.0,66.0,1.7286786861647792,335.5,338.0,98,-34.0,-32.0,-0.35
07:33:41,334.0,6.0,338.0,18.0,332.0,6.0,341.0,18.0,336.0,4.0,12.0,36.0,1.5173892051810052,334.0,338.0,48,-24.0,-50.0,-0.5
07:33:42,334.0,9.0,337.22,27.0,332.0,9.0,339.0,27.0,335.61,3.2200000000000273,18.0,54.0,1.4800236484596008,334.0,337.22,72,-36.0,24.0,-0.5
07:33:43,333.29,14.0,335.0,42.0,329.14,14.0,340.49,53.0,334.14,1.7099999999999795,28.0,95.0,0.950289429594749,333.29,335.0,123,-67.0,51.0,-0.54
07:33:44,325.18,11.0,334.78,27.0,323.29,21.0,344.0,33.0,329.98,9.599999999999966,32.0,60.0,2.6974302585980277,325.18,334.78,92,-28.0,-31.0,-0.3
07:33:45,325.0,15.0,333.46,26.0,323.65,17.0,344.0,39.0,329.23,8.45999999999998,32.0,65.0,3.17980659789259,325.0,333.46,97,-33.0,5.0,-0.34
07:33:46,325.04,23.0,333.0,22.0,323.09,33.0,339.94,36.0,329.02,7.9599999999999795,56.0,58.0,3.058975318632414,325.04,333.0,114,-2.0,17.0,-0.02
07:33:47,326.0,8.0,332.0,16.0,325.0,24.0,336.38,26.0,329.0,6.0,32.0,42.0,2.197607790303632,326.0,332.0,74,-10.0,-40.0,-0.14
07:33:48,326.0,13.0,332.0,26.0,323.09,66.0,339.64,44.0,329.0,6.0,79.0,70.0,0.4216396565836316,326.0,332.0,149,9.0,75.0,0.06
07:33:49,323.0,48.0,331.75,16.0,320.0,24.0,339.39,31.0,327.38,8.75,72.0,47.0,0.7586698886896172,323.0,331.75,119,25.0,-30.0,0.21
07:33:50,325.7,71.0,341.0,36.0,321.39,51.0,342.56,54.0,333.35,15.300000000000011,122.0,90.0,2.238012511136556,325.7,341.0,212,32.0,93.0,0.15
07:33:51,337.0,52.0,341.0,22.0,336.0,11.0,342.0,33.0,339.0,4.0,63.0,55.0,4.72060165656904,337.0,341.0,118,8.0,-94.0,0.07
07:33:52,328.75,24.0,340.45,22.0,325.71,21.0,341.65,23.0,334.6,11.699999999999989,45.0,45.0,4.628961006532849,328.75,340.45,90,0.0,-28.0,0.0
07:33:53,326.0,18.0,340.0,18.0,324.0,18.0,341.56,18.0,333.0,14.0,36.0,36.0,4.15875943040723,326.0,340.0,72,0.0,-18.0,0.0
07:33:54,326.63,76.0,338.55,66.0,324.91,66.0,342.0,80.0,332.59,11.920000000000016,142.0,146.0,2.621081837715191,326.63,338.55,288,-4.0,185.5,-0.01
07:33:55,328.6,40.0,338.0,30.0,325.25,20.0,342.4,30.0,333.3,9.399999999999977,60.0,60.0,2.626693739285275,328.6,338.0,120,0.0,-168.0,0.0
07:33:56,330.04,54.0,336.68,62.0,328.86,44.0,340.67,54.0,333.36,6.639999999999986,98.0,116.0,0.752196782764385,330.04,336.68,214,-18.0,94.0,-0.08
07:33:57,331.0,51.0,335.48,87.0,328.52,52.0,337.63,57.0,333.24,4.480000000000018,103.0,144.0,0.31515075757680183,331.0,335.48,247,-41.0,33.0,-0.17
07:33:58,327.67,27.0,332.91,44.0,319.62,87.0,337.3,44.0,330.29,5.240000000000009,114.0,88.0,1.3041970709986674,327.67,332.91,202,26.0,-45.0,0.13
07:33:59,324.4,15.0,329.47,45.0,319.0,90.0,331.0,15.0,326.93,5.07000000000005,105.0,60.0,2.8305176205072544,324.4,329.47,165,45.0,-37.0,0.27
07:34:07,328.9,63.0,333.88,76.0,319.93,61.0,336.6,40.0,331.39,4.980000000000018,124.0,116.0,4.629533453816429,328.9,333.88,240,8.0,120.0,0.03
07:34:08,335.92,130.0,338.67,42.0,331.11,57.0,355.73,63.0,337.29,2.75,187.0,105.0,7.545957858350694,335.92,338.67,292,82.0,52.0,0.28
07:34:09,338.0,108.0,339.0,36.0,333.31,39.0,360.44,45.0,338.5,1.0,147.0,81.0,8.984932943545195,338.0,339.0,228,66.0,-64.0,0.29
07:34:10,338.0,60.0,339.0,20.0,337.0,5.0,360.2,25.0,338.5,1.0,65.0,45.0,8.00763073574215,338.0,339.0,110,20.0,-118.0,0.18
07:34:11,338.0,120.0,339.0,31.0,337.0,10.0,420.8,50.0,338.5,1.0,130.0,81.0,3.0891633171460615,338.0,339.0,211,49.0,101.0,0.23
07:34:12,338.0,108.0,339.0,27.0,337.0,9.0,507.11,45.0,338.5,1.0,117.0,72.0,0.541128450555281,338.0,339.0,189,45.0,-22.0,0.24
07:34:13,338.0,94.0,339.0,30.0,337.0,10.0,493.1,50.0,338.5,1.0,104.0,80.0,0.0,338.0,339.0,184,24.0,-5.0,0.13
07:34:14,338.0,20.0,339.0,15.0,337.0,5.0,459.8,25.0,338.5,1.0,25.0,40.0,0.0,338.0,339.0,65,-15.0,-119.0,-0.23
07:34:15,338.0,48.0,339.0,36.0,337.0,30.0,536.08,60.0,338.5,1.0,78.0,96.0,0.0,338.0,339.0,174,-18.0,109.0,-0.1
07:34:16,338.0,24.0,339.0,18.0,337.0,18.0,543.0,30.0,338.5,1.0,42.0,48.0,0.0,338.0,339.0,90,-6.0,-84.0,-0.07
07:34:17,338.0,30.0,339.0,27.0,337.0,27.0,537.56,45.0,338.5,1.0,57.0,72.0,0.0,338.0,339.0,129,-15.0,39.0,-0.12
07:34:18,337.24,17.0,338.96,25.0,335.64,22.0,408.19,43.0,338.1,1.7199999999999704,39.0,68.0,0.17888543820080896,337.24,338.96,107,-29.0,-22.0,-0.27
07:34:19,335.4,30.0,349.07,29.0,330.5,24.0,425.55,55.0,342.23,13.670000000000016,54.0,84.0,1.7215632431020969,335.4,349.07000000000005,138,-30.0,31.0,-0.22
07:34:20,333.0,48.0,334.78,18.0,320.0,27.0,346.71,21.0,333.89,1.7799999999999727,75.0,39.0,2.9579266387117236,333.0,334.78,114,36.0,-24.0,0.32
07:34:21,333.0,45.0,334.0,18.0,320.0,27.0,395.52,31.0,333.5,1.0,72.0,49.0,3.620680875194701,333.0,334.0,121,23.0,7.0,0.19
07:34:22,333.0,60.0,334.0,24.0,320.0,36.0,342.0,48.0,333.5,1.0,96.0,72.0,3.8690218402072754,333.0,334.0,168,24.0,47.0,0.14
07:34:23,328.97,29.0,334.0,14.0,318.29,21.0,342.0,28.0,331.48,5.029999999999973,50.0,42.0,4.194144728070441,328.97,334.0,92,8.0,-76.0,0.09
07:34:24,330.4,35.0,342.0,32.0,318.5,24.0,638.8,25.0,336.2,11.600000000000023,59.0,57.0,1.680291641353134,330.4,342.0,116,2.0,24.0,0.02
07:34:25,334.0,20.0,342.0,40.0,323.75,36.0,475.09,44.0,338.0,8.0,56.0,84.0,2.5619289607639573,334.0,342.0,140,-28.0,24.0,-0.2
07:34:26,331.82,22.0,342.0,40.0,325.21,38.0,481.24,42.0,336.91,10.180000000000007,60.0,82.0,2.668842445705817,331.82,342.0,142,-22.0,2.0,-0.15
07:34:27,334.8,50.0,342.0,48.0,326.89,38.0,486.83,60.0,338.4,7.199999999999989,88.0,108.0,2.777700487813757,334.8,342.0,196,-20.0,54.0,-0.1
07:34:28,336.0,18.0,342.0,36.0,327.0,27.0,473.44,45.0,339.0,6.0,45.0,81.0,1.1340282183440062,336.0,342.0,126,-36.0,-70.0,-0.29
07:34:29,336.45,11.0,341.89,45.0,327.0,33.0,444.78,54.0,339.17,5.439999999999998,44.0,99.0,0.9053894189796482,336.45,341.89,143,-55.0,17.0,-0.38
07:34:30,337.56,18.0,340.3,50.0,326.35,20.0,342.0,40.0,338.93,2.740000000000009,38.0,90.0,0.9246999513357093,337.56,340.3,128,-52.0,-15.0,-0.41
07:34:31,337.98,59.0,339.82,49.0,336.71,17.0,392.19,64.0,338.9,1.839999999999975,76.0,113.0,0.2880104164786362,337.98,339.82,189,-37.0,61.0,-0.2
07:34:32,338.48,69.0,344.0,44.0,337.0,11.0,477.05,86.0,341.24,5.519999999999982,80.0,130.0,1.0072090150510309,338.48,344.0,210,-50.0,21.0,-0.24
07:34:33,339.4,20.0,343.48,42.0,338.83,35.0,374.27,44.0,341.44,4.080000000000041,55.0,86.0,1.2878780998215449,339.4,343.48,141,-31.0,-69.0,-0.22
07:34:34,339.67,9.0,342.9,21.0,338.0,22.0,368.33,24.0,341.29,3.2299999999999613,31.0,45.0,1.3211926430312426,339.67,342.9,76,-14.0,-65.0,-0.18
07:34:35,339.0,22.0,343.0,40.0,331.0,20.0,381.4,47.0,341.0,4.0,42.0,87.0,1.0594715663951604,339.0,343.0,129,-45.0,53.0,-0.35
07:34:36,339.0,16.0,343.0,32.0,333.0,16.0,497.78,37.0,341.0,4.0,32.0,69.0,0.19178112524368754,339.0,343.0,101,-37.0,-28.0,-0.37
07:34:37,335.31,26.0,343.0,48.0,320.71,31.0,478.0,60.0,339.15,7.689999999999998,57.0,108.0,0.9286172516165313,335.31,343.0,165,-51.0,64.0,-0.31
07:34:38,335.33,60.0,342.44,54.0,328.0,44.0,428.49,53.0,338.89,7.110000000000014,104.0,107.0,1.1472706742525647,335.33,342.44,211,-3.0,46.0,-0.01
07:34:39,338.0,50.0,342.0,50.0,334.0,50.0,344.0,40.0,340.0,4.0,100.0,90.0,0.9942685753859338,338.0,342.0,190,10.0,-21.0,0.05
07:34:40,338.0,25.0,342.0,30.0,334.0,30.0,344.0,24.0,340.0,4.0,55.0,54.0,0.8322079067156346,338.0,342.0,109,1.0,-81.0,0.01
07:34:41,338.0,32.0,341.62,40.0,334.0,40.0,344.0,32.0,339.81,3.6200000000000045,72.0,72.0,0.5162848051222069,338.0,341.62,144,0.0,35.0,0.0
07:34:42,338.0,36.0,340.95,37.0,334.41,17.0,343.63,38.0,339.47,2.9499999999999886,53.0,75.0,0.46886032035143665,338.0,340.95,128,-22.0,-16.0,-0.17
07:34:43,337.43,42.0,340.0,11.0,326.72,29.0,341.0,55.0,338.71,2.569999999999993,71.0,66.0,0.5415440886946027,337.43,340.0,137,5.0,9.0,0.04
07:34:44,334.0,24.0,339.25,20.0,323.0,80.0,340.89,28.0,336.62,5.25,104.0,48.0,1.3779586350831778,334.0,339.25,152,56.0,15.0,0.37
07:34:45,334.0,24.0,337.94,32.0,323.0,80.0,338.75,16.0,335.97,3.9399999999999977,104.0,48.0,1.7247550550731812,334.0,337.94,152,56.0,0.0,0.37
07:34:46,334.0,33.0,335.91,11.0,323.0,110.0,338.0,55.0,334.95,1.910000000000025,143.0,66.0,1.8926912056647553,334.0,335.91,209,77.0,57.0,0.37
07:34:47,335.08,37.0,344.74,70.0,324.57,105.0,352.56,50.0,339.91,9.660000000000025,142.0,120.0,2.0329092453921116,335.08,344.74,262,22.0,53.0,0.08
07:34:48,338.0,22.0,348.0,22.0,334.64,25.0,352.0,44.0,343.0,10.0,47.0,66.0,3.3141891919443354,338.0,348.0,113,-19.0,-149.0,-0.17
07:34:49,339.16,31.0,348.0,24.0,336.75,24.0,352.0,48.0,343.58,8.839999999999975,55.0,72.0,3.9441817909422623,339.16,348.0,127,-17.0,14.0,-0.13
07:34:50,340.0,30.0,348.0,20.0,338.0,20.0,352.0,40.0,344.0,8.0,50.0,60.0,3.788412596325866,340.0,348.0,110,-10.0,-17.0,-0.09
07:34:51,341.0,21.0,348.0,14.0,338.0,14.0,352.0,28.0,344.5,7.0,35.0,42.0,1.812076157340048,341.0,348.0,77,-7.0,-33.0,-0.09
07:34:52,340.81,48.0,347.29,34.0,337.7,53.0,351.73,60.0,344.05,6.480000000000018,101.0,94.0,0.5651371514953161,340.81,347.29,195,7.0,118.0,0.04
07:34:53,338.0,21.0,344.0,21.0,336.0,56.0,347.45,22.0,341.0,6.0,77.0,43.0,1.394768798045138,338.0,344.0,120,34.0,-75.0,0.28
07:34:54,336.92,52.0,344.0,39.0,335.86,74.0,347.74,38.0,340.46,7.079999999999984,126.0,77.0,1.9110259024933056,336.92,344.0,203,49.0,83.0,0.24
07:34:55,336.0,32.0,343.88,24.0,335.0,16.0,348.12,17.0,339.94,7.8799999999999955,48.0,41.0,2.1252764526057426,336.0,343.87999999999994,89,7.0,-114.0,0.08
07:34:56,336.0,42.0,343.0,33.0,335.0,22.0,347.8,30.0,339.5,7.0,64.0,63.0,1.8004999305750058,336.0,343.0,127,1.0,38.0,0.01
07:34:57,336.0,39.0,340.23,39.0,335.0,26.0,347.0,26.0,338.12,4.230000000000018,65.0,65.0,1.0963028778584778,336.0,340.23,130,0.0,3.0,0.0
07:34:58,336.0,18.0,338.67,18.0,335.0,12.0,342.71,14.0,337.33,2.670000000000016,30.0,32.0,1.3042239071574202,336.0,338.67,62,-2.0,-68.0,-0.03
07:34:59,334.0,28.0,336.86,21.0,333.0,49.0,338.29,21.0,335.43,2.8600000000000136,77.0,42.0,1.8070224127003156,334.0,336.86,119,35.0,57.0,0.29
07:35:00,334.0,52.0,336.63,35.0,333.0,91.0,347.09,44.0,335.31,2.6299999999999955,143.0,79.0,1.7915830988267138,334.0,336.63,222,64.0,103.0,0.29
07:35:01,334.0,22.0,335.0,7.0,333.0,49.0,339.71,21.0,334.5,1.0,71.0,28.0,1.5181468967138099,334.0,335.0,99,43.0,-123.0,0.43
07:35:02,334.0,9.0,343.4,15.0,333.0,63.0,350.2,30.0,338.7,9.399999999999977,72.0,45.0,1.7166333330102086,334.0,343.4,117,27.0,18.0,0.23
07:35:03,335.63,27.0,349.0,27.0,333.22,27.0,351.0,27.0,342.31,13.370000000000005,54.0,54.0,3.2536364271383293,335.63,349.0,108,0.0,-9.0,0.0
07:35:04,336.0,40.0,349.0,30.0,334.0,10.0,351.0,30.0,342.5,13.0,50.0,60.0,3.76157280934466,336.0,349.0,110,-10.0,2.0,-0.09
07:35:05,337.67,24.0,349.0,18.0,335.9,21.0,351.0,18.0,343.33,11.329999999999984,45.0,36.0,3.682929540461056,337.67,349.0,81,9.0,-29.0,0.11
07:35:06,338.0,48.0,348.42,36.0,336.0,48.0,350.33,36.0,343.21,10.420000000000016,96.0,72.0,1.9018806482007056,338.0,348.42,168,24.0,87.0,0.14
07:35:07,338.0,56.0,345.5,42.0,336.0,56.0,348.29,56.0,341.75,7.5,112.0,98.0,0.6556675987115929,338.0,345.5,210,14.0,42.0,0.07
07:35:08,338.67,24.0,344.0,18.0,337.33,24.0,347.33,24.0,341.33,5.329999999999984,48.0,42.0,0.8797044958395305,338.67,344.0,90,6.0,-120.0,0.07
07:35:09,339.0,28.0,344.0,21.0,338.0,28.0,349.0,28.0,341.5,5.0,56.0,49.0,0.9674089104408293,339.0,344.0,105,7.0,15.0,0.07
07:35:10,339.0,32.0,343.12,24.0,338.0,32.0,348.5,32.0,341.06,4.1200000000000045,64.0,56.0,0.8432971006711499,339.0,343.12000000000006,120,8.0,15.0,0.07
07:35:11,338.7,27.0,345.09,32.0,337.62,32.0,349.94,31.0,341.9,6.389999999999986,59.0,63.0,0.33342165496622056,338.7,345.09,122,-4.0,2.0,-0.03
07:35:12,334.82,33.0,348.0,24.0,331.43,21.0,352.0,18.0,341.41,13.180000000000007,54.0,42.0,0.30520484924132457,334.82,348.0,96,12.0,-26.0,0.12
07:35:13,333.0,73.0,348.17,42.0,331.0,78.0,350.71,34.0,340.58,15.170000000000016,151.0,76.0,0.49689032995264987,333.0,348.17,227,75.0,131.0,0.33
07:35:14,333.0,48.0,346.42,60.0,331.0,72.0,347.46,46.0,339.71,13.420000000000016,120.0,106.0,0.8365225639518188,333.0,346.42,226,14.0,-1.0,0.06
07:35:15,332.29,68.0,344.33,75.0,330.54,78.0,345.8,75.0,338.31,12.039999999999964,146.0,150.0,1.4269793271104576,332.29,344.33,296,-4.0,70.0,-0.01
07:35:16,332.87,15.0,336.19,73.0,331.0,90.0,341.6,75.0,334.53,3.319999999999993,105.0,148.0,2.702928041957616,332.87,336.19,253,-43.0,-43.0,-0.17
07:35:17,326.6,114.0,335.13,39.0,325.04,168.0,339.24,54.0,330.86,8.529999999999973,282.0,93.0,4.045771867023748,326.6,335.13,375,189.0,122.0,0.5
07:35:18,329.47,76.0,333.11,38.0,327.0,303.0,346.85,52.0,331.29,3.6399999999999864,379.0,90.0,4.007705078969865,329.47,333.11,469,289.0,94.0,0.62
07:35:19,331.0,48.0,336.0,24.0,326.68,111.0,345.67,27.0,333.5,5.0,159.0,51.0,2.9939388771317472,331.0,336.0,210,108.0,-186.5,0.51
07:35:20,325.47,76.0,345.0,18.0,321.1,93.0,347.0,27.0,335.24,19.529999999999973,169.0,45.0,1.9414504886813089,325.47,345.0,214,124.0,4.0,0.58
07:35:21,329.94,68.0,345.0,26.0,324.02,95.0,347.0,39.0,337.47,15.060000000000002,163.0,65.0,2.7610813099220755,329.94,345.0,228,98.0,14.0,0.43
07:35:22,336.5,64.0,344.95,44.0,331.14,63.0,346.4,43.0,340.73,8.449999999999989,127.0,87.0,3.637269580331005,336.5,344.95,214,40.0,-14.0,0.19
07:35:23,338.0,30.0,339.46,26.0,335.62,32.0,343.16,38.0,338.73,1.4599999999999795,62.0,64.0,2.8453699232264147,338.0,339.46,126,-2.0,-88.0,-0.02
07:35:24,335.52,29.0,339.82,22.0,334.38,52.0,344.35,46.0,337.67,4.300000000000011,81.0,68.0,1.999254861192431,335.52,339.82,149,13.0,23.0,0.09
07:35:25,335.0,18.0,339.0,6.0,334.0,24.0,345.5,16.0,337.0,4.0,42.0,22.0,1.488589936819949,335.0,339.0,64,20.0,-85.0,0.31
07:35:26,335.0,30.0,338.4,10.0,334.0,61.0,346.0,20.0,336.7,3.3999999999999773,91.0,30.0,1.6314809223529514,335.0,338.4,121,61.0,57.0,0.5
07:35:27,335.97,90.0,337.23,26.0,334.81,37.0,345.2,20.0,336.6,1.259999999999991,127.0,46.0,0.8822981355537222,335.97,337.22999999999996,173,81.0,52.0,0.47
07:35:28,336.55,49.0,344.8,30.0,335.0,42.0,347.94,67.0,340.68,8.25,91.0,97.0,1.7012348456346689,336.55,344.8,188,-6.0,15.0,-0.03
07:35:29,335.29,31.0,343.29,56.0,333.04,155.0,346.84,49.0,339.29,8.0,186.0,105.0,1.835886706744634,335.29,343.29,291,81.0,103.0,0.28
07:35:30,335.0,16.0,336.0,32.0,333.0,144.0,343.0,32.0,335.5,1.0,160.0,64.0,2.1473192589835537,335.0,336.0,224,96.0,-67.0,0.43
07:35:31,335.0,8.0,341.25,16.0,333.0,72.0,348.14,28.0,338.12,6.25,80.0,44.0,2.065410370846833,335.0,341.25,124,36.0,-100.0,0.29
07:35:32,335.0,8.0,343.0,16.0,333.0,72.0,349.0,32.0,339.0,8.0,80.0,48.0,1.9215410482218809,335.0,343.0,128,32.0,4.0,0.25
07:35:33,335.0,24.0,342.75,48.0,333.0,216.0,349.0,73.0,338.88,7.75,240.0,121.0,1.547423665322997,335.0,342.75,361,119.0,185.5,0.33
07:35:34,333.5,96.0,339.79,53.0,332.9,240.0,341.08,59.0,336.65,6.2900000000000205,336.0,112.0,1.5146616783960904,333.5,339.7900000000001,448,224.0,87.0,0.5
07:35:35,333.06,170.0,337.87,62.0,332.79,252.0,338.92,78.0,335.47,4.810000000000002,422.0,140.0,1.5252311300264128,333.06,337.87,562,282.0,114.0,0.5
07:35:36,333.0,225.0,335.41,49.0,332.0,90.0,336.43,56.0,334.2,2.410000000000025,315.0,105.0,2.1041506600055158,333.0,335.41,420,210.0,-142.0,0.5
07:35:37,333.0,105.0,335.0,21.0,332.0,42.0,336.0,28.0,334.0,2.0,147.0,49.0,2.00685076674913,333.0,335.0,196,98.0,-186.5,0.5
07:35:38,333.0,149.0,334.91,33.0,332.0,66.0,336.0,44.0,333.95,1.910000000000025,215.0,77.0,1.1810292121711217,333.0,334.91,292,138.0,96.0,0.47
07:35:39,333.0,105.0,335.6,45.0,332.0,72.0,343.11,57.0,334.3,2.6000000000000227,177.0,102.0,0.6237226947943617,333.0,335.6,279,75.0,-13.0,0.27
07:35:40,334.5,92.0,336.0,32.0,332.8,60.0,345.0,40.0,335.25,1.5,152.0,72.0,0.5284411036260471,334.5,336.0,224,80.0,-55.0,0.36
07:35:41,335.0,35.0,336.0,28.0,333.0,56.0,345.0,35.0,335.5,1.0,91.0,63.0,0.7254309064283851,335.0,336.0,154,28.0,-70.0,0.18
07:35:42,335.83,23.0,345.0,45.0,333.65,46.0,349.0,27.0,340.41,9.170000000000016,69.0,72.0,2.6116795362374687,335.83,345.0,141,-3.0,-13.0,-0.02
07:35:43,337.0,40.0,345.0,50.0,336.0,10.0,349.0,30.0,341.0,8.0,50.0,80.0,3.154531660960387,337.0,345.0,130,-30.0,-11.0,-0.23
07:35:44,337.04,54.0,345.0,75.0,333.52,84.0,349.0,45.0,341.02,7.9599999999999795,138.0,120.0,2.9882486509662174,337.04,345.0,258,18.0,128.0,0.07
07:35:45,337.0,63.0,344.0,13.0,333.0,104.0,345.0,92.0,340.5,7.0,167.0,105.0,2.3566671381426287,337.0,344.0,272,62.0,14.0,0.23
07:35:46,337.0,64.0,341.46,24.0,333.0,112.0,344.49,57.0,339.23,4.4599999999999795,176.0,81.0,0.7277156037912628,337.0,341.46,257,95.0,-15.0,0.37
07:35:47,337.0,14.0,339.29,7.0,333.0,56.0,344.33,9.0,338.14,2.2900000000000205,70.0,16.0,1.259015488388203,337.0,339.29,86,54.0,-171.0,0.63
07:35:48,334.18,34.0,338.25,16.0,332.93,43.0,341.5,8.0,336.21,4.069999999999993,77.0,24.0,1.9303497092499977,334.18,338.25,101,53.0,15.0,0.52
07:35:49,333.0,123.0,338.25,12.0,332.0,12.0,343.5,12.0,335.62,5.25,135.0,24.0,2.039178756264804,333.0,338.25,159,111.0,58.0,0.7
07:35:50,333.0,154.0,335.86,14.0,332.0,14.0,337.21,14.0,334.43,2.8600000000000136,168.0,28.0,1.9384607295485325,333.0,335.86,196,140.0,37.0,0.71
07:35:51,333.0,122.0,334.0,12.0,332.0,12.0,348.08,53.0,333.5,1.0,134.0,65.0,1.7748943630543101,333.0,334.0,199,69.0,3.0,0.35
07:35:52,333.0,93.0,344.71,17.0,332.0,10.0,347.96,56.0,338.85,11.70999999999998,103.0,73.0,2.0395759363166683,333.0,344.71,176,30.0,-23.0,0.17
07:35:53,333.0,48.0,347.0,14.0,332.0,7.0,348.0,42.0,340.0,14.0,55.0,56.0,2.8208952479668556,333.0,347.0,111,-1.0,-65.0,-0.01
07:35:54,333.0,108.0,347.0,18.0,332.0,9.0,348.0,54.0,340.0,14.0,117.0,72.0,3.1481629563924893,333.0,347.0,189,45.0,78.0,0.24
07:35:55,333.67,109.0,346.05,37.0,333.43,72.0,347.9,101.0,339.86,12.379999999999995,181.0,138.0,2.8042503454580774,333.67,346.05,319,43.0,130.0,0.13
07:35:56,338.0,33.0,344.16,25.0,337.0,22.0,347.45,29.0,341.08,6.160000000000025,55.0,54.0,0.7905188169813089,338.0,344.16,109,1.0,-186.5,0.01
07:35:57,338.58,36.0,341.07,28.0,334.44,61.0,348.7,50.0,339.83,2.490000000000009,97.0,78.0,0.5235265036285488,338.58,341.07,175,19.0,66.0,0.11
07:35:58,333.91,35.0,340.0,20.0,332.98,105.0,349.0,50.0,336.96,6.089999999999975,140.0,70.0,1.5350830596425569,333.91,340.0,210,70.0,35.0,0.33
07:35:59,333.2,120.0,339.07,28.0,332.9,80.0,349.0,70.0,336.14,5.8700000000000045,200.0,98.0,2.111913823999828,333.2,339.07,298,102.0,88.0,0.34
07:36:00,333.51,98.0,337.88,34.0,332.97,124.0,348.31,64.0,335.7,4.3700000000000045,222.0,98.0,2.3795839972569968,333.51,337.88,320,124.0,22.0,0.39
07:36:01,334.0,72.0,335.05,74.0,333.0,192.0,341.4,50.0,334.53,1.0500000000000114,264.0,124.0,1.9914743282306433,334.0,335.05,388,140.0,68.0,0.36
07:36:02,333.15,99.0,343.17,60.0,332.81,74.0,350.58,53.0,338.16,10.020000000000039,173.0,113.0,1.3614036873762847,333.15,343.17,286,60.0,-102.0,0.21
07:36:03,333.0,168.0,347.04,45.0,332.0,28.0,348.36,77.0,340.02,14.04000000000002,196.0,122.0,2.176924435988019,333.0,347.04,318,74.0,32.0,0.23
07:36:04,333.0,187.0,346.0,41.0,332.0,32.0,347.0,119.0,339.5,13.0,219.0,160.0,2.3881624735352043,333.0,346.0,379,59.0,61.0,0.16
07:36:05,333.0,77.0,345.47,34.0,332.0,22.0,348.23,47.0,339.24,12.470000000000027,99.0,81.0,2.208732668296861,333.0,345.47,180,18.0,-186.5,0.1
07:36:06,333.0,98.0,342.86,28.0,332.0,28.0,347.85,48.0,337.93,9.860000000000014,126.0,76.0,0.8935882720815448,333.0,342.86,202,50.0,22.0,0.25
07:36:07,333.0,84.0,341.08,24.0,332.0,24.0,347.79,14.0,337.04,8.079999999999984,108.0,38.0,1.225960847662636,333.0,341.08,146,70.0,-56.0,0.48
07:36:08,333.0,60.0,338.67,30.0,332.0,30.0,346.0,30.0,335.83,5.670000000000016,90.0,60.0,1.5313947890736201,333.0,338.67,150,30.0,4.0,0.2
07:36:09,326.66,58.0,337.31,26.0,321.38,32.0,341.2,20.0,331.98,10.649999999999977,90.0,46.0,2.7693555206946865,326.66,337.31,136,44.0,-14.0,0.32
07:36:10,326.0,216.0,336.28,54.0,322.43,63.0,338.0,36.0,331.14,10.279999999999973,279.0,90.0,3.050496680870614,326.0,336.28,369,189.0,185.5,0.51
07:36:11,326.11,135.0,333.43,21.0,323.5,96.0,335.11,36.0,329.77,7.319999999999993,231.0,57.0,3.128413335862615,326.11,333.43,288,174.0,-81.0,0.6
07:36:12,327.0,90.0,335.75,48.0,326.0,216.0,336.43,42.0,331.38,8.75,306.0,90.0,2.2783875877478112,327.0,335.75,396,216.0,108.0,0.55
07:36:13,327.0,40.0,341.36,28.0,326.0,96.0,342.65,17.0,334.18,14.360000000000014,136.0,45.0,1.6100621106042454,327.0,341.36,181,91.0,-186.5,0.5
07:36:14,336.71,173.0,341.36,44.0,326.83,72.0,342.62,39.0,339.04,4.650000000000034,245.0,83.0,3.6857455148182896,336.71,341.36,328,162.0,147.0,0.49
07:36:15,337.28,193.0,340.55,55.0,333.08,237.0,342.14,35.0,338.92,3.2700000000000387,430.0,90.0,4.249496440756584,337.28,340.55,520,340.0,185.5,0.65
07:36:16,337.0,168.0,341.72,29.0,324.0,108.0,342.54,13.0,339.36,4.720000000000027,276.0,42.0,3.6074755716432034,337.0,341.72,318,234.0,-186.5,0.74
07:36:17,337.04,169.0,340.12,64.0,331.5,228.0,342.0,48.0,338.58,3.079999999999984,397.0,112.0,2.162470809052029,337.04,340.12,509,285.0,185.5,0.56
07:36:18,337.08,168.0,339.56,48.0,329.85,178.0,342.08,39.0,338.32,2.480000000000018,346.0,87.0,0.4045738498741644,337.08,339.56,433,259.0,-76.0,0.6
07:36:19,337.0,143.0,342.0,33.0,327.55,47.0,344.47,15.0,339.5,5.0,190.0,48.0,0.5010788361146286,337.0,342.0,238,142.0,-186.5,0.6
07:36:20,337.07,57.0,342.0,21.0,336.44,36.0,345.0,14.0,339.54,4.930000000000007,93.0,35.0,0.5683308895370555,337.06999999999994,342.0,128,58.0,-110.0,0.45
07:36:21,337.0,100.0,344.08,26.0,335.0,20.0,349.94,34.0,340.54,7.079999999999984,120.0,60.0,0.8823151364461354,337.0,344.08,180,60.0,52.0,0.33
07:36:22,337.0,120.0,341.0,24.0,335.0,24.0,343.1,42.0,339.0,4.0,144.0,66.0,0.8144937077730832,337.0,341.0,210,78.0,30.0,0.37
07:36:23,337.0,140.0,341.5,24.0,335.0,28.0,347.86,50.0,339.25,4.5,168.0,74.0,0.5860716679740747,337.0,341.5,242,94.0,32.0,0.39
07:36:24,337.0,66.0,347.73,30.0,335.0,18.0,349.87,15.0,342.37,10.730000000000018,84.0,45.0,1.3770076252518697,337.0,347.7300000000001,129,39.0,-113.0,0.3
07:36:25,336.37,35.0,348.0,52.0,333.9,29.0,352.0,13.0,342.19,11.629999999999995,64.0,65.0,1.5829245086237205,336.37,348.0,129,-1.0,0.0,-0.01
07:36:26,334.6,20.0,348.0,48.0,332.64,56.0,352.0,12.0,341.3,13.399999999999977,76.0,60.0,1.6036739070027937,334.6,348.0,136,16.0,7.0,0.12
07:36:27,336.78,127.0,347.96,92.0,335.54,76.0,351.38,26.0,342.37,11.180000000000007,203.0,118.0,1.3315705013259407,336.78,347.96,321,85.0,185.0,0.26
07:36:28,338.0,36.0,345.39,72.0,337.0,198.0,347.22,72.0,341.69,7.389999999999986,234.0,144.0,0.4729482001248147,338.0,345.39,378,90.0,57.0,0.24
07:36:29,338.0,30.0,342.07,60.0,337.0,165.0,343.6,60.0,340.03,4.069999999999993,195.0,120.0,0.931224999665182,338.0,342.07,315,75.0,-63.0,0.24
07:36:30,338.65,62.0,340.59,88.0,337.15,143.0,342.18,88.0,339.62,1.9399999999999977,205.0,176.0,1.1498130282795993,338.65,340.59,381,29.0,66.0,0.08
07:36:31,337.33,90.0,339.45,58.0,336.85,72.0,340.59,54.0,338.39,2.1200000000000045,162.0,112.0,1.6068914089015496,337.33,339.45,274,50.0,-107.0,0.18
07:36:32,337.0,74.0,341.3,20.0,334.0,13.0,347.49,37.0,339.15,4.300000000000011,87.0,57.0,1.2313732171854899,337.0,341.3,144,30.0,-130.0,0.21
07:36:33,337.0,44.0,349.31,26.0,334.0,11.0,350.51,49.0,343.15,12.310000000000002,55.0,75.0,1.827517441777694,337.0,349.31,130,-20.0,-14.0,-0.15
07:36:34,337.0,24.0,349.0,24.0,334.0,6.0,355.8,25.0,343.0,12.0,30.0,49.0,2.246679772464611,337.0,349.0,79,-19.0,-51.0,-0.24
07:36:35,334.1,58.0,348.18,44.0,332.07,116.0,351.1,42.0,341.14,14.079999999999984,174.0,86.0,2.1720336093167663,334.1,348.18,260,88.0,181.0,0.34
07:36:36,333.49,41.0,348.0,36.0,332.05,118.0,351.0,36.0,340.74,14.509999999999991,159.0,72.0,1.6719539467346556,333.49,348.0,231,87.0,-29.0,0.38
07:36:37,334.0,120.0,346.25,32.0,333.0,36.0,347.38,42.0,340.12,12.25,156.0,74.0,1.369269878439436,334.0,346.25,230,82.0,-1.0,0.36
07:36:38,334.0,150.0,343.8,50.0,333.0,45.0,345.5,40.0,338.9,9.800000000000011,195.0,90.0,1.5024646418474152,334.0,343.8,285,105.0,55.0,0.37
07:36:39,334.0,120.0,341.75,40.0,333.0,36.0,343.35,34.0,337.88,7.75,156.0,74.0,1.3479910978941023,334.0,341.75,230,82.0,-55.0,0.36
07:36:40,334.0,100.0,339.94,32.0,333.0,30.0,340.95,19.0,336.97,5.939999999999998,130.0,51.0,1.552166228211971,334.0,339.94,181,79.0,-49.0,0.44
07:36:41,334.0,140.0,338.96,27.0,333.0,42.0,339.87,15.0,336.48,4.9599999999999795,182.0,42.0,1.4718695594385447,334.0,338.96,224,140.0,43.0,0.62
07:36:42,334.0,130.0,337.36,14.0,333.0,42.0,339.0,28.0,335.68,3.3600000000000136,172.0,42.0,1.2482467704752638,334.0,337.36,214,130.0,-10.0,0.61
07:36:43,334.0,41.0,342.25,20.0,333.0,33.0,346.27,41.0,338.12,8.25,74.0,61.0,1.0048781020611328,334.0,342.25,135,13.0,-79.0,0.1
07:36:44,334.0,42.0,345.49,65.0,333.0,42.0,350.74,76.0,339.75,11.490000000000009,84.0,141.0,1.5835561246769547,334.0,345.49,225,-57.0,90.0,-0.25
07:36:45,335.03,29.0,345.0,98.0,333.36,42.0,351.0,84.0,340.02,9.970000000000027,71.0,182.0,1.9267589366606654,335.03,345.0,253,-111.0,28.0,-0.44
07:36:46,335.0,55.0,344.82,68.0,334.0,11.0,349.17,69.0,339.91,9.819999999999993,66.0,137.0,1.8551091612090007,335.0,344.82,203,-71.0,-50.0,-0.35
07:36:47,336.07,67.0,342.63,87.0,335.0,47.0,343.99,123.0,339.35,6.560000000000002,114.0,210.0,0.7751451476990142,336.07,342.63,324,-96.0,121.0,-0.3
07:36:48,339.76,41.0,342.25,64.0,338.0,13.0,343.87,77.0,341.0,2.490000000000009,54.0,141.0,0.6110073649319965,339.76,342.25,195,-87.0,-129.0,-0.45
07:36:49,340.0,6.0,341.67,30.0,338.0,6.0,344.0,24.0,340.83,1.670000000000016,12.0,54.0,0.6843756278543686,340.0,341.67,66,-42.0,-129.0,-0.64
07:36:50,339.0,10.0,343.93,45.0,337.5,10.0,349.61,46.0,341.47,4.930000000000007,20.0,91.0,0.8616379750225457,339.0,343.93,111,-71.0,45.0,-0.64
07:36:51,337.73,11.0,347.0,44.0,334.6,20.0,348.45,44.0,342.36,9.269999999999982,31.0,88.0,1.0979389782682683,337.73,347.0,119,-57.0,8.0,-0.48
07:36:52,337.0,11.0,345.88,43.0,333.0,89.0,348.73,44.0,341.44,8.879999999999995,100.0,87.0,0.5939276050164837,337.0,345.88,187,13.0,68.0,0.07
07:36:53,337.0,8.0,345.12,32.0,334.0,24.0,349.0,32.0,341.06,8.120000000000005,32.0,64.0,0.5838407317073828,337.0,345.12,96,-32.0,-91.0,-0.33
07:36:54,333.0,143.0,344.18,44.0,332.0,77.0,349.44,50.0,338.59,11.180000000000007,220.0,94.0,1.420784994290394,333.0,344.18,314,126.0,185.5,0.4
07:36:55,333.0,91.0,343.43,28.0,332.0,49.0,347.6,20.0,338.21,10.430000000000007,140.0,48.0,1.8308386056670694,333.0,343.43,188,92.0,-126.0,0.49
07:36:56,333.0,146.0,343.0,48.0,332.0,84.0,345.5,48.0,338.0,10.0,230.0,96.0,1.653133388447889,333.0,343.0,326,134.0,138.0,0.41
07:36:57,333.0,198.0,341.67,72.0,332.0,126.0,344.17,72.0,337.33,8.670000000000016,324.0,144.0,1.4291151108296112,333.0,341.67,468,180.0,142.0,0.38
07:36:58,333.0,96.0,339.65,31.0,332.0,70.0,341.27,37.0,336.32,6.649999999999977,166.0,68.0,0.8920482049765615,333.0,339.65,234,98.0,-186.5,0.42
07:36:59,333.0,92.0,336.64,56.0,332.0,98.0,339.0,14.0,334.82,3.6399999999999864,190.0,70.0,1.3934956045866183,333.0,336.64,260,120.0,26.0,0.46
07:37:00,333.0,60.0,334.5,16.0,332.0,70.0,335.24,34.0,333.75,1.5,130.0,50.0,1.7547449957194825,333.0,334.5,180,80.0,-80.0,0.44
07:37:01,332.7,47.0,334.47,17.0,328.89,103.0,335.63,38.0,333.59,1.7700000000000387,150.0,55.0,1.6296533373705318,332.7,334.47,205,95.0,25.0,0.46
07:37:02,332.48,23.0,334.46,52.0,331.08,87.0,347.76,29.0,333.47,1.9799999999999613,110.0,81.0,1.204761387164777,332.48,334.46,191,29.0,-14.0,0.15
07:37:03,332.0,66.0,333.78,36.0,324.27,55.0,338.57,23.0,332.89,1.7799999999999727,121.0,59.0,0.7031927189636474,332.0,333.78,180,62.0,-11.0,0.34
07:37:04,329.86,49.0,335.82,17.0,324.85,41.0,341.3,37.0,332.84,5.9599999999999795,90.0,54.0,0.4167973128556356,329.86,335.82,144,36.0,-36.0,0.25
07:37:05,325.0,45.0,349.92,39.0,324.0,18.0,350.67,45.0,337.46,24.920000000000016,63.0,84.0,1.9355748500131185,325.0,349.92,147,-21.0,3.0,-0.14
07:37:06,325.41,59.0,350.0,78.0,321.11,83.0,351.0,65.0,337.7,24.589999999999975,142.0,143.0,2.485874091743765,325.41,350.0,285,-1.0,138.0,-0.0
07:37:07,327.7,81.0,348.0,61.0,323.69,68.0,348.72,74.0,337.85,20.30000000000001,149.0,135.0,2.6355397929081965,327.7,348.0,284,14.0,-1.0,0.05
07:37:08,327.91,46.0,330.26,23.0,323.3,69.0,341.29,35.0,329.09,2.349999999999966,115.0,58.0,3.906951497011828,327.91,330.26,173,57.0,-111.0,0.33
07:37:09,322.09,350.0,328.78,32.0,306.24,67.0,329.38,24.0,325.43,6.689999999999998,417.0,56.0,5.848438253072648,322.09,328.78,473,361.0,185.5,0.76
07:37:18,323.0,6.0,331.0,3.0,320.0,45.0,337.0,30.0,327.0,8.0,51.0,33.0,1.0260214422740592,323.0,331.0,84,18.0,-72.0,0.21
07:37:19,323.0,16.0,329.25,8.0,320.0,120.0,336.81,62.0,326.12,6.25,136.0,70.0,1.085440002950918,323.0,329.25,206,66.0,122.0,0.32
07:37:20,325.5,32.0,334.29,35.0,316.45,198.0,336.77,26.0,329.89,8.79000000000002,230.0,61.0,2.094094076207122,325.5,334.29,291,169.0,85.0,0.58
07:37:21,335.65,51.0,339.0,120.0,327.48,42.0,415.57,23.0,337.32,3.3500000000000227,93.0,143.0,4.914638338678143,335.65,339.0,236,-50.0,-55.0,-0.21
07:37:22,336.4,15.0,338.56,57.0,333.04,75.0,352.5,44.0,337.48,2.160000000000025,90.0,101.0,5.5090852235198104,336.4,338.56000000000006,191,-11.0,-45.0,-0.06
07:37:23,333.38,58.0,338.04,73.0,332.94,147.0,339.1,52.0,335.71,4.660000000000025,205.0,125.0,5.0651090807606245,333.38,338.04,330,80.0,139.0,0.24
07:37:24,334.0,39.0,338.71,41.0,333.0,156.0,340.11,57.0,336.35,4.7099999999999795,195.0,98.0,3.136837579474431,334.0,338.71,293,97.0,-37.0,0.33
07:37:25,334.22,100.0,339.66,59.0,333.07,168.0,341.42,53.0,336.94,5.439999999999998,268.0,112.0,0.7305819598118484,334.22,339.66,380,156.0,87.0,0.41
07:37:26,335.0,88.0,339.0,40.0,334.0,48.0,346.25,24.0,337.0,4.0,136.0,64.0,0.6816377336991706,335.0,339.0,200,72.0,-180.0,0.36
07:37:27,335.07,165.0,338.69,51.0,334.0,90.0,339.3,47.0,336.88,3.6200000000000045,255.0,98.0,0.5490264110246056,335.07,338.69,353,157.0,153.0,0.44
07:37:28,336.34,164.0,338.73,41.0,333.78,108.0,339.31,68.0,337.53,2.390000000000043,272.0,109.0,0.4193447269281566,336.34,338.73,381,163.0,28.0,0.43
07:37:29,335.33,135.0,340.0,75.0,334.0,90.0,345.46,37.0,337.67,4.670000000000016,225.0,112.0,0.36732819113482795,335.33,340.0,337,113.0,-44.0,0.34
07:37:30,337.57,127.0,339.77,71.0,334.0,90.0,343.74,53.0,338.67,2.1999999999999886,217.0,124.0,0.7107390519749761,337.57,339.77,341,93.0,4.0,0.27
07:37:31,338.9,50.0,340.2,50.0,334.0,60.0,346.0,30.0,339.55,1.3000000000000114,110.0,80.0,1.0509043724345877,338.9,340.2,190,30.0,-151.0,0.16
07:37:32,339.0,70.0,341.55,60.0,334.0,84.0,342.69,35.0,340.27,2.5500000000000114,154.0,95.0,1.1843648086640912,339.0,341.55,249,59.0,59.0,0.24
07:37:33,339.0,35.0,340.77,39.0,334.12,82.0,341.85,59.0,339.88,1.7699999999999818,117.0,98.0,1.0429860977030259,339.0,340.77,215,19.0,-34.0,0.09
07:37:34,336.22,54.0,341.77,35.0,334.62,122.0,346.88,41.0,339.0,5.5499999999999545,176.0,76.0,0.6471707657193295,336.22,341.77,252,100.0,37.0,0.4
07:37:35,334.0,96.0,346.65,31.0,333.0,224.0,347.32,84.0,340.32,12.649999999999977,320.0,115.0,0.5477499429499829,334.0,346.65,435,205.0,183.0,0.47
07:37:36,333.22,125.0,345.57,14.0,331.59,119.0,347.21,70.0,339.39,12.349999999999966,244.0,84.0,0.5704997808954175,333.22,345.57,328,160.0,-107.0,0.49
07:37:37,333.0,168.0,343.58,12.0,325.0,36.0,347.69,48.0,338.29,10.579999999999984,204.0,60.0,0.7851942434848496,333.0,343.58,264,144.0,-64.0,0.55
07:37:38,333.88,102.0,342.0,15.0,332.04,144.0,343.0,15.0,337.94,8.120000000000005,246.0,30.0,0.9382803419030975,333.88,342.0,276,216.0,12.0,0.78
07:37:39,333.0,126.0,340.78,9.0,326.17,29.0,342.89,9.0,336.89,7.779999999999973,155.0,18.0,1.3259449460674648,333.0,340.78,173,137.0,-103.0,0.79
07:37:40,333.2,60.0,340.0,8.0,331.42,76.0,344.0,8.0,336.6,6.800000000000011,136.0,16.0,1.123997330958541,333.2,340.0,152,120.0,-21.0,0.79
07:37:41,333.27,89.0,339.67,12.0,330.5,72.0,345.26,19.0,336.47,6.400000000000034,161.0,31.0,0.8242390429978453,333.27,339.67,192,130.0,40.0,0.68
07:37:42,334.4,60.0,338.6,15.0,333.0,105.0,345.81,62.0,336.5,4.2000000000000455,165.0,77.0,0.6153454314464722,334.4,338.6,242,88.0,50.0,0.36
07:37:43,336.88,65.0,339.92,24.0,333.0,119.0,344.49,79.0,338.4,3.0400000000000205,184.0,103.0,0.8153342872724187,336.88,339.92,287,81.0,45.0,0.28
07:37:44,337.64,33.0,345.0,30.0,333.0,77.0,347.45,31.0,341.32,7.360000000000014,110.0,61.0,2.0995523332372277,337.64,345.0,171,49.0,-116.0,0.29
07:37:45,338.08,39.0,345.0,26.0,333.0,91.0,346.0,26.0,341.54,6.920000000000016,130.0,52.0,2.486278343227441,338.08,345.0,182,78.0,11.0,0.43
07:37:46,339.51,35.0,345.0,30.0,333.56,85.0,346.0,30.0,342.26,5.490000000000009,120.0,60.0,2.451097713270871,339.51,345.0,180,60.0,-2.0,0.33
07:37:47,339.0,10.0,345.0,20.0,333.0,70.0,346.0,20.0,342.0,6.0,80.0,40.0,1.5562390561869606,339.0,345.0,120,40.0,-60.0,0.33
07:37:48,335.29,17.0,345.0,18.0,331.9,49.0,346.0,18.0,340.15,9.70999999999998,66.0,36.0,0.8175451057902958,335.29,345.0,102,30.0,-18.0,0.29
07:37:49,333.14,36.0,345.0,16.0,330.67,12.0,346.0,16.0,339.07,11.860000000000014,48.0,32.0,1.3533772570874802,333.14,345.0,80,16.0,-22.0,0.2
07:37:50,333.0,41.0,345.0,14.0,329.0,7.0,346.0,14.0,339.0,12.0,48.0,28.0,1.562443598982563,333.0,345.0,76,20.0,-4.0,0.26
07:37:51,333.0,76.0,344.9,20.0,327.11,38.0,345.82,22.0,338.95,11.899999999999977,114.0,42.0,1.3088277197559424,333.0,344.9,156,72.0,80.0,0.46
07:37:52,333.0,70.0,343.14,14.0,327.42,113.0,344.21,28.0,338.07,10.139999999999986,183.0,42.0,0.7387963183458721,333.0,343.14,225,141.0,69.0,0.63
07:37:53,334.47,19.0,342.0,19.0,333.0,95.0,344.58,38.0,338.24,7.529999999999973,114.0,57.0,0.4722605213241634,334.47,342.0,171,57.0,-54.0,0.33
07:37:54,335.0,11.0,341.0,11.0,333.0,55.0,343.0,22.0,338.0,6.0,66.0,33.0,0.4856644932474925,335.0,341.0,99,33.0,-72.0,0.33
07:37:55,335.9,80.0,339.81,21.0,333.33,48.0,342.44,27.0,337.85,3.910000000000025,128.0,48.0,0.43043001754212373,335.9,339.81,176,80.0,77.0,0.45
07:37:56,336.24,142.0,338.59,37.0,335.0,16.0,339.6,20.0,337.42,2.349999999999966,158.0,57.0,0.3106927742984973,336.24,338.59,215,101.0,39.0,0.47
07:37:57,336.72,72.0,341.35,55.0,333.23,79.0,345.14,42.0,339.03,4.6299999999999955,151.0,97.0,0.5956257214067258,336.72,341.35,248,54.0,33.0,0.22
07:37:58,336.98,97.0,344.0,52.0,334.26,19.0,345.0,26.0,340.49,7.019999999999982,116.0,78.0,1.2311661138941818,336.98,344.0,194,38.0,-54.0,0.2
07:37:59,337.48,62.0,344.0,56.0,336.93,111.0,345.0,28.0,340.74,6.519999999999982,173.0,84.0,1.500943036894245,337.48,344.0,257,89.0,63.0,0.35
07:38:00,338.55,33.0,343.73,44.0,337.0,121.0,344.57,28.0,341.14,5.180000000000007,154.0,72.0,1.533469921453099,338.55,343.73,226,82.0,-31.0,0.36
07:38:01,337.99,82.0,342.36,56.0,336.9,104.0,345.93,30.0,340.17,4.3700000000000045,186.0,86.0,0.8006434912003427,337.99,342.36,272,100.0,46.0,0.37
07:38:02,337.0,165.0,342.0,60.0,335.0,15.0,348.0,30.0,339.5,5.0,180.0,90.0,0.6192495458225822,337.0,342.0,270,90.0,-2.0,0.33
07:38:03,337.0,65.0,342.0,40.0,334.5,10.0,348.0,32.0,339.5,5.0,75.0,72.0,0.7340980860902918,337.0,342.0,147,3.0,-123.0,0.02
07:38:04,337.0,66.0,342.0,44.0,334.0,17.0,348.0,66.0,339.5,5.0,83.0,110.0,0.7195971095004234,337.0,342.0,193,-27.0,46.0,-0.14
07:38:05,337.0,84.0,340.86,56.0,334.0,56.0,347.53,68.0,338.93,3.8600000000000136,140.0,124.0,0.43926074261335224,337.0,340.86,264,16.0,71.0,0.06
07:38:06,336.26,105.0,339.79,73.0,333.96,56.0,348.23,62.0,338.03,3.5300000000000296,161.0,135.0,0.6429385662729437,336.25999999999993,339.79,296,26.0,32.0,0.09
07:38:07,337.54,98.0,347.0,24.0,334.0,24.0,348.0,48.0,342.27,9.45999999999998,122.0,72.0,1.5852539228783766,337.5400000000001,347.0,194,50.0,-102.0,0.26
07:38:08,338.0,48.0,346.33,24.0,334.0,24.0,348.33,48.0,342.17,8.329999999999984,72.0,72.0,1.9349160188497918,338.0,346.33,144,0.0,-50.0,0.0
07:38:09,338.0,48.0,344.92,24.0,334.0,24.0,352.5,96.0,341.46,6.920000000000016,72.0,120.0,1.9610762351325557,338.0,344.92,192,-48.0,48.0,-0.25
07:38:10,338.0,64.0,342.81,32.0,334.0,32.0,353.0,120.0,340.41,4.810000000000002,96.0,152.0,1.751804783645085,338.0,342.81,248,-56.0,56.0,-0.23
07:38:11,338.0,48.0,341.48,29.0,334.0,24.0,347.79,28.0,339.74,3.480000000000018,72.0,57.0,1.1077680262590637,338.0,341.48,129,15.0,-119.0,0.12
07:38:12,338.11,36.0,340.3,30.0,337.07,28.0,342.0,20.0,339.21,2.1899999999999977,64.0,50.0,1.2157590221757062,338.11,340.3,114,14.0,-15.0,0.12
07:38:13,338.2,40.0,340.0,36.0,337.4,40.0,348.4,40.0,339.1,1.8000000000000114,80.0,76.0,0.9746948240353214,338.2,340.0,156,4.0,42.0,0.03
07:38:14,337.18,22.0,340.0,21.0,334.6,15.0,350.0,28.0,338.59,2.819999999999993,37.0,49.0,0.6923510670179571,337.18,340.0,86,-12.0,-70.0,-0.14
07:38:15,335.92,37.0,338.44,48.0,332.57,77.0,348.44,36.0,337.18,2.519999999999982,114.0,84.0,0.9751563977129323,335.92,338.44,198,30.0,112.0,0.15
07:38:16,333.0,34.0,335.12,51.0,332.0,163.0,348.83,36.0,334.06,2.1200000000000045,197.0,87.0,2.152108268651842,333.0,335.12,284,110.0,86.0,0.39
07:38:17,332.2,50.0,340.29,31.0,331.34,73.0,350.38,42.0,336.25,8.090000000000032,123.0,73.0,2.01060438674524,332.2,340.29,196,50.0,-88.0,0.26
07:38:18,332.0,60.0,344.92,26.0,331.0,72.0,350.78,46.0,338.46,12.920000000000016,132.0,72.0,1.8611743604506972,332.0,344.92,204,60.0,8.0,0.29
07:38:19,332.0,80.0,340.47,57.0,331.0,96.0,341.89,36.0,336.24,8.470000000000027,176.0,93.0,1.6100062111677622,332.0,340.47,269,83.0,65.0,0.31
07:38:20,332.12,51.0,334.95,43.0,331.14,84.0,336.89,47.0,333.54,2.829999999999984,135.0,90.0,1.972713866732404,332.12,334.95,225,45.0,-44.0,0.2
07:38:21,331.3,69.0,334.14,51.0,329.76,66.0,340.0,21.0,332.72,2.839999999999975,135.0,72.0,2.3143508809163182,331.3,334.14,207,63.0,-18.0,0.3
07:38:22,329.74,46.0,332.9,21.0,326.15,39.0,337.0,27.0,331.32,3.159999999999968,85.0,48.0,2.8680097628839443,329.74,332.9,133,37.0,-74.0,0.28
07:38:23,324.0,11.0,331.0,11.0,318.0,33.0,345.0,22.0,327.5,7.0,44.0,33.0,3.2105887310579884,324.0,331.0,77,11.0,-56.0,0.14
07:38:24,324.0,5.0,331.0,5.0,318.0,15.0,349.0,20.0,327.5,7.0,20.0,25.0,2.8653586162984257,324.0,331.0,45,-5.0,-32.0,-0.11
07:38:27,324.24,41.0,343.0,99.0,297.83,36.0,345.27,44.0,333.62,18.75999999999999,77.0,143.0,2.7337154204480356,324.24,343.0,220,-66.0,135.0,-0.3
07:38:28,324.17,23.0,343.0,99.0,318.77,31.0,345.0,44.0,333.59,18.829999999999984,54.0,143.0,2.5588122244502203,324.17,343.0,197,-89.0,-23.0,-0.45
07:38:29,324.0,14.0,343.0,63.0,318.71,21.0,345.0,28.0,333.5,19.0,35.0,91.0,1.3687658674866465,324.0,343.0,126,-56.0,-71.0,-0.44
07:38:30,321.43,28.0,341.06,32.0,162.33,21.0,343.19,54.0,331.25,19.629999999999995,49.0,86.0,1.5003899493119708,321.43,341.06,135,-37.0,9.0,-0.27
07:38:31,324.15,33.0,339.73,22.0,281.85,33.0,341.84,45.0,331.94,15.580000000000041,66.0,67.0,1.1097972787840746,324.15,339.73,133,-1.0,-2.0,-0.01
07:38:32,328.77,70.0,337.73,33.0,325.25,48.0,338.54,35.0,333.25,8.960000000000036,118.0,68.0,1.0505379574277653,328.77,337.73,186,50.0,53.0,0.27
07:38:33,330.11,54.0,335.56,27.0,328.0,36.0,336.45,22.0,332.83,5.449999999999989,90.0,49.0,0.9398031708801738,330.11000000000007,335.56,139,41.0,-47.0,0.29
07:38:34,331.0,54.0,334.35,17.0,320.76,41.0,336.84,19.0,332.68,3.3500000000000227,95.0,36.0,0.7936308965736848,331.0,334.35,131,59.0,-8.0,0.45
07:38:35,331.0,48.0,333.0,8.0,319.0,36.0,337.77,26.0,332.0,2.0,84.0,34.0,0.5611149614797518,331.0,333.0,118,50.0,-13.0,0.42
07:38:36,325.44,68.0,336.56,54.0,290.94,71.0,340.7,73.0,331.0,11.120000000000005,139.0,127.0,0.8795282826585851,325.44,336.56,266,12.0,148.0,0.05
07:38:37,323.12,40.0,338.0,44.0,320.33,27.0,343.0,99.0,330.56,14.879999999999995,67.0,143.0,1.006469075528984,323.12,338.0,210,-76.0,-56.0,-0.36
07:38:38,331.75,122.0,338.0,80.0,327.45,112.0,342.85,162.0,334.88,6.25,234.0,242.0,1.70143468872487,331.75,338.0,476,-8.0,185.5,-0.02
07:38:39,332.59,44.0,338.0,36.0,331.43,47.0,341.0,36.0,335.3,5.410000000000025,91.0,72.0,2.2057017024059427,332.59,338.0,163,19.0,-186.5,0.12
07:38:40,333.75,120.0,337.32,73.0,332.57,95.0,340.64,56.0,335.53,3.569999999999993,215.0,129.0,2.457047008096649,333.75,337.32,344,86.0,181.0,0.25
07:38:41,335.0,130.0,338.96,46.0,334.0,91.0,340.75,16.0,336.98,3.9599999999999795,221.0,62.0,2.419028730709344,335.0,338.96,283,159.0,-61.0,0.56
07:38:42,335.3,71.0,339.47,53.0,334.56,99.0,340.98,41.0,337.38,4.170000000000016,170.0,94.0,1.09876294076469,335.3,339.46999999999997,264,76.0,-19.0,0.29
07:38:43,336.82,33.0,340.0,15.0,334.8,100.0,344.0,22.0,338.41,3.180000000000007,133.0,37.0,1.303054104785436,336.82,340.0,170,96.0,-94.0,0.56
07:38:44,337.0,27.0,340.0,9.0,333.73,33.0,343.62,16.0,338.5,3.0,60.0,25.0,1.2140634250311715,337.0,340.0,85,35.0,-85.0,0.41
07:38:45,337.36,33.0,340.0,11.0,336.0,22.0,341.0,11.0,338.68,2.6399999999999864,55.0,22.0,0.7590783885730302,337.36,340.0,77,33.0,-8.0,0.43
07:38:46,338.0,36.0,339.2,30.0,336.0,24.0,341.08,12.0,338.6,1.1999999999999886,60.0,42.0,0.5319586450080288,338.0,339.2,102,18.0,25.0,0.18
07:38:47,338.0,30.0,339.0,40.0,336.0,20.0,342.0,10.0,338.5,1.0,50.0,50.0,0.10401922898611164,338.0,339.0,100,0.0,-2.0,0.0
07:38:48,337.12,16.0,338.8,40.0,334.38,13.0,342.0,10.0,337.96,1.6800000000000068,29.0,50.0,0.2830547650170236,337.12,338.8,79,-21.0,-21.0,-0.27
07:38:49,336.0,37.0,338.0,52.0,333.0,13.0,342.0,13.0,337.0,2.0,50.0,65.0,0.7007995433779458,336.0,338.0,115,-15.0,36.0,-0.13
07:38:50,336.0,36.0,337.22,36.0,333.0,9.0,342.22,9.0,336.61,1.2200000000000273,45.0,45.0,0.8930173570533663,336.0,337.22,90,0.0,-25.0,0.0
07:38:51,335.18,22.0,338.64,22.0,332.1,40.0,346.5,32.0,336.91,3.4599999999999795,62.0,54.0,0.798078943462637,335.18,338.64,116,8.0,26.0,0.07
07:38:52,333.0,19.0,341.34,58.0,332.0,114.0,344.54,41.0,337.17,8.339999999999975,133.0,99.0,0.506507650483513,333.0,341.34,232,34.0,116.0,0.15
07:38:53,333.0,14.0,339.41,46.0,332.0,84.0,340.46,52.0,336.21,6.410000000000025,98.0,98.0,0.3778888725514277,333.0,339.41,196,0.0,-36.0,0.0
07:38:54,332.06,89.0,335.89,53.0,326.95,61.0,338.07,80.0,333.97,3.829999999999984,150.0,133.0,1.2828405980471038,332.06,335.89,283,17.0,87.0,0.06
07:38:55,332.0,66.0,333.45,55.0,322.26,19.0,335.0,22.0,332.73,1.4499999999999886,85.0,77.0,1.952106554468133,332.0,333.45,162,8.0,-121.0,0.05
07:38:56,332.4,15.0,335.0,30.0,322.22,27.0,344.0,54.0,333.7,2.6000000000000227,42.0,84.0,1.856011853409647,332.4,335.0,126,-42.0,-36.0,-0.33
07:38:57,332.0,12.0,335.0,24.0,321.5,24.0,344.0,48.0,333.5,3.0,36.0,72.0,1.3072375453591925,332.0,335.0,108,-36.0,-18.0,-0.33
07:38:58,332.0,12.0,334.83,24.0,323.4,20.0,344.0,48.0,333.42,2.829999999999984,32.0,72.0,0.4619848482326152,332.0,334.83,104,-40.0,-4.0,-0.38
07:38:59,330.71,14.0,333.08,26.0,322.88,25.0,344.82,49.0,331.9,2.3700000000000045,39.0,75.0,0.739391641822053,330.71,333.08,114,-36.0,10.0,-0.32
07:39:00,326.81,96.0,331.56,36.0,325.56,61.0,343.18,39.0,329.18,4.75,157.0,75.0,1.9066200460489944,326.81,331.56,232,82.0,118.0,0.35
07:39:01,328.99,194.0,337.94,48.0,328.2,91.0,342.25,44.0,333.46,8.949999999999989,285.0,92.0,1.8664190311920401,328.99,337.94,377,193.0,145.0,0.51
07:39:02,331.87,98.0,341.0,69.0,331.11,239.0,342.35,23.0,336.43,9.129999999999995,337.0,92.0,2.640117421630374,331.87,341.0,429,245.0,52.0,0.57
07:39:03,336.0,11.0,340.38,26.0,332.0,99.0,341.6,15.0,338.19,4.3799999999999955,110.0,41.0,3.5795907587316105,336.0,340.38,151,69.0,-186.5,0.46
07:39:04,336.43,21.0,338.67,30.0,332.11,111.0,342.13,15.0,337.55,2.240000000000009,132.0,45.0,3.7067600407899883,336.43,338.67,177,87.0,26.0,0.49
07:39:05,337.97,149.0,344.0,17.0,336.71,17.0,345.65,69.0,340.98,6.029999999999973,166.0,86.0,2.7339111177942277,337.97,344.0,252,80.0,75.0,0.32
07:39:06,338.0,197.0,344.0,18.0,337.0,27.0,345.0,54.0,341.0,6.0,224.0,72.0,2.0699879226699927,338.0,344.0,296,152.0,44.0,0.51
07:39:07,338.29,42.0,344.0,7.0,337.0,70.0,345.0,27.0,341.14,5.7099999999999795,112.0,34.0,1.7520473737887494,338.29,344.0,146,78.0,-150.0,0.53
07:39:08,339.0,30.0,344.0,5.0,337.0,50.0,345.0,20.0,341.5,5.0,80.0,25.0,1.6256321847208635,339.0,344.0,105,55.0,-41.0,0.52
07:39:09,339.0,66.0,344.0,11.0,337.0,106.0,345.0,44.0,341.5,5.0,172.0,55.0,0.25938388539122437,339.0,344.0,227,117.0,122.0,0.52
07:39:10,339.0,78.0,341.77,31.0,337.26,61.0,343.73,44.0,340.39,2.769999999999982,139.0,75.0,0.4570339155911593,339.0,341.77,214,64.0,-13.0,0.3
07:39:11,339.0,36.0,341.0,12.0,338.0,12.0,342.0,18.0,340.0,2.0,48.0,30.0,0.6796175395032663,339.0,341.0,78,18.0,-136.0,0.23
07:39:12,339.0,64.0,341.03,33.0,338.0,26.0,343.12,25.0,340.02,2.0299999999999727,90.0,58.0,0.7627057099565759,339.0,341.03,148,32.0,70.0,0.22
07:39:13,338.65,23.0,344.53,17.0,337.33,54.0,352.61,23.0,341.59,5.8799999999999955,77.0,40.0,0.787496031736268,338.65,344.53,117,37.0,-31.0,0.32
07:39:14,337.4,30.0,347.0,8.0,336.96,56.0,351.0,8.0,342.2,9.600000000000023,86.0,16.0,0.9990745717915395,337.4,347.0,102,70.0,-15.0,0.69
07:39:15,337.0,36.0,347.0,4.0,336.0,4.0,351.0,4.0,342.0,10.0,40.0,8.0,1.0743928518007932,337.0,347.0,48,32.0,-54.0,0.67
07:39:16,337.0,108.0,346.02,56.0,336.0,12.0,347.33,12.0,341.51,9.019999999999982,120.0,68.0,0.8561717117499416,337.0,346.02,188,52.0,140.0,0.28
07:39:17,337.0,84.0,346.0,55.0,336.0,11.0,352.45,11.0,341.5,9.0,95.0,66.0,0.32023428923365116,337.0,346.0,161,29.0,-27.0,0.18
07:39:18,337.0,40.0,345.7,50.0,336.0,10.0,353.0,20.0,341.35,8.699999999999989,50.0,70.0,0.36670151349694086,337.0,345.7,120,-20.0,-41.0,-0.17
07:39:19,337.18,34.0,345.0,45.0,336.53,15.0,352.0,18.0,341.09,7.819999999999993,49.0,63.0,0.331737848309198,337.18,345.0,112,-14.0,-8.0,-0.12
07:39:20,338.8,30.0,345.0,50.0,337.0,40.0,349.0,40.0,341.9,6.199999999999989,70.0,90.0,0.29419381366846425,338.8,345.0,160,-20.0,48.0,-0.12
07:39:21,338.6,45.0,342.53,75.0,336.94,51.0,348.33,60.0,340.57,3.92999999999995,96.0,135.0,0.4944390761263545,338.6,342.53,231,-39.0,71.0,-0.17
07:39:22,337.0,45.0,342.0,75.0,336.0,15.0,347.6,60.0,339.5,5.0,60.0,135.0,0.9091039544520844,337.0,342.0,195,-75.0,-36.0,-0.38
07:39:23,337.0,30.0,342.0,50.0,336.0,10.0,347.0,40.0,339.5,5.0,40.0,90.0,1.0383014976393656,337.0,342.0,130,-50.0,-65.0,-0.38
07:39:24,337.0,24.0,342.0,40.0,336.0,8.0,347.0,32.0,339.5,5.0,32.0,72.0,1.0602735496087519,337.0,342.0,104,-40.0,-26.0,-0.38
07:39:25,336.25,20.0,342.0,30.0,335.14,7.0,347.0,24.0,339.12,5.75,27.0,54.0,0.5463698381129879,336.25,342.0,81,-27.0,-23.0,-0.33
07:39:26,334.0,60.0,339.68,57.0,333.0,24.0,342.0,29.0,336.84,5.680000000000007,84.0,86.0,1.1588442518298958,334.0,339.68000000000006,170,-2.0,89.0,-0.01
07:39:27,334.0,75.0,337.67,60.0,333.0,30.0,338.96,45.0,335.83,3.670000000000016,105.0,105.0,1.7090991779293594,334.0,337.67,210,0.0,40.0,0.0
07:39:28,333.94,62.0,337.45,49.0,332.82,34.0,340.77,60.0,335.69,3.509999999999991,96.0,109.0,1.8076863666019147,333.94,337.45,205,-13.0,-5.0,-0.06
07:39:29,333.0,12.0,347.0,24.0,332.0,18.0,351.0,6.0,340.0,14.0,30.0,30.0,1.9605432920490466,333.0,347.0,60,0.0,-145.0,0.0
07:39:30,333.0,22.0,346.98,41.0,332.0,33.0,348.09,22.0,339.99,13.980000000000018,55.0,63.0,2.168305790242383,333.0,346.98,118,-8.0,58.0,-0.07
07:39:31,333.69,26.0,345.0,11.0,332.06,32.0,347.0,60.0,339.35,11.310000000000002,58.0,71.0,2.218089267815654,333.69,345.0,129,-13.0,11.0,-0.1
07:39:32,336.0,72.0,344.58,12.0,333.0,24.0,347.0,60.0,340.29,8.579999999999984,96.0,72.0,1.917180221053698,336.0,344.58,168,24.0,39.0,0.14
07:39:33,336.0,96.0,342.21,38.0,333.0,73.0,344.62,21.0,339.11,6.2099999999999795,169.0,59.0,0.4952978901629338,336.0,342.21,228,110.0,60.0,0.48
07:39:34,336.0,48.0,341.43,21.0,333.0,135.0,342.14,21.0,338.71,5.430000000000007,183.0,42.0,0.6446704584512548,336.0,341.43,225,141.0,-3.0,0.63
07:39:35,336.0,56.0,339.8,15.0,333.0,210.0,341.1,29.0,337.9,3.8000000000000114,266.0,44.0,0.8756254907205394,336.0,339.8,310,222.0,85.0,0.72
07:39:36,336.0,30.0,337.16,31.0,333.0,165.0,339.33,12.0,336.58,1.160000000000025,195.0,43.0,1.3842940439080627,336.0,337.16,238,152.0,-72.0,0.64
07:39:37,333.06,107.0,336.43,23.0,332.19,78.0,338.1,10.0,334.75,3.3700000000000045,185.0,33.0,1.7737389886899297,333.06,336.43,218,152.0,-20.0,0.7
07:39:38,333.0,137.0,334.88,24.0,332.0,90.0,338.77,26.0,333.94,1.8799999999999955,227.0,50.0,2.0242109573851805,333.0,334.88,277,177.0,59.0,0.64
07:39:39,333.0,105.0,335.54,26.0,332.0,81.0,345.4,20.0,334.27,2.5400000000000205,186.0,46.0,1.6907601840586017,333.0,335.54,232,140.0,-45.0,0.6
07:39:40,333.88,100.0,345.0,26.0,332.69,117.0,347.0,52.0,339.44,11.120000000000005,217.0,78.0,2.278207628816577,333.88,345.0,295,139.0,63.0,0.47
07:39:41,335.58,76.0,346.87,62.0,333.0,172.0,349.33,36.0,341.22,11.29000000000002,248.0,98.0,3.3637820975798247,335.58,346.87,346,150.0,51.0,0.43
07:39:42,336.0,112.0,346.0,56.0,333.0,154.0,347.0,20.0,341.0,10.0,266.0,76.0,3.5998305515675493,336.0,346.0,342,190.0,-4.0,0.56
07:39:43,336.47,60.0,345.36,56.0,334.43,84.0,347.63,19.0,340.91,8.889999999999986,144.0,75.0,2.9353824282365237,336.47,345.36,219,69.0,-123.0,0.32
07:39:44,336.43,28.0,344.88,64.0,334.71,84.0,349.0,96.0,340.65,8.449999999999989,112.0,160.0,0.703370457156267,336.43,344.88,272,-48.0,53.0,-0.18
07:39:45,337.4,57.0,343.24,68.0,335.69,67.0,347.6,60.0,340.32,5.840000000000032,124.0,128.0,0.34619358746269535,337.4,343.24,252,-4.0,-20.0,-0.02
07:39:46,338.67,108.0,341.75,48.0,337.0,24.0,350.23,35.0,340.21,3.079999999999984,132.0,83.0,0.34909883987236384,338.67,341.75,215,49.0,-37.0,0.23
07:39:47,339.0,97.0,340.0,52.0,337.0,26.0,343.62,47.0,339.5,1.0,123.0,99.0,0.5342003369524796,339.0,340.0,222,24.0,7.0,0.11
07:39:48,339.0,36.0,340.0,32.0,337.0,16.0,349.0,24.0,339.5,1.0,52.0,56.0,0.5153930538919281,339.0,340.0,108,-4.0,-114.0,-0.04
07:39:49,339.0,16.0,340.0,16.0,337.0,8.0,349.0,12.0,339.5,1.0,24.0,28.0,0.4208087451562757,339.0,340.0,52,-4.0,-56.0,-0.08
07:39:50,339.0,32.0,340.0,32.0,337.0,16.0,349.0,24.0,339.5,1.0,48.0,56.0,0.3175216528049224,339.0,340.0,104,-8.0,52.0,-0.08
07:39:51,338.88,33.0,340.63,43.0,336.83,24.0,349.06,31.0,339.75,1.75,57.0,74.0,0.11180339887482411,338.88,340.63,131,-17.0,27.0,-0.13
07:39:52,336.8,20.0,347.32,22.0,335.76,34.0,348.39,28.0,342.06,10.519999999999982,54.0,50.0,1.1221497226306405,336.8,347.32,104,4.0,-27.0,0.04
07:39:53,330.75,40.0,345.81,31.0,328.11,44.0,346.14,35.0,338.28,15.060000000000002,84.0,66.0,1.3783033047918019,330.75,345.81,150,18.0,46.0,0.12
07:39:54,333.0,10.0,340.25,36.0,330.0,60.0,344.44,16.0,336.62,7.25,70.0,52.0,2.0041257445579426,333.0,340.25,122,18.0,-28.0,0.15
07:39:55,333.0,12.0,339.91,44.0,330.0,72.0,344.4,20.0,336.45,6.910000000000025,84.0,64.0,2.341702372206996,333.0,339.91,148,20.0,26.0,0.14
07:39:56,333.99,73.0,343.48,29.0,332.0,18.0,344.35,23.0,338.73,9.490000000000009,91.0,52.0,2.263066503662641,333.99,343.48,143,39.0,-5.0,0.27
07:39:57,335.67,36.0,340.0,33.0,333.98,61.0,341.0,11.0,337.83,4.329999999999984,97.0,44.0,1.0091432009382149,335.67,340.0,141,53.0,-2.0,0.38
07:39:58,336.0,33.0,338.37,49.0,334.0,66.0,340.11,27.0,337.18,2.3700000000000045,99.0,76.0,0.9361997650073632,336.0,338.37,175,23.0,34.0,0.13
07:39:59,336.0,45.0,337.29,51.0,334.0,90.0,341.72,29.0,336.65,1.2900000000000205,135.0,80.0,0.9303332736174961,336.0,337.29,215,55.0,40.0,0.26
07:40:00,334.25,48.0,346.08,26.0,333.6,20.0,351.8,20.0,340.16,11.829999999999984,68.0,46.0,1.3839978323682167,334.25,346.08,114,22.0,-101.0,0.19
07:40:01,334.0,30.0,349.0,30.0,333.0,10.0,354.0,20.0,341.5,15.0,40.0,50.0,2.075748057929962,334.0,349.0,90,-10.0,-24.0,-0.11
07:40:02,335.43,42.0,346.31,36.0,333.88,34.0,348.5,36.0,340.87,10.879999999999995,76.0,72.0,2.2111919862373077,335.43,346.31,148,4.0,58.0,0.03
07:40:03,336.99,227.0,342.59,61.0,335.9,59.0,343.88,41.0,339.79,5.599999999999966,286.0,102.0,1.8766272938439832,336.99,342.59,388,184.0,185.5,0.47
07:40:04,337.65,173.0,341.77,52.0,336.77,235.0,342.12,68.0,339.71,4.1200000000000045,408.0,120.0,0.7642839786363874,337.65,341.77000000000004,528,288.0,140.0,0.55
07:40:05,338.32,97.0,341.69,54.0,336.85,213.0,345.72,96.0,340.0,3.3700000000000045,310.0,150.0,0.7803396696312831,338.32,341.69,460,160.0,-68.0,0.35
07:40:06,337.0,88.0,341.12,40.0,336.0,88.0,349.0,24.0,339.06,4.1200000000000045,176.0,64.0,0.6526331281816266,337.0,341.12,240,112.0,-186.5,0.47
07:40:07,337.0,88.0,339.12,40.0,336.0,88.0,349.0,35.0,338.06,2.1200000000000045,176.0,75.0,0.7890690717548066,337.0,339.12,251,101.0,11.0,0.4
07:40:08,337.0,49.0,339.0,45.0,336.0,99.0,349.0,36.0,338.0,2.0,148.0,81.0,0.9199891303705131,337.0,339.0,229,67.0,-22.0,0.29
07:40:09,336.21,42.0,342.28,25.0,335.57,42.0,349.36,22.0,339.25,6.069999999999993,84.0,47.0,0.8471009384954514,336.21,342.28,131,37.0,-98.0,0.28
07:40:10,336.0,55.0,347.0,30.0,334.0,15.0,351.0,15.0,341.5,11.0,70.0,45.0,1.4184780576378275,336.0,347.0,115,25.0,-16.0,0.22
07:40:11,336.0,110.0,346.75,48.0,334.0,45.0,348.71,42.0,341.38,10.75,155.0,90.0,1.7193952425199228,336.0,346.75,245,65.0,130.0,0.27
07:40:12,336.0,99.0,346.0,27.0,333.71,17.0,347.0,54.0,341.0,10.0,116.0,81.0,1.537979193617512,336.0,346.0,197,35.0,-48.0,0.18
07:40:13,336.0,66.0,345.23,26.0,333.0,6.0,346.43,28.0,340.62,9.230000000000018,72.0,54.0,0.9067524469228575,336.0,345.22999999999996,126,18.0,-71.0,0.14
07:40:14,336.0,110.0,345.0,84.0,333.99,91.0,346.0,46.0,340.5,9.0,201.0,130.0,0.44407206622427803,336.0,345.0,331,71.0,185.5,0.21
07:40:15,336.0,55.0,345.0,45.0,334.0,50.0,346.0,20.0,340.5,9.0,105.0,65.0,0.38366652186581585,336.0,345.0,170,40.0,-161.0,0.24
07:40:16,336.0,99.0,342.12,33.0,334.0,90.0,343.65,37.0,339.06,6.1200000000000045,189.0,70.0,0.7422129074601364,336.0,342.12,259,119.0,89.0,0.46
07:40:17,336.0,75.0,337.74,27.0,334.0,120.0,345.26,39.0,336.87,1.740000000000009,195.0,66.0,1.6096894110355782,336.0,337.74,261,129.0,2.0,0.49
07:40:18,336.0,24.0,349.33,48.0,333.67,30.0,351.93,45.0,342.67,13.329999999999984,54.0,93.0,2.1376037986493768,336.0,349.33,147,-39.0,-114.0,-0.27
07:40:19,336.0,22.0,349.0,52.0,333.0,11.0,352.0,44.0,342.5,13.0,33.0,96.0,2.4391289428811294,336.0,349.0,129,-63.0,-18.0,-0.49
07:40:20,334.5,12.0,349.0,18.0,332.2,15.0,352.0,36.0,341.75,14.5,27.0,54.0,2.5247475121287937,334.5,349.0,81,-27.0,-48.0,-0.33
07:40:21,334.95,79.0,347.26,46.0,332.24,21.0,350.12,32.0,341.11,12.310000000000002,100.0,78.0,2.380567159313243,334.95,347.26,178,22.0,97.0,0.12
07:40:22,335.0,84.0,346.58,48.0,332.0,24.0,347.37,38.0,340.79,11.579999999999984,108.0,86.0,0.8275143503294397,335.0,346.58,194,22.0,16.0,0.11
07:40:23,335.0,71.0,345.07,56.0,332.0,28.0,347.0,100.0,340.04,10.069999999999993,99.0,156.0,0.9363599735149128,335.0,345.07,255,-57.0,61.0,-0.22
07:40:24,335.0,36.0,342.67,36.0,332.0,18.0,347.68,50.0,338.83,7.670000000000016,54.0,86.0,1.120169630011663,335.0,342.67,140,-32.0,-115.0,-0.23
07:40:25,335.0,40.0,341.4,40.0,332.0,20.0,348.0,80.0,338.2,6.399999999999977,60.0,120.0,1.2504519183079918,335.0,341.4,180,-60.0,40.0,-0.33
07:40:26,335.5,32.0,340.67,48.0,334.4,40.0,348.0,36.0,338.08,5.170000000000016,72.0,84.0,1.1857782254704474,335.5,340.67,156,-12.0,-24.0,-0.08
07:40:27,335.16,25.0,339.33,36.0,331.58,66.0,348.0,24.0,337.25,4.169999999999959,91.0,60.0,1.0377138333854523,335.16,339.33,151,31.0,-5.0,0.21
07:40:28,335.49,71.0,337.24,68.0,332.08,72.0,346.17,46.0,336.36,1.75,143.0,114.0,0.9565197331990709,335.49,337.24,257,29.0,106.0,0.11
07:40:29,336.0,80.0,337.43,46.0,335.0,36.0,343.55,42.0,336.72,1.4300000000000068,116.0,88.0,0.8121699329568238,336.0,337.43,204,28.0,-53.0,0.14
07:40:30,336.0,12.0,347.0,8.0,335.0,12.0,353.0,20.0,341.5,11.0,24.0,28.0,2.070342966756794,336.0,347.0,52,-4.0,-152.0,-0.08
07:40:31,336.0,51.0,346.13,46.0,335.0,51.0,352.43,82.0,341.07,10.129999999999995,102.0,128.0,2.49416318632112,336.0,346.13,230,-26.0,178.0,-0.11
07:40:32,336.0,18.0,345.4,10.0,335.0,18.0,349.33,18.0,340.7,9.399999999999977,36.0,28.0,2.5113940351923527,336.0,345.4,64,8.0,-166.0,0.12
07:40:33,335.53,17.0,344.0,11.0,332.28,95.0,346.0,22.0,339.76,8.470000000000027,112.0,33.0,1.9162724232217034,335.53,344.0,145,79.0,81.0,0.54
07:40:34,335.0,9.0,343.22,9.0,332.0,99.0,346.0,18.0,339.11,8.220000000000027,108.0,27.0,0.9770721570079571,335.0,343.22,135,81.0,-10.0,0.6
07:40:35,335.0,6.0,341.33,6.0,332.0,66.0,346.0,12.0,338.17,6.329999999999984,72.0,18.0,1.1779516119094093,335.0,341.33,90,54.0,-45.0,0.6
07:40:36,335.0,11.0,339.73,11.0,332.0,121.0,346.73,22.0,337.36,4.730000000000018,132.0,33.0,1.309217323441654,335.0,339.73,165,99.0,75.0,0.6
07:40:37,332.25,48.0,338.08,13.0,331.66,53.0,347.15,26.0,335.16,5.829999999999984,101.0,39.0,1.7885105535051649,332.25,338.08,140,62.0,-25.0,0.44
07:40:38,332.05,44.0,337.28,18.0,330.8,20.0,346.11,70.0,334.66,5.229999999999961,64.0,88.0,1.9205129523122157,332.05,337.28,152,-24.0,12.0,-0.16
07:40:39,331.67,36.0,334.5,36.0,327.9,42.0,341.37,52.0,333.08,2.829999999999984,78.0,88.0,2.067191331250843,331.67,334.5,166,-10.0,14.0,-0.06
07:40:40,331.68,31.0,344.95,22.0,329.44,18.0,347.7,50.0,338.32,13.269999999999982,49.0,72.0,2.1128369553750788,331.68,344.95,121,-23.0,-45.0,-0.19
07:40:41,330.0,10.0,344.95,43.0,329.0,20.0,345.86,28.0,337.48,14.949999999999989,30.0,71.0,2.1367264682215756,330.0,344.95,101,-41.0,-20.0,-0.41
07:40:42,333.5,12.0,343.13,31.0,329.52,21.0,344.61,51.0,338.31,9.629999999999995,33.0,82.0,2.3741524803598733,333.5,343.13,115,-49.0,14.0,-0.43
07:40:43,336.0,16.0,341.23,62.0,330.0,48.0,342.57,47.0,338.61,5.230000000000018,64.0,109.0,2.3194503659270866,336.0,341.23,173,-45.0,58.0,-0.26
07:40:44,333.3,20.0,338.0,54.0,328.4,45.0,342.4,48.0,335.65,4.699999999999989,65.0,102.0,1.20748913038564,333.3,338.0,167,-37.0,-6.0,-0.22
07:40:45,327.71,63.0,332.48,52.0,321.56,86.0,335.94,53.0,330.1,4.770000000000039,149.0,105.0,3.50950851259814,327.71,332.47999999999996,254,44.0,87.0,0.17
07:40:46,326.86,78.0,330.9,49.0,323.12,68.0,331.41,51.0,328.88,4.039999999999964,146.0,100.0,4.5687689808085175,326.86,330.9,246,46.0,-8.0,0.19
07:40:47,328.0,20.0,340.0,8.0,326.0,20.0,343.0,4.0,334.0,12.0,40.0,12.0,3.9961068554278825,328.0,340.0,52,28.0,-186.5,0.54
07:40:48,328.0,70.0,337.0,14.0,326.0,70.0,339.36,28.0,332.5,9.0,140.0,42.0,2.7686422665265145,328.0,337.0,182,98.0,130.0,0.54
07:40:49,328.33,60.0,337.0,12.0,325.15,59.0,339.0,24.0,332.67,8.670000000000016,119.0,36.0,2.0831946620507633,328.33,337.0,155,83.0,-27.0,0.54
07:40:50,328.57,42.0,337.0,11.0,324.49,69.0,339.0,22.0,332.79,8.430000000000007,111.0,33.0,1.9310800086990525,328.57,337.0,144,78.0,-11.0,0.54
07:40:51,326.94,35.0,335.09,67.0,325.02,100.0,336.35,20.0,331.02,8.149999999999977,135.0,87.0,1.0615224915174315,326.94,335.09,222,48.0,78.0,0.22
07:40:52,327.0,126.0,332.89,87.0,326.0,36.0,335.66,50.0,329.94,5.889999999999986,162.0,137.0,1.2543643808706133,327.0,332.89,299,25.0,77.0,0.08
07:40:53,327.0,105.0,330.28,71.0,325.02,100.0,331.44,50.0,328.64,3.2799999999999727,205.0,121.0,1.7808621507563192,327.0,330.28,326,84.0,27.0,0.26
07:40:54,327.0,98.0,329.12,49.0,325.0,98.0,334.74,38.0,328.06,2.1200000000000045,196.0,87.0,1.8974192999955803,327.0,329.12,283,109.0,-43.0,0.39
07:40:55,327.0,37.0,329.0,44.0,325.0,77.0,337.67,36.0,328.0,2.0,114.0,80.0,1.3124480942098113,327.0,329.0,194,34.0,-89.0,0.18
07:40:56,325.23,87.0,334.62,42.0,323.84,57.0,341.5,32.0,329.92,9.389999999999986,144.0,74.0,0.9623512872100519,325.23,334.62,218,70.0,24.0,0.32
07:40:57,328.78,78.0,338.64,44.0,323.69,83.0,339.64,45.0,333.71,9.860000000000014,161.0,89.0,2.388823978445323,328.78,338.64,250,72.0,32.0,0.29
07:40:58,333.0,52.0,336.69,26.0,322.0,111.0,338.68,34.0,334.85,3.6899999999999977,163.0,60.0,3.198995154731594,333.0,336.69,223,103.0,-27.0,0.46
07:40:59,333.0,42.0,334.5,24.0,322.0,84.0,337.0,27.0,333.75,1.5,126.0,51.0,2.9336376736054155,333.0,334.5,177,75.0,-46.0,0.42
07:41:00,333.53,17.0,339.36,22.0,323.2,55.0,342.08,25.0,336.45,5.830000000000041,72.0,47.0,2.406736379414697,333.53,339.36,119,25.0,-58.0,0.21
07:41:01,336.0,15.0,344.0,22.0,333.0,50.0,346.0,33.0,340.0,8.0,65.0,55.0,2.623169838191915,336.0,344.0,120,10.0,1.0,0.08
07:41:02,336.62,48.0,344.0,32.0,334.36,66.0,346.0,48.0,340.31,7.3799999999999955,114.0,80.0,2.975637746769736,336.62,344.0,194,34.0,74.0,0.18
07:41:03,336.07,43.0,344.0,26.0,333.03,37.0,346.0,39.0,340.03,7.930000000000007,80.0,65.0,2.9096254054434088,336.07,344.0,145,15.0,-49.0,0.1
07:41:04,333.0,17.0,344.0,10.0,331.0,55.0,346.0,15.0,338.5,11.0,72.0,25.0,1.6211631626713292,333.0,344.0,97,47.0,-48.0,0.48
07:41:05,335.62,8.0,344.0,16.0,331.78,18.0,346.0,24.0,339.81,8.379999999999995,26.0,40.0,0.7103872183556398,335.62,344.0,66,-14.0,-31.0,-0.21
07:41:06,336.0,10.0,343.6,20.0,333.0,10.0,345.38,26.0,339.8,7.600000000000023,20.0,46.0,0.6968859304097275,336.0,343.6,66,-26.0,0.0,-0.39
07:41:07,336.0,10.0,343.0,20.0,333.0,10.0,345.39,33.0,339.5,7.0,20.0,53.0,0.6047892194830292,336.0,343.0,73,-33.0,7.0,-0.45
07:41:08,336.0,15.0,342.44,45.0,333.0,15.0,344.24,33.0,339.22,6.439999999999998,30.0,78.0,0.5419225036873465,336.0,342.44,108,-48.0,35.0,-0.44
07:41:09,336.42,19.0,339.53,62.0,333.8,15.0,341.12,69.0,337.98,3.109999999999957,34.0,131.0,0.7569147904504422,336.42,339.53,165,-97.0,57.0,-0.59
07:41:10,335.03,31.0,337.92,50.0,332.36,74.0,339.57,61.0,336.48,2.890000000000043,105.0,111.0,1.3705035570920439,335.03,337.92,216,-6.0,51.0,-0.03
07:41:11,332.0,129.0,335.94,34.0,331.0,11.0,343.25,32.0,333.97,3.9399999999999977,140.0,66.0,2.272971623228221,332.0,335.94,206,74.0,-10.0,0.36
07:41:12,332.06,108.0,333.93,60.0,331.78,54.0,335.5,48.0,332.99,1.8700000000000045,162.0,108.0,2.627654847958427,332.06,333.93,270,54.0,64.0,0.2
07:41:13,332.0,50.0,333.27,22.0,331.0,10.0,334.43,28.0,332.64,1.2699999999999818,60.0,50.0,2.3218893169137007,332.0,333.27,110,10.0,-160.0,0.09
07:41:14,329.0,16.0,332.82,17.0,324.53,34.0,339.4,30.0,330.91,3.819999999999993,50.0,47.0,2.0467706271090216,329.0,332.82,97,3.0,-13.0,0.03
07:41:15,325.0,39.0,334.67,30.0,323.0,91.0,345.05,41.0,329.83,9.670000000000016,130.0,71.0,1.6691674571457993,325.0,334.67,201,59.0,104.0,0.29
07:41:16,325.0,24.0,336.66,29.0,323.0,56.0,342.75,16.0,330.83,11.660000000000025,80.0,45.0,1.3311273417647647,325.0,336.66,125,35.0,-76.0,0.28
07:41:17,325.0,33.0,329.0,33.0,323.0,77.0,339.0,22.0,327.0,4.0,110.0,55.0,2.0750108433432604,325.0,329.0,165,55.0,40.0,0.33
07:41:18,325.0,24.0,329.0,24.0,322.35,55.0,338.5,16.0,327.0,4.0,79.0,40.0,1.9761654788986105,325.0,329.0,119,39.0,-46.0,0.33
07:41:19,325.0,21.0,329.0,21.0,317.31,39.0,338.43,14.0,327.0,4.0,60.0,35.0,1.8578670565973,325.0,329.0,95,25.0,-24.0,0.26
07:41:20,325.33,18.0,329.0,26.0,322.2,30.0,339.0,20.0,327.17,3.670000000000016,48.0,46.0,1.6954203018687843,325.33,329.0,94,2.0,-1.0,0.02
07:41:21,324.64,11.0,329.0,18.0,320.89,27.0,339.0,18.0,326.82,4.360000000000014,38.0,36.0,0.12377398752517056,324.64,329.0,74,2.0,-20.0,0.03
07:41:23,321.94,54.0,328.72,25.0,318.26,70.0,334.62,32.0,325.33,6.78000000000003,124.0,57.0,1.1663318567144247,321.94,328.72,181,67.0,71.0,0.37
07:41:27,329.35,34.0,340.51,63.0,318.89,57.0,341.17,47.0,334.93,11.159999999999968,91.0,110.0,5.053268249359692,329.35,340.51,201,-19.0,16.0,-0.09
07:41:28,321.72,29.0,339.88,68.0,319.94,33.0,340.9,30.0,330.8,18.159999999999968,62.0,98.0,5.421426933934277,321.72,339.88,160,-36.0,-41.0,-0.23
07:41:29,331.19,32.0,337.71,28.0,328.24,29.0,340.57,14.0,334.45,6.519999999999982,61.0,42.0,5.640361690529296,331.19,337.71,103,19.0,-57.0,0.18
07:41:30,331.0,18.0,335.5,16.0,323.0,6.0,336.4,20.0,333.25,4.5,24.0,36.0,4.23420358509047,331.0,335.5,60,-12.0,-43.0,-0.2
07:41:31,330.2,20.0,332.6,20.0,320.8,30.0,335.5,24.0,331.4,2.400000000000034,50.0,44.0,1.8223693368783742,330.2,332.6,94,6.0,34.0,0.06
07:41:32,324.0,15.0,328.94,17.0,320.0,165.0,332.4,30.0,326.47,4.939999999999998,180.0,47.0,3.054116893635909,324.0,328.94,227,133.0,133.0,0.59
07:41:46,327.93,72.0,333.0,84.0,326.66,114.0,408.55,44.0,330.47,5.069999999999993,186.0,128.0,4.636887965002055,327.93,333.0,314,58.0,20.0,0.18
07:41:47,332.0,64.0,333.0,48.0,331.0,72.0,352.88,8.0,332.5,1.0,136.0,56.0,6.090143676464793,332.0,333.0,192,80.0,-122.0,0.42
07:41:48,332.0,68.0,333.0,66.0,331.0,99.0,548.5,32.0,332.5,1.0,167.0,98.0,5.898858364123312,332.0,333.0,265,69.0,73.0,0.26
07:41:49,332.0,33.0,333.0,66.0,331.0,99.0,466.11,38.0,332.5,1.0,132.0,104.0,4.571966754033841,332.0,333.0,236,28.0,-29.0,0.12
07:41:50,332.0,26.0,333.0,60.0,331.0,90.0,376.0,20.0,332.5,1.0,116.0,80.0,0.907843598861239,332.0,333.0,196,36.0,-40.0,0.18
07:41:51,331.01,99.0,333.0,90.0,327.36,44.0,403.06,34.0,332.01,1.990000000000009,143.0,124.0,0.2191346617807451,331.01,333.0,267,19.0,71.0,0.07
07:41:53,332.0,36.0,334.0,24.0,331.0,60.0,407.78,18.0,333.0,2.0,96.0,42.0,17.998161017170734,332.0,334.0,138,54.0,-29.0,0.39
07:41:54,332.67,36.0,376.67,36.0,331.0,60.0,459.89,36.0,354.67,44.0,96.0,72.0,18.248324032634077,332.67,376.67,168,24.0,30.0,0.14
07:41:57,334.0,140.0,392.86,7.0,333.0,21.0,497.94,16.0,363.43,58.860000000000014,161.0,23.0,13.803338364324235,334.0,392.86,184,138.0,-174.0,0.75
07:41:58,334.0,180.0,376.56,9.0,333.0,27.0,380.89,9.0,355.28,42.56,207.0,18.0,5.418360453128886,334.0,376.56,225,189.0,41.0,0.84
07:41:59,334.69,260.0,372.46,13.0,333.0,39.0,373.46,13.0,353.58,37.76999999999998,299.0,26.0,5.740794370122558,334.69,372.46,325,273.0,100.0,0.84
07:42:00,336.92,260.0,371.54,13.0,333.0,39.0,372.54,13.0,354.23,34.620000000000005,299.0,26.0,5.495204272820754,336.92,371.54,325,273.0,0.0,0.84
07:42:01,337.0,220.0,370.36,14.0,333.0,54.0,372.0,14.0,353.68,33.360000000000014,274.0,28.0,4.185898947660352,337.0,370.36,302,246.0,-23.0,0.81
07:42:02,337.94,136.0,368.92,13.0,336.06,130.0,371.31,13.0,353.43,30.980000000000018,266.0,26.0,0.7561415211592394,337.94,368.92,292,240.0,-10.0,0.82
07:42:03,339.0,63.0,368.0,15.0,337.0,154.0,369.0,9.0,353.5,29.0,217.0,24.0,0.3191081321754146,339.0,368.0,241,193.0,-51.0,0.8
07:42:04,339.0,44.0,342.0,24.0,337.06,70.0,368.0,18.0,340.5,3.0,114.0,42.0,5.916018086518717,339.0,342.0,156,72.0,-85.0,0.46
07:42:05,338.67,15.0,341.35,23.0,337.38,26.0,353.25,24.0,340.01,2.680000000000007,41.0,47.0,7.277302384813497,338.67,341.35,88,-6.0,-68.0,-0.07
07:42:06,338.0,10.0,340.3,10.0,337.0,50.0,363.22,18.0,339.15,2.3000000000000114,60.0,28.0,7.452883334656975,338.0,340.3,88,32.0,0.0,0.36
07:42:07,337.3,23.0,340.0,11.0,336.59,44.0,476.0,26.0,338.65,2.6999999999999886,67.0,37.0,6.2679717612639925,337.3,340.0,104,30.0,16.0,0.29
07:42:08,337.0,35.0,338.9,10.0,333.0,34.0,423.25,16.0,337.95,1.8999999999999773,69.0,26.0,1.024704835549128,337.0,338.9,95,43.0,-9.0,0.45
07:42:09,337.0,22.0,368.44,9.0,335.0,18.0,460.71,14.0,352.72,31.439999999999998,40.0,23.0,6.208138207224612,337.0,368.44,63,17.0,-32.0,0.27
07:42:10,337.0,16.0,370.0,8.0,335.0,16.0,529.94,17.0,353.5,33.0,32.0,25.0,7.972761754875569,337.0,370.0,57,7.0,-6.0,0.12
07:42:17,334.33,12.0,391.93,14.0,333.09,35.0,399.41,22.0,363.13,57.60000000000002,47.0,36.0,5.095245823318875,334.33,391.93,83,11.0,-41.0,0.13
07:42:18,332.95,43.0,390.1,39.0,331.94,32.0,391.63,19.0,361.53,57.150000000000034,75.0,58.0,6.010149748554302,332.95,390.1,133,17.0,50.0,0.13
07:42:19,332.0,24.0,387.33,18.0,331.0,24.0,388.74,38.0,359.67,55.329999999999984,48.0,56.0,5.946081062350389,332.0,387.33,104,-8.0,-29.0,-0.08
07:42:20,332.0,24.0,372.1,29.0,331.0,24.0,384.98,40.0,352.05,40.10000000000002,48.0,69.0,6.42030528869416,332.0,372.1,117,-21.0,13.0,-0.18
07:42:21,332.33,15.0,348.0,10.0,331.5,20.0,351.2,20.0,340.17,15.670000000000016,35.0,30.0,9.469656804764558,332.33,348.0,65,5.0,-52.0,0.08
07:42:22,332.71,24.0,344.24,29.0,328.37,71.0,350.77,47.0,338.47,11.53000000000003,95.0,76.0,10.718065123893181,332.71,344.24,171,19.0,106.0,0.11
07:42:23,336.0,15.0,338.54,39.0,331.07,30.0,340.25,24.0,337.27,2.5400000000000205,45.0,63.0,9.864718951901676,336.0,338.54,108,-18.0,-63.0,-0.17
07:42:24,332.19,21.0,336.67,36.0,331.09,22.0,338.92,25.0,334.43,4.480000000000018,43.0,61.0,6.799038167270433,332.19,336.67,104,-18.0,-4.0,-0.17
07:42:25,332.0,20.0,334.82,22.0,331.0,20.0,335.67,36.0,333.41,2.819999999999993,40.0,58.0,2.8046033587647043,332.0,334.82,98,-18.0,-6.0,-0.18
07:42:26,331.54,26.0,335.56,39.0,329.41,34.0,336.95,41.0,333.55,4.019999999999982,60.0,80.0,2.3044478731340607,331.54,335.56,140,-20.0,42.0,-0.14
07:42:27,332.5,10.0,335.76,21.0,331.05,19.0,337.21,29.0,334.13,3.259999999999991,29.0,50.0,1.5722976817354373,332.5,335.76,79,-21.0,-61.0,-0.27
07:42:28,332.06,16.0,334.08,26.0,327.3,37.0,337.0,39.0,333.07,2.019999999999982,53.0,65.0,0.5521956175027304,332.06,334.08,118,-12.0,39.0,-0.1
07:42:29,326.28,64.0,332.94,32.0,323.54,74.0,334.93,29.0,329.61,6.660000000000025,138.0,61.0,1.7987440062409086,326.28,332.94,199,77.0,81.0,0.39
07:42:30,326.0,16.0,333.0,16.0,325.0,43.0,334.0,16.0,329.5,7.0,59.0,32.0,2.238441422058283,326.0,333.0,91,27.0,-108.0,0.3
07:42:31,326.6,20.0,330.66,32.0,325.0,10.0,331.57,44.0,328.63,4.060000000000002,30.0,76.0,2.4433624372951157,326.6,330.66,106,-46.0,15.0,-0.43
07:42:32,321.04,48.0,331.13,30.0,316.8,41.0,334.1,59.0,326.09,10.089999999999975,89.0,89.0,2.5034975534204578,321.04,331.13,178,0.0,72.0,0.0
07:42:38,322.0,39.0,335.13,30.0,320.0,91.0,337.1,50.0,328.57,13.129999999999995,130.0,80.0,0.11045361008505786,322.0,335.13,210,50.0,45.0,0.24
07:42:39,323.0,39.0,337.24,50.0,320.0,91.0,339.2,41.0,330.12,14.240000000000009,130.0,91.0,0.7492529612763584,323.0,337.24,221,39.0,11.0,0.18
07:42:40,326.65,51.0,339.0,36.0,321.76,51.0,340.0,48.0,332.82,12.350000000000023,102.0,84.0,1.875345301533299,326.65,339.0,186,18.0,-35.0,0.1
07:42:41,324.92,36.0,336.86,42.0,323.74,47.0,339.47,34.0,330.89,11.939999999999998,83.0,76.0,1.7952576416726072,324.92,336.86,159,7.0,-27.0,0.04
07:42:42,328.92,48.0,336.0,70.0,324.25,73.0,339.0,42.0,332.46,7.079999999999984,121.0,112.0,1.7415137093876945,328.92,336.0,233,9.0,74.0,0.04
07:42:43,328.82,55.0,336.0,70.0,324.95,42.0,339.0,42.0,332.41,7.180000000000007,97.0,112.0,1.170534066136743,328.82,336.0,209,-15.0,-24.0,-0.07
07:42:44,329.88,48.0,336.0,40.0,328.0,16.0,339.0,24.0,332.94,6.1200000000000045,64.0,64.0,0.8224536461026541,329.88,336.0,128,0.0,-81.0,0.0
07:42:45,332.22,36.0,337.75,36.0,331.25,32.0,339.8,44.0,334.99,5.529999999999973,68.0,80.0,1.4758285808278357,332.22,337.75,148,-12.0,20.0,-0.08
07:42:46,335.87,31.0,339.0,42.0,332.31,64.0,340.0,70.0,337.44,3.1299999999999955,95.0,112.0,2.1694169723662005,335.87,339.0,207,-17.0,59.0,-0.08
07:42:47,336.56,36.0,339.0,45.0,333.33,45.0,340.0,75.0,337.78,2.4399999999999977,81.0,120.0,2.4784612161565733,336.56,339.0,201,-39.0,-6.0,-0.19
07:42:48,336.0,20.0,339.0,15.0,333.0,30.0,340.0,25.0,337.5,3.0,50.0,40.0,2.1089807964972467,336.0,339.0,90,10.0,-111.0,0.11
07:42:49,336.0,28.0,339.0,21.0,333.0,42.0,340.0,35.0,337.5,3.0,70.0,56.0,1.1546947648602655,336.0,339.0,126,14.0,36.0,0.11
07:42:50,336.0,28.0,339.0,24.0,333.0,48.0,340.0,40.0,337.5,3.0,76.0,64.0,0.13446189049893306,336.0,339.0,140,12.0,14.0,0.09
07:42:51,336.0,14.0,339.0,21.0,333.0,42.0,340.0,35.0,337.5,3.0,56.0,56.0,0.1252198067262833,336.0,339.0,112,0.0,-28.0,0.0
07:42:52,334.88,16.0,339.0,21.0,332.2,50.0,340.0,35.0,336.94,4.1200000000000045,66.0,56.0,0.25043961347255117,334.88,339.0,122,10.0,10.0,0.08
07:42:53,333.0,12.0,339.0,12.0,331.0,40.0,354.67,15.0,336.0,6.0,52.0,27.0,0.654767134175001,333.0,339.0,79,25.0,-43.0,0.32
07:42:54,333.25,16.0,339.0,48.0,331.26,46.0,342.0,18.0,336.12,5.75,62.0,66.0,0.7247896246465212,333.25,339.0,128,-4.0,49.0,-0.03
07:42:55,334.0,14.0,339.0,56.0,333.0,21.0,342.0,21.0,336.5,5.0,35.0,77.0,0.6175111334987241,334.0,339.0,112,-42.0,-16.0,-0.38
07:42:56,335.54,26.0,339.0,104.0,333.0,39.0,342.0,39.0,337.27,3.4599999999999795,65.0,143.0,0.5383121770820339,335.54,339.0,208,-78.0,96.0,-0.38
07:42:57,336.0,44.0,339.0,134.0,333.34,29.0,342.0,39.0,337.5,3.0,73.0,173.0,0.6761804492848089,336.0,339.0,246,-100.0,38.0,-0.41
07:42:58,335.87,39.0,337.14,56.0,333.75,24.0,339.0,109.0,336.51,1.2699999999999818,63.0,165.0,0.5799568949458193,335.87,337.14,228,-102.0,-18.0,-0.45
07:42:59,333.0,27.0,339.0,27.0,331.0,153.0,342.0,24.0,336.0,6.0,180.0,51.0,0.6154916733759694,333.0,339.0,231,129.0,3.0,0.56
07:43:00,333.0,45.0,335.93,61.0,331.0,255.0,338.29,42.0,334.47,2.930000000000007,300.0,103.0,1.209483360776135,333.0,335.93,403,197.0,172.0,0.49
07:43:01,331.3,140.0,334.08,52.0,330.5,126.0,335.18,50.0,332.69,2.7799999999999727,266.0,102.0,1.8844972804418116,331.3,334.08,368,164.0,-35.0,0.45
07:43:02,331.0,302.0,332.0,53.0,320.3,33.0,333.0,54.0,331.5,1.0,335.0,107.0,2.1338533220421456,331.0,332.0,442,228.0,74.0,0.52
07:43:03,331.0,227.0,332.11,27.0,321.0,26.0,333.24,41.0,331.56,1.1100000000000136,253.0,68.0,1.954668769891316,331.0,332.11000000000007,321,185.0,-121.0,0.58
07:43:04,331.66,64.0,333.0,24.0,330.43,70.0,335.0,40.0,332.33,1.339999999999975,134.0,64.0,1.2071661028984475,331.66,333.0,198,70.0,-123.0,0.35
07:43:05,331.29,93.0,334.9,58.0,329.77,78.0,342.82,38.0,333.09,3.609999999999957,171.0,96.0,0.6969433262371278,331.29,334.9,267,75.0,69.0,0.28
07:43:06,331.0,55.0,335.0,25.0,323.0,10.0,344.0,15.0,333.0,4.0,65.0,40.0,0.7587028403707132,331.0,335.0,105,25.0,-162.0,0.24
07:43:07,331.0,128.0,335.0,50.0,326.46,26.0,344.0,30.0,333.0,4.0,154.0,80.0,0.6546984038373227,331.0,335.0,234,74.0,129.0,0.32
07:43:08,331.0,110.0,334.38,26.0,322.1,20.0,337.7,46.0,332.69,3.3799999999999955,130.0,72.0,0.31411781227359387,331.0,334.38,202,58.0,-32.0,0.29
07:43:09,331.0,142.0,333.15,26.0,323.0,26.0,337.0,65.0,332.08,2.1499999999999773,168.0,91.0,0.4155357986834062,331.0,333.15,259,77.0,57.0,0.3
07:43:10,328.88,68.0,331.07,28.0,321.07,28.0,338.25,61.0,329.98,2.1899999999999977,96.0,89.0,1.2698818842657444,328.88,331.07,185,7.0,-74.0,0.04
07:43:11,323.69,51.0,332.08,48.0,321.0,26.0,334.88,32.0,327.88,8.389999999999986,77.0,80.0,2.1632105768936345,323.69,332.08,157,-3.0,-28.0,-0.02
07:43:12,324.0,91.0,332.0,53.0,321.0,26.0,333.0,26.0,328.0,8.0,117.0,79.0,2.2348333271147376,324.0,332.0,196,38.0,39.0,0.19
07:43:13,324.5,126.0,328.88,26.0,321.0,36.0,330.0,28.0,326.69,4.3799999999999955,162.0,54.0,2.1219048046461952,324.5,328.88,216,108.0,20.0,0.5
07:43:15,322.14,69.0,338.78,72.0,318.0,33.0,406.07,60.0,330.46,16.639999999999986,102.0,132.0,2.3425349517089336,322.14,338.78,234,-30.0,-39.0,-0.13
07:43:16,329.94,68.0,337.0,56.0,318.94,34.0,340.0,56.0,333.47,7.060000000000002,102.0,112.0,3.613354397229799,329.94,337.0,214,-10.0,-20.0,-0.05
07:43:17,331.0,44.0,337.0,40.0,319.8,20.0,340.0,40.0,334.0,6.0,64.0,80.0,4.321843356715042,331.0,337.0,144,-16.0,-70.0,-0.11
07:43:18,331.56,54.0,337.0,64.0,328.0,52.0,340.0,64.0,334.28,5.439999999999998,106.0,128.0,4.32184335671533,331.56,337.0,234,-22.0,90.0,-0.09
07:43:19,332.38,48.0,337.04,54.0,331.0,64.0,339.12,64.0,334.71,4.660000000000025,112.0,118.0,1.6954144036157621,332.38,337.04,230,-6.0,-4.0,-0.03
