Time,Bid1_Price,Bid1_Volume,Ask1_Price,Ask1_Volume,Bid2_Price,Bid2_Volume,Ask2_Price,Ask2_Volume,Mid-Price,Bid_Ask_Spread,Market_Depth_Bid,Market_Depth_Ask,Historical_Volatility,Weighted_Avg_Bid_Price,Weighted_Avg_Ask_Price,Total_volume,Cumulative_Volume_Difference,Total_Volume_Change_Corrected,Order_imbalance
07:30:07,98.67,43.0,139.25,24.0,87.5,32.0,316.67,24.0,118.96,40.58,75.0,48.0,32.81063973774361,98.67000000000002,139.25,123,27.0,101.0,0.22
07:30:08,113.0,5.0,120.0,5.0,106.75,16.0,234.6,10.0,116.5,7.0,21.0,15.0,28.953274080835833,113.0,120.0,36,6.0,-87.0,0.17
07:30:09,113.0,4.0,214.29,7.0,110.0,16.0,318.18,11.0,163.64,101.28999999999999,20.0,18.0,26.971912798316698,113.0,214.29,38,2.0,2.0,0.05
07:30:10,113.0,7.0,213.73,11.0,110.0,28.0,267.88,8.0,163.36,100.72999999999999,35.0,19.0,29.79424642443572,113.0,213.73,54,16.0,16.0,0.3
07:30:11,113.0,4.0,187.4,5.0,110.0,16.0,192.43,7.0,150.2,74.4,20.0,12.0,23.299440336626137,113.0,187.4,32,8.0,-22.0,0.25
07:30:12,113.0,5.0,163.0,10.0,110.0,20.0,182.71,7.0,138.0,50.0,25.0,17.0,19.772779268479205,113.0,163.0,42,8.0,10.0,0.19
07:30:13,113.0,12.0,118.35,34.0,110.0,48.0,128.8,50.0,115.68,5.349999999999994,60.0,84.0,20.08311927963385,113.0,118.35,144,-24.0,102.0,-0.17
07:30:14,112.33,18.0,115.58,31.0,109.93,58.0,117.74,69.0,113.96,3.25,76.0,100.0,21.52083641497235,112.33,115.58,176,-24.0,32.0,-0.14
07:30:15,109.54,26.0,116.0,22.0,106.8,25.0,117.39,23.0,112.77,6.459999999999994,51.0,45.0,17.0004594055572,109.53999999999999,116.0,96,6.0,-80.0,0.06
07:30:16,108.0,26.0,113.0,13.0,106.08,49.0,114.56,16.0,110.5,5.0,75.0,29.0,11.237674136581706,108.0,113.0,104,46.0,8.0,0.44
07:30:17,108.0,10.0,111.0,5.0,107.0,5.0,114.0,11.0,109.5,3.0,15.0,16.0,2.515714610204548,108.0,111.0,31,-1.0,-73.0,-0.03
07:30:18,106.44,9.0,111.0,3.0,105.18,11.0,114.0,12.0,108.72,4.560000000000002,20.0,15.0,2.210904792160076,106.44,111.0,35,5.0,4.0,0.14
07:30:19,106.0,10.0,110.8,5.0,105.0,25.0,114.0,20.0,108.4,4.799999999999997,35.0,25.0,1.7584709266849454,106.0,110.8,60,10.0,25.0,0.17
07:30:20,105.33,30.0,109.6,10.0,101.6,43.0,113.43,28.0,107.47,4.269999999999996,73.0,38.0,1.1451724760908484,105.33,109.6,111,35.0,51.0,0.32
07:30:21,105.0,60.0,107.27,15.0,104.0,30.0,108.47,15.0,106.13,2.269999999999996,90.0,30.0,1.2938817565743457,105.0,107.27,120,60.0,9.0,0.5
07:30:22,105.0,12.0,106.5,8.0,104.0,16.0,109.5,24.0,105.75,1.5,28.0,32.0,1.3253791910226294,105.0,106.5,60,-4.0,-60.0,-0.07
07:30:23,104.04,26.0,105.94,16.0,96.3,54.0,109.6,53.0,104.99,1.8999999999999915,80.0,69.0,1.371028810782508,104.03999999999999,105.94,149,11.0,89.0,0.07
07:30:24,100.21,19.0,103.27,22.0,96.21,38.0,104.52,21.0,101.74,3.0600000000000023,57.0,43.0,2.140953058802434,100.21,103.27,100,14.0,-49.0,0.14
07:30:25,100.0,20.0,101.0,18.0,95.27,44.0,102.0,18.0,100.5,1.0,64.0,36.0,2.5386354602414407,100.0,101.0,100,28.0,0.0,0.28
07:30:26,100.0,22.0,101.55,22.0,94.62,58.0,102.78,23.0,100.77,1.5499999999999972,80.0,45.0,2.4505407566484387,100.0,101.55,125,35.0,25.0,0.28
07:30:27,99.44,9.0,107.0,14.0,96.35,17.0,108.0,21.0,103.22,7.560000000000002,26.0,35.0,1.8682424896129017,99.44,107.0,61,-9.0,-64.0,-0.15
07:30:28,100.07,135.0,106.25,32.0,96.25,36.0,107.9,40.0,103.16,6.180000000000007,171.0,72.0,1.2835575561676058,100.07,106.25,243,99.0,173.5,0.41
07:30:29,102.75,132.0,106.5,46.0,100.34,116.0,108.64,56.0,104.62,3.75,248.0,102.0,1.7628613104822142,102.75,106.5,350,146.0,107.0,0.42
07:30:30,104.06,142.0,106.77,35.0,101.88,73.0,108.5,48.0,105.41,2.7099999999999937,215.0,83.0,1.7698107243418009,104.06,106.77,298,132.0,-52.0,0.44
07:30:31,104.52,124.0,106.46,26.0,102.09,33.0,107.86,37.0,105.49,1.9399999999999977,157.0,63.0,1.1384858365370296,104.52,106.46000000000001,220,94.0,-78.0,0.43
07:30:32,105.0,80.0,107.0,24.0,101.0,24.0,109.0,32.0,106.0,2.0,104.0,56.0,1.1087966450145523,105.0,107.0,160,48.0,-60.0,0.3
07:30:33,105.34,106.0,107.0,30.0,103.35,51.0,109.0,40.0,106.17,1.6599999999999966,157.0,70.0,0.6070996623254177,105.34,107.0,227,87.0,67.0,0.38
07:30:34,106.64,134.0,108.21,38.0,105.0,120.0,115.43,42.0,107.43,1.5699999999999932,254.0,80.0,0.8111719916243125,106.64,108.21,334,174.0,107.0,0.52
07:30:35,105.13,90.0,107.04,74.0,102.88,102.0,109.52,58.0,106.09,1.9100000000000108,192.0,132.0,0.718247868076041,105.12999999999998,107.04,324,60.0,-10.0,0.19
07:30:36,105.0,63.0,107.23,39.0,100.04,25.0,153.94,18.0,106.12,2.230000000000004,88.0,57.0,0.6002249578248117,105.0,107.23,145,31.0,-174.5,0.21
07:30:37,105.83,58.0,108.0,64.0,104.65,69.0,430.33,45.0,106.91,2.1700000000000017,127.0,109.0,0.6009825288607173,105.83000000000001,108.0,236,18.0,91.0,0.08
07:30:38,107.0,32.0,137.69,59.0,105.63,76.0,335.62,68.0,122.35,30.689999999999998,108.0,127.0,7.049397137344173,107.0,137.69,235,-19.0,-1.0,-0.08
07:30:39,105.13,45.0,217.56,18.0,102.19,32.0,256.0,9.0,161.34,112.43,77.0,27.0,23.824511957225862,105.12999999999998,217.56,104,50.0,-131.0,0.48
07:30:40,105.0,91.0,183.13,30.0,101.7,47.0,219.36,44.0,144.07,78.13,138.0,74.0,24.109752591015926,105.0,183.13,212,64.0,108.0,0.3
07:30:41,105.0,42.0,109.0,6.0,100.0,18.0,235.04,23.0,107.0,4.0,60.0,29.0,23.911050374251634,105.0,109.0,89,31.0,-123.0,0.35
07:30:42,105.0,56.0,109.0,8.0,100.0,24.0,307.25,16.0,107.0,4.0,80.0,24.0,23.890916056108004,105.0,109.0,104,56.0,15.0,0.54
07:30:43,105.0,56.0,109.0,8.0,100.18,22.0,223.64,11.0,107.0,4.0,78.0,19.0,25.76753228386449,105.0,109.0,97,59.0,-7.0,0.61
07:30:44,106.0,261.0,107.79,62.0,105.0,122.0,111.57,14.0,106.9,1.7900000000000063,383.0,76.0,16.58944483700394,106.0,107.79,459,307.0,173.5,0.67
07:30:45,106.0,216.0,107.0,57.0,105.0,90.0,110.0,12.0,106.5,1.0,306.0,69.0,0.21679483387582937,106.0,107.0,375,237.0,-84.0,0.63
07:30:46,106.0,154.0,110.0,11.0,105.0,95.0,312.55,22.0,108.0,4.0,249.0,33.0,0.5540758070835476,106.0,110.0,282,216.0,-93.0,0.77
07:30:47,106.0,202.0,110.0,15.0,105.0,105.0,185.75,16.0,108.0,4.0,307.0,31.0,0.6833739825273717,106.0,110.0,338,276.0,56.0,0.82
07:30:48,105.99,109.0,153.33,12.0,103.26,62.0,328.67,21.0,129.66,47.34000000000002,171.0,33.0,9.999485986789326,105.99,153.33,204,138.0,-134.0,0.68
07:30:49,105.95,44.0,237.24,17.0,100.68,25.0,483.76,34.0,171.59,131.29000000000002,69.0,51.0,27.893911522050804,105.95,237.24,120,18.0,-84.0,0.15
07:30:50,106.0,36.0,330.57,14.0,105.0,6.0,438.61,18.0,218.29,224.57,42.0,32.0,47.51197080736603,106.0,330.57,74,10.0,-46.0,0.14
07:30:51,106.0,60.0,301.38,29.0,105.0,34.0,436.0,17.0,203.69,195.38,94.0,46.0,47.09119163920155,106.0,301.38,140,48.0,66.0,0.34
07:30:52,106.74,69.0,300.08,36.0,105.67,81.0,303.0,36.0,203.41,193.33999999999997,150.0,72.0,35.49040039221887,106.74,300.08,222,78.0,82.0,0.35
07:30:53,107.0,9.0,299.0,9.0,106.0,23.0,303.0,9.0,203.0,192.0,32.0,18.0,17.14567234027329,107.0,299.0,50,14.0,-172.0,0.28
07:30:54,107.33,55.0,299.0,39.0,106.22,107.0,432.63,38.0,203.16,191.67000000000002,162.0,77.0,6.702115337713445,107.33,299.0,239,85.0,173.5,0.36
07:30:55,108.54,39.0,199.11,38.0,107.0,52.0,214.18,28.0,153.82,90.57000000000001,91.0,66.0,22.136377978341695,108.54,199.11,157,25.0,-82.0,0.16
07:30:56,108.02,41.0,146.41,29.0,106.34,83.0,203.17,36.0,127.22,38.39,124.0,65.0,35.59108062422392,108.02,146.41000000000003,189,59.0,32.0,0.31
07:30:57,107.83,139.0,109.45,22.0,106.34,100.0,262.22,27.0,108.64,1.6200000000000045,239.0,49.0,43.18244689685848,107.83,109.45,288,190.0,99.0,0.66
07:30:58,108.0,208.0,109.0,84.0,107.0,96.0,110.0,16.0,108.5,1.0,304.0,100.0,39.74558742804033,108.0,109.0,404,204.0,116.0,0.5
07:30:59,108.0,132.0,109.0,71.0,107.0,66.0,110.0,11.0,108.5,1.0,198.0,82.0,19.878040144843062,108.0,109.0,280,116.0,-124.0,0.41
07:31:00,108.0,68.0,109.0,32.0,107.0,48.0,110.0,8.0,108.5,1.0,116.0,40.0,8.356405925994133,108.0,109.0,156,76.0,-124.0,0.49
07:31:01,108.0,31.0,109.0,32.0,107.0,48.0,110.0,8.0,108.5,1.0,79.0,40.0,0.0626099032813553,108.0,109.0,119,39.0,-37.0,0.33
07:31:02,108.0,22.0,109.0,44.0,107.0,66.0,110.0,11.0,108.5,1.0,88.0,55.0,0.0,108.0,109.0,143,33.0,24.0,0.23
07:31:03,108.0,14.0,109.0,28.0,107.0,22.0,110.0,7.0,108.5,1.0,36.0,35.0,0.0,108.0,109.0,71,1.0,-72.0,0.01
07:31:04,107.54,41.0,109.0,72.0,106.21,106.0,110.0,18.0,108.27,1.4599999999999937,147.0,90.0,0.10285912691093502,107.54,109.0,237,57.0,166.0,0.24
07:31:05,107.0,39.0,108.97,62.0,106.0,192.0,109.79,19.0,107.98,1.9699999999999989,231.0,81.0,0.22956480564069098,107.0,108.97,312,150.0,75.0,0.48
07:31:06,106.0,58.0,109.0,20.0,105.0,45.0,110.0,5.0,107.5,3.0,103.0,25.0,0.4215447781538662,106.0,109.0,128,78.0,-174.5,0.61
07:31:07,106.0,60.0,109.0,24.0,105.0,54.0,110.0,6.0,107.5,3.0,114.0,30.0,0.45022216736710824,106.0,109.0,144,84.0,16.0,0.58
07:31:08,106.0,79.0,109.0,32.0,105.0,72.0,110.0,8.0,107.5,3.0,151.0,40.0,0.35735136768827414,106.0,109.0,191,111.0,47.0,0.58
07:31:09,106.0,108.0,109.0,48.0,105.0,108.0,110.0,12.0,107.5,3.0,216.0,60.0,0.2146625258135157,106.0,109.0,276,156.0,85.0,0.57
07:31:10,106.32,93.0,109.0,40.0,105.3,90.0,110.0,10.0,107.66,2.680000000000007,183.0,50.0,0.07155417520047007,106.32000000000001,109.0,233,133.0,-43.0,0.57
07:31:11,107.33,120.0,109.0,48.0,106.0,108.0,110.0,12.0,108.17,1.6700000000000017,228.0,60.0,0.290137898228859,107.33,109.0,288,168.0,55.0,0.58
07:31:12,108.0,138.0,109.0,56.0,106.0,126.0,110.0,14.0,108.5,1.0,264.0,70.0,0.4485309353753848,108.0,109.0,334,194.0,46.0,0.58
07:31:13,108.0,80.0,109.0,40.0,106.0,70.0,110.0,10.0,108.5,1.0,150.0,50.0,0.46709742023348294,108.0,109.0,200,100.0,-134.0,0.5
07:31:14,108.0,50.0,109.0,24.0,106.0,24.0,110.0,6.0,108.5,1.0,74.0,30.0,0.3676683287812929,108.0,109.0,104,44.0,-96.0,0.42
07:31:15,108.0,100.0,110.0,10.0,106.0,50.0,296.4,10.0,109.0,2.0,150.0,20.0,0.29711950455818437,108.0,110.0,170,130.0,66.0,0.76
07:31:16,108.0,110.0,110.0,11.0,106.0,66.0,143.28,43.0,109.0,2.0,176.0,54.0,0.27386127873240407,108.0,110.0,230,122.0,60.0,0.53
07:31:17,108.0,60.0,122.55,31.0,106.0,54.0,290.72,25.0,115.27,14.549999999999997,114.0,56.0,2.92653036888212,108.0,122.55,170,58.0,-60.0,0.34
07:31:18,108.0,27.0,109.25,16.0,106.0,36.0,117.4,10.0,108.62,1.25,63.0,26.0,2.911051356467165,108.0,109.25,89,37.0,-81.0,0.42
07:31:19,108.0,26.0,109.0,19.0,106.0,52.0,110.0,22.0,108.5,1.0,78.0,41.0,2.911051356467165,108.0,109.0,119,37.0,30.0,0.31
07:31:20,105.27,64.0,109.0,15.0,104.75,65.0,110.0,30.0,107.13,3.730000000000004,129.0,45.0,3.1908509836702206,105.27,109.0,174,84.0,55.0,0.48
07:31:21,105.5,40.0,108.0,12.0,104.71,56.0,109.0,18.0,106.75,2.5,96.0,30.0,3.4620846321239864,105.5,108.0,126,66.0,-48.0,0.52
07:31:22,106.42,26.0,108.67,18.0,105.04,47.0,364.79,38.0,107.54,2.25,73.0,56.0,0.8275083081085122,106.42,108.67,129,17.0,3.0,0.13
07:31:23,107.0,16.0,109.0,24.0,106.0,16.0,360.17,24.0,108.0,2.0,32.0,48.0,0.6920476862099681,107.0,109.0,80,-16.0,-49.0,-0.2
07:31:24,107.0,40.0,108.87,31.0,106.0,26.0,213.2,45.0,107.94,1.8700000000000045,66.0,76.0,0.5340131084426032,107.0,108.87,142,-10.0,62.0,-0.07
07:31:25,107.0,90.0,108.58,36.0,106.0,46.0,123.0,42.0,107.79,1.5799999999999983,136.0,78.0,0.5093427136894952,107.0,108.58,214,58.0,72.0,0.27
07:31:26,107.0,55.0,108.0,22.0,106.0,33.0,109.0,29.0,107.5,1.0,88.0,51.0,0.2273323557891235,107.0,108.0,139,37.0,-75.0,0.27
07:31:27,107.0,46.0,108.58,24.0,106.0,39.0,109.82,17.0,107.79,1.5799999999999983,85.0,41.0,0.19346834363443097,107.0,108.58,126,44.0,-13.0,0.35
07:31:28,107.0,24.0,109.0,16.0,106.0,31.0,111.0,8.0,108.0,2.0,55.0,24.0,0.19346834363443097,107.0,109.0,79,31.0,-47.0,0.39
07:31:29,106.78,27.0,109.0,18.0,105.68,31.0,111.0,9.0,107.89,2.219999999999999,58.0,27.0,0.18582249591652633,106.78,109.0,85,31.0,6.0,0.36
07:31:30,106.0,24.0,109.0,19.0,105.0,40.0,111.0,8.0,107.5,3.0,64.0,27.0,0.22788154815304304,106.0,109.0,91,37.0,6.0,0.41
07:31:31,106.22,23.0,109.0,34.0,105.28,53.0,111.0,11.0,107.61,2.780000000000001,76.0,45.0,0.203396165127653,106.22,109.0,121,31.0,30.0,0.26
07:31:32,106.0,34.0,109.0,24.0,105.0,108.0,111.0,12.0,107.5,3.0,142.0,36.0,0.23140872928352435,106.0,109.0,178,106.0,57.0,0.6
07:31:33,106.0,10.0,109.0,10.0,105.0,45.0,111.0,5.0,107.5,3.0,55.0,15.0,0.168967452453368,106.0,109.0,70,40.0,-108.0,0.57
07:31:34,106.0,20.0,109.0,20.0,105.0,90.0,111.0,10.0,107.5,3.0,110.0,30.0,0.04919349538866899,106.0,109.0,140,80.0,70.0,0.57
07:31:35,107.18,34.0,109.0,18.0,105.64,25.0,111.0,9.0,108.09,1.8199999999999932,59.0,27.0,0.256027342267568,107.18,109.0,86,32.0,-54.0,0.37
07:31:36,104.78,72.0,111.0,20.0,104.33,93.0,180.49,35.0,107.89,6.219999999999999,165.0,55.0,0.2775427894732858,104.78,111.0,220,110.0,134.0,0.5
07:31:37,104.5,24.0,109.45,11.0,103.67,36.0,141.78,9.0,106.98,4.950000000000003,60.0,20.0,0.42669661351899346,104.5,109.45,80,40.0,-140.0,0.5
07:31:38,105.0,26.0,107.31,13.0,103.65,34.0,110.0,13.0,106.15,2.3100000000000023,60.0,26.0,0.7801730577176373,105.0,107.31,86,34.0,6.0,0.4
07:31:39,105.7,46.0,137.38,21.0,104.69,29.0,285.55,31.0,121.54,31.679999999999993,75.0,52.0,6.425149803700251,105.7,137.38,127,23.0,41.0,0.18
07:31:40,108.27,30.0,127.05,44.0,105.77,35.0,450.7,20.0,117.66,18.78,65.0,64.0,7.059612595602536,108.27,127.05,129,1.0,2.0,0.01
07:31:41,108.0,77.0,240.67,15.0,105.11,27.0,483.17,35.0,174.33,132.67,104.0,50.0,28.19037016429537,108.0,240.67,154,54.0,25.0,0.35
07:31:42,108.64,47.0,155.56,45.0,107.33,21.0,529.32,19.0,132.1,46.92,68.0,64.0,26.275439672819864,108.64,155.56,132,4.0,-22.0,0.03
07:31:43,108.0,36.0,202.97,33.0,106.0,9.0,426.43,14.0,155.48,94.97,45.0,47.0,24.08417571767817,108.0,202.97,92,-2.0,-40.0,-0.02
07:31:46,105.23,13.0,176.0,10.0,104.12,17.0,212.0,25.0,140.62,70.77,30.0,35.0,111.02674758813761,105.23,176.0,65,-5.0,-34.0,-0.08
07:31:47,105.0,33.0,400.73,22.0,104.0,44.0,212.0,15.0,252.86,295.73,77.0,37.0,98.6407364124986,105.0,400.7300000000001,114,40.0,49.0,0.35
07:31:48,105.0,9.0,418.25,8.0,104.0,12.0,485.0,4.0,261.62,313.25,21.0,12.0,84.23853500625488,105.0,418.25,33,9.0,-81.0,0.27
07:31:49,105.0,18.0,234.67,18.0,104.0,24.0,525.0,12.0,169.83,129.67,42.0,30.0,84.39064106878216,105.0,234.66999999999996,72,12.0,39.0,0.17
07:31:50,112.31,104.0,382.3,23.0,104.68,38.0,571.44,27.0,247.31,269.99,142.0,50.0,55.27641875157992,112.31,382.3,192,92.0,120.0,0.48
07:31:52,113.0,56.0,272.26,19.0,105.0,36.0,383.84,19.0,192.63,159.26,92.0,38.0,45.718684692366416,113.0,272.26,130,54.0,4.0,0.42
07:31:53,113.0,68.0,168.0,33.0,105.15,40.0,169.0,22.0,140.5,55.0,108.0,55.0,55.39390192069895,113.0,168.0,163,53.0,33.0,0.33
07:31:54,113.0,21.0,165.59,29.0,108.0,18.0,166.53,34.0,139.29,52.59,39.0,63.0,61.592419419925484,113.0,165.58999999999997,102,-24.0,-61.0,-0.24
07:31:55,113.0,9.0,158.92,26.0,109.33,36.0,163.27,33.0,135.96,45.91999999999999,45.0,59.0,59.86148452886889,113.0,158.92000000000002,104,-14.0,2.0,-0.13
07:31:56,113.0,12.0,160.05,44.0,110.0,96.0,161.58,38.0,136.52,47.05000000000001,108.0,82.0,24.473970867025322,113.0,160.05,190,26.0,86.0,0.14
07:31:57,111.36,22.0,156.82,28.0,109.82,88.0,158.67,24.0,134.09,45.459999999999994,110.0,52.0,2.5934667917677996,111.36,156.82,162,58.0,-28.0,0.36
07:31:58,110.0,78.0,155.0,37.0,108.0,52.0,156.4,15.0,132.5,45.0,130.0,52.0,2.5717834278963125,110.0,155.0,182,78.0,20.0,0.43
07:31:59,110.0,54.0,152.91,11.0,108.0,36.0,154.04,25.0,131.45,42.91,90.0,36.0,2.173621402176998,110.0,152.91,126,54.0,-56.0,0.43
07:32:00,111.83,69.0,149.06,33.0,108.67,54.0,150.69,39.0,130.44,37.230000000000004,123.0,72.0,2.3866608472930704,111.83,149.06,195,51.0,69.0,0.26
07:32:01,113.0,69.0,143.47,38.0,110.0,44.0,144.63,38.0,128.24,30.47,113.0,76.0,2.198870164425648,113.0,143.47,189,37.0,-6.0,0.2
07:32:02,113.0,30.0,140.74,39.0,110.0,140.0,141.74,31.0,126.87,27.74000000000001,170.0,70.0,2.312498648648458,113.0,140.74,240,100.0,51.0,0.42
07:32:03,113.0,42.0,137.94,49.0,110.0,196.0,139.07,55.0,125.47,24.939999999999998,238.0,104.0,2.4683658561892,113.0,137.94,342,134.0,102.0,0.39
07:32:04,110.0,154.0,135.36,44.0,108.0,44.0,136.55,44.0,122.68,25.360000000000014,198.0,88.0,2.917764555271773,110.0,135.36,286,110.0,-56.0,0.38
07:32:05,110.0,224.0,130.16,62.0,108.0,64.0,131.29,56.0,120.08,20.159999999999997,288.0,118.0,3.288353691438914,110.0,130.16,406,170.0,120.0,0.42
07:32:06,110.0,126.0,127.11,36.0,108.0,36.0,128.56,36.0,118.56,17.11,162.0,72.0,3.502180749190368,110.0,127.11,234,90.0,-172.0,0.38
07:32:07,110.0,196.0,120.04,49.0,108.0,95.0,122.15,54.0,115.02,10.040000000000006,291.0,103.0,3.9789596630274224,110.0,120.04,394,188.0,160.0,0.48
07:32:08,110.0,104.0,111.75,32.0,108.0,56.0,112.71,31.0,110.88,1.75,160.0,63.0,4.598138753887158,110.0,111.75,223,97.0,-171.0,0.43
07:32:09,109.64,110.0,111.0,64.0,107.75,99.0,154.78,54.0,110.32,1.3599999999999994,209.0,118.0,4.3975356735333735,109.64,111.0,327,91.0,104.0,0.28
07:32:10,106.91,45.0,110.89,38.0,106.19,27.0,303.33,24.0,108.9,3.980000000000004,72.0,62.0,3.972792468780409,106.91,110.88999999999999,134,10.0,-174.5,0.07
07:32:11,106.0,27.0,110.0,27.0,105.0,9.0,111.0,18.0,108.0,4.0,36.0,45.0,2.708335282050218,106.0,110.0,81,-9.0,-53.0,-0.11
07:32:12,106.0,35.0,109.89,36.0,105.0,12.0,157.5,32.0,107.94,3.8900000000000006,47.0,68.0,1.34108910964105,106.0,109.89,115,-21.0,34.0,-0.18
07:32:13,105.95,19.0,107.43,28.0,104.69,13.0,109.65,34.0,106.69,1.480000000000004,32.0,62.0,1.3442098050519191,105.95,107.42999999999999,94,-30.0,-21.0,-0.32
07:32:14,105.0,11.0,107.0,44.0,103.51,53.0,110.0,44.0,106.0,2.0,64.0,88.0,1.1521197854379606,105.0,107.0,152,-24.0,58.0,-0.16
07:32:15,105.82,38.0,108.04,46.0,102.43,82.0,110.08,61.0,106.93,2.220000000000013,120.0,107.0,0.8546753769692623,105.82,108.04,227,13.0,75.0,0.06
07:32:16,105.89,37.0,108.07,41.0,104.15,71.0,119.19,52.0,106.98,2.1799999999999926,108.0,93.0,0.6969002798087546,105.89,108.07,201,15.0,-26.0,0.07
07:32:17,105.0,12.0,106.83,12.0,104.0,168.0,108.0,72.0,105.92,1.8299999999999983,180.0,84.0,0.5093427136982205,105.0,106.83,264,96.0,63.0,0.36
07:32:18,104.67,78.0,106.0,10.0,103.98,106.0,107.5,48.0,105.33,1.3299999999999983,184.0,58.0,0.7091332737909262,104.67,106.0,242,126.0,-22.0,0.52
07:32:19,104.96,101.0,106.63,19.0,103.73,82.0,112.11,37.0,105.8,1.6700000000000017,183.0,56.0,0.7308009304847894,104.96,106.63,239,127.0,-3.0,0.53
07:32:20,105.74,126.0,107.0,48.0,104.0,24.0,245.88,34.0,106.37,1.2600000000000051,150.0,82.0,0.6246198844076469,105.74,107.0,232,68.0,-7.0,0.29
07:32:21,106.17,35.0,175.12,17.0,104.46,13.0,212.69,26.0,140.64,68.95,48.0,43.0,15.5607284533854,106.17,175.12,91,5.0,-141.0,0.05
07:32:22,107.32,31.0,215.0,50.0,106.5,30.0,304.75,24.0,161.16,107.68,61.0,74.0,25.730735512223493,107.32,215.0,135,-13.0,44.0,-0.1
07:32:23,109.74,23.0,239.43,28.0,108.56,18.0,330.0,12.0,174.58,129.69,41.0,40.0,31.298274712833628,109.74,239.43,81,1.0,-54.0,0.01
07:32:24,112.47,17.0,391.12,32.0,109.95,22.0,604.95,20.0,251.8,278.65,39.0,52.0,53.975475912677275,112.47,391.12,91,-13.0,10.0,-0.14
07:32:26,109.25,8.0,293.43,28.0,107.14,7.0,327.86,7.0,201.34,184.18,15.0,35.0,51.25312673388822,109.25,293.43,50,-20.0,-118.0,-0.4
07:32:27,112.21,19.0,268.86,29.0,107.73,11.0,306.0,17.0,190.54,156.65000000000003,30.0,46.0,44.96477821584365,112.21,268.86,76,-16.0,26.0,-0.21
07:32:28,109.45,31.0,200.91,44.0,107.45,11.0,218.55,11.0,155.18,91.46,42.0,55.0,50.373053113743346,109.45,200.90999999999997,97,-13.0,21.0,-0.13
07:32:29,109.69,59.0,197.69,52.0,107.34,29.0,384.62,13.0,153.69,88.0,88.0,65.0,52.068216600916976,109.69,197.69,153,23.0,56.0,0.15
07:32:30,105.82,44.0,196.26,31.0,102.26,38.0,226.21,19.0,151.04,90.44,82.0,50.0,23.709578655050016,105.82,196.26,132,32.0,-21.0,0.24
07:32:31,104.0,26.0,194.54,52.0,101.0,143.0,434.17,24.0,149.27,90.53999999999999,169.0,76.0,17.256440247049845,104.0,194.54,245,93.0,113.0,0.38
07:32:32,108.85,66.0,192.46,35.0,102.78,27.0,329.09,22.0,150.65,83.61000000000001,93.0,57.0,2.4062273375557064,108.85,192.46,150,36.0,-95.0,0.24
07:32:33,111.0,80.0,189.32,44.0,108.3,54.0,190.35,40.0,150.16,78.32,134.0,84.0,1.6621883166477336,111.0,189.32,218,50.0,68.0,0.23
07:32:34,113.0,75.0,184.03,61.0,110.0,63.0,185.37,52.0,148.52,71.03,138.0,113.0,1.027993190638951,113.0,184.03,251,25.0,33.0,0.1
07:32:35,113.0,60.0,177.9,52.0,110.0,48.0,179.37,49.0,145.45,64.9,108.0,101.0,2.0489875548670153,113.0,177.90000000000003,209,7.0,-42.0,0.03
07:32:36,113.0,26.0,175.15,39.0,110.0,32.0,177.55,33.0,144.08,62.150000000000006,58.0,72.0,2.8968724514551494,113.0,175.15,130,-14.0,-79.0,-0.11
07:32:37,113.0,27.0,169.78,41.0,110.0,36.0,170.89,37.0,141.39,56.78,63.0,78.0,3.4951752459640146,113.0,169.78,141,-15.0,11.0,-0.11
07:32:38,113.0,54.0,163.61,57.0,110.0,72.0,165.16,62.0,138.31,50.610000000000014,126.0,119.0,3.8959915297648404,113.0,163.61,245,7.0,104.0,0.03
07:32:39,113.0,36.0,159.65,54.0,110.0,48.0,160.68,47.0,136.32,46.650000000000006,84.0,101.0,3.8248856192047245,113.0,159.65,185,-17.0,-60.0,-0.09
07:32:40,113.0,48.0,157.82,67.0,110.0,64.0,158.81,77.0,135.41,44.81999999999999,112.0,144.0,3.6060047143617164,113.0,157.82,256,-32.0,71.0,-0.12
07:32:41,113.0,39.0,154.42,59.0,110.0,52.0,155.25,48.0,133.71,41.41999999999999,91.0,107.0,2.949528775923127,113.0,154.42,198,-16.0,-58.0,-0.08
07:32:42,113.0,17.0,150.4,53.0,110.0,52.0,151.79,57.0,131.7,37.400000000000006,69.0,110.0,2.518938268397678,113.0,150.4,179,-41.0,-19.0,-0.23
07:32:43,111.38,13.0,144.74,47.0,109.3,80.0,147.73,52.0,128.06,33.360000000000014,93.0,99.0,3.294700289859142,111.38000000000001,144.74,192,-6.0,13.0,-0.03
07:32:44,110.0,16.0,135.9,51.0,109.0,128.0,137.11,54.0,122.95,25.900000000000006,144.0,105.0,4.967859700112056,110.0,135.9,249,39.0,57.0,0.16
07:32:45,110.0,10.0,129.4,50.0,109.0,80.0,132.0,40.0,119.7,19.400000000000006,90.0,90.0,5.866841569362245,110.0,129.4,180,0.0,-69.0,0.0
07:32:46,109.06,50.0,114.72,40.0,108.55,44.0,120.32,41.0,111.89,5.659999999999997,94.0,81.0,7.673333695337112,109.06,114.72,175,13.0,-5.0,0.07
07:32:47,107.72,36.0,110.12,50.0,106.83,59.0,111.69,26.0,108.92,2.4000000000000057,95.0,76.0,7.872619005133867,107.72,110.12,171,19.0,-4.0,0.11
07:32:48,107.78,36.0,108.96,28.0,106.5,24.0,111.25,12.0,108.37,1.1799999999999926,60.0,40.0,6.593142649753159,107.78,108.96,100,20.0,-71.0,0.2
07:32:49,107.6,35.0,109.0,30.0,106.46,13.0,112.0,10.0,108.3,1.4000000000000057,48.0,40.0,4.849353565166541,107.6,109.0,88,8.0,-12.0,0.09
07:32:50,108.0,64.0,212.59,17.0,107.0,78.0,605.92,25.0,160.29,104.59,142.0,42.0,22.81981003426617,108.0,212.59,184,100.0,96.0,0.54
07:32:52,109.47,68.0,129.89,18.0,107.6,40.0,616.83,36.0,119.68,20.419999999999987,108.0,54.0,121.62861205325004,109.47,129.89,162,54.0,92.0,0.33
07:32:53,109.08,65.0,129.0,20.0,107.72,25.0,285.27,22.0,119.04,19.92,90.0,42.0,120.19305645502156,109.08,129.0,132,48.0,-30.0,0.36
07:32:54,110.0,41.0,128.6,20.0,109.0,66.0,503.4,10.0,119.3,18.599999999999994,107.0,30.0,118.64691239134714,110.0,128.6,137,77.0,5.0,0.56
07:32:55,110.0,12.0,127.83,12.0,109.0,54.0,541.4,10.0,118.92,17.83,66.0,22.0,121.93984303745843,110.0,127.83,88,44.0,-49.0,0.5
07:32:56,110.0,20.0,125.6,20.0,109.0,84.0,430.3,10.0,117.8,15.599999999999994,104.0,30.0,0.704783654743176,110.0,125.6,134,74.0,46.0,0.55
07:32:57,110.0,20.0,124.4,20.0,109.0,120.0,511.73,26.0,117.2,14.400000000000006,140.0,46.0,0.9050524846621096,110.0,124.4,186,94.0,52.0,0.51
07:32:58,110.0,14.0,122.73,11.0,109.0,84.0,473.0,26.0,116.36,12.730000000000004,98.0,37.0,1.211478435628533,110.0,122.73,135,61.0,-51.0,0.45
07:32:59,110.0,8.0,120.6,5.0,109.0,48.0,122.71,7.0,115.3,10.599999999999994,56.0,12.0,1.378288794118568,110.0,120.6,68,44.0,-67.0,0.65
07:33:00,110.0,19.0,118.4,20.0,109.0,120.0,121.0,10.0,114.2,8.400000000000006,139.0,30.0,1.448419828638312,110.0,118.4,169,109.0,101.0,0.64
07:33:01,109.18,22.0,117.0,6.0,108.8,60.0,118.0,12.0,113.09,7.819999999999993,82.0,18.0,1.643411086731634,109.18,117.0,100,64.0,-69.0,0.64
07:33:02,109.0,86.0,114.14,21.0,108.0,84.0,115.28,32.0,111.57,5.140000000000001,170.0,53.0,1.8693929495941253,109.0,114.14,223,117.0,123.0,0.52
07:33:03,109.0,11.0,111.93,15.0,108.0,42.0,115.6,20.0,110.47,2.930000000000007,53.0,35.0,1.9465687760754757,109.0,111.93,88,18.0,-135.0,0.2
07:33:04,108.13,67.0,110.69,39.0,107.43,42.0,111.5,36.0,109.41,2.5600000000000023,109.0,75.0,1.932904550150302,108.13,110.69,184,34.0,96.0,0.18
07:33:05,108.0,29.0,109.57,14.0,107.0,14.0,182.48,21.0,108.79,1.5699999999999932,43.0,35.0,1.7196162362549159,108.0,109.57000000000001,78,8.0,-106.0,0.1
07:33:06,108.0,9.0,110.0,18.0,107.0,18.0,114.0,36.0,109.0,2.0,27.0,54.0,1.1600086206538998,108.0,110.0,81,-27.0,3.0,-0.33
07:33:07,108.0,5.0,109.5,12.0,107.0,10.0,113.0,16.0,108.75,1.5,15.0,28.0,0.7127973063860888,108.0,109.5,43,-13.0,-38.0,-0.3
07:33:08,106.84,19.0,108.17,54.0,105.8,41.0,110.23,39.0,107.5,1.3299999999999983,60.0,93.0,0.7148776118967091,106.84,108.17,153,-33.0,110.0,-0.22
07:33:09,106.0,24.0,108.31,29.0,105.0,64.0,110.78,27.0,107.16,2.3100000000000023,88.0,56.0,0.8447188881462555,106.0,108.31,144,32.0,-9.0,0.22
07:33:10,105.32,47.0,107.7,30.0,104.71,56.0,110.06,34.0,106.51,2.3800000000000097,103.0,64.0,1.0612398409365023,105.32,107.7,167,39.0,23.0,0.23
07:33:11,105.0,65.0,108.0,24.0,104.0,32.0,112.0,32.0,106.5,3.0,97.0,56.0,0.925326969233477,105.0,108.0,153,41.0,-14.0,0.27
07:33:12,105.0,61.0,109.3,40.0,104.0,44.0,492.59,51.0,107.15,4.299999999999997,105.0,91.0,0.4420746543184036,105.0,109.3,196,14.0,43.0,0.07
07:33:13,105.0,22.0,110.0,28.0,104.0,28.0,636.45,31.0,107.5,5.0,50.0,59.0,0.4420746543184036,105.0,110.0,109,-9.0,-87.0,-0.08
07:33:14,104.79,19.0,110.0,24.0,102.71,21.0,445.91,22.0,107.39,5.209999999999994,40.0,46.0,0.47806903266238354,104.79,110.0,86,-6.0,-23.0,-0.07
07:33:15,104.0,44.0,110.0,32.0,72.29,21.0,339.0,55.0,107.0,6.0,65.0,87.0,0.39251751552099196,104.0,110.0,152,-22.0,66.0,-0.14
07:33:16,105.5,8.0,110.0,4.0,104.0,16.0,339.0,20.0,107.75,4.5,24.0,24.0,0.2942278028855068,105.5,110.0,48,0.0,-104.0,0.0
07:33:17,105.5,28.0,109.33,12.0,102.75,36.0,273.57,28.0,107.42,3.8299999999999983,64.0,40.0,0.27031463147755447,105.5,109.33,104,24.0,56.0,0.23
07:33:18,106.2,20.0,109.0,16.0,103.33,36.0,179.59,17.0,107.6,2.799999999999997,56.0,33.0,0.28190423904377593,106.2,109.0,89,23.0,-15.0,0.26
07:33:19,106.54,24.0,109.0,16.0,105.56,54.0,206.8,25.0,107.77,2.4599999999999937,78.0,41.0,0.3168122472235999,106.54,109.0,119,37.0,30.0,0.31
07:33:20,106.0,58.0,109.0,10.0,72.14,28.0,281.3,23.0,107.5,3.0,86.0,33.0,0.15287249586138682,106.0,109.0,119,53.0,0.0,0.45
07:33:21,106.09,65.0,114.54,13.0,103.31,45.0,198.29,14.0,110.32,8.450000000000003,110.0,27.0,1.2356455802498445,106.09,114.53999999999999,137,83.0,18.0,0.61
07:33:22,107.32,19.0,118.0,22.0,106.09,89.0,219.84,25.0,112.66,10.680000000000007,108.0,47.0,2.275763608108529,107.32,118.0,155,61.0,18.0,0.39
07:33:23,107.0,18.0,163.07,28.0,106.0,81.0,339.41,17.0,135.04,56.06999999999999,99.0,45.0,11.585742099666813,107.0,163.07,144,54.0,-11.0,0.38
07:33:24,107.0,14.0,117.8,20.0,106.0,63.0,215.18,11.0,112.4,10.799999999999997,77.0,31.0,11.071182412009664,107.0,117.8,108,46.0,-36.0,0.43
07:33:25,107.0,22.0,134.4,20.0,106.0,99.0,247.33,27.0,120.7,27.400000000000006,121.0,47.0,10.201209732183363,107.0,134.4,168,74.0,60.0,0.44
07:33:26,106.0,72.0,149.9,29.0,105.0,45.0,398.77,31.0,127.95,43.900000000000006,117.0,60.0,9.826204760740188,106.0,149.9,177,57.0,9.0,0.32
07:33:27,106.0,36.0,196.88,8.0,105.0,40.0,392.15,33.0,151.44,90.88,76.0,41.0,14.868654276698836,106.0,196.88,117,35.0,-60.0,0.3
07:33:29,108.47,17.0,380.81,47.0,105.32,22.0,420.0,23.0,244.64,272.34000000000003,39.0,70.0,90.2176339193176,108.47,380.81,109,-31.0,31.0,-0.28
07:33:30,109.0,14.0,253.0,10.0,107.0,12.0,357.91,23.0,181.0,144.0,26.0,33.0,81.41834971307149,109.0,253.0,59,-7.0,-50.0,-0.12
07:33:31,108.11,36.0,243.23,26.0,107.2,20.0,338.0,16.0,175.67,135.12,56.0,42.0,72.10355351853342,108.11,243.23,98,14.0,39.0,0.14
07:33:32,108.0,44.0,245.13,38.0,106.0,11.0,302.34,47.0,176.57,137.13,55.0,85.0,67.13825936081463,108.0,245.13000000000002,140,-30.0,42.0,-0.21
07:33:33,107.5,16.0,140.0,7.0,105.13,23.0,250.0,35.0,123.75,32.5,39.0,42.0,42.9341778773043,107.5,140.0,81,-3.0,-59.0,-0.04
07:33:34,109.86,22.0,138.59,27.0,107.74,38.0,225.56,45.0,124.23,28.730000000000004,60.0,72.0,29.51326616963976,109.86,138.59,132,-12.0,51.0,-0.09
07:33:35,110.0,14.0,131.6,10.0,109.0,7.0,138.55,11.0,120.8,21.599999999999994,21.0,21.0,29.16650956148166,110.0,131.6,42,0.0,-90.0,0.0
07:33:36,110.0,18.0,137.89,18.0,109.0,9.0,306.64,36.0,123.94,27.889999999999986,27.0,54.0,23.916851172342902,110.0,137.89,81,-27.0,39.0,-0.33
07:33:37,110.0,26.0,136.77,26.0,109.0,13.0,138.0,26.0,123.38,26.77000000000001,39.0,52.0,1.3875698180628333,110.0,136.77,91,-13.0,10.0,-0.14
07:33:38,110.0,40.0,133.8,40.0,109.0,15.0,136.0,30.0,121.9,23.80000000000001,55.0,70.0,1.4558846108118815,110.0,133.8,125,-15.0,34.0,-0.12
07:33:39,109.96,45.0,132.0,39.0,107.32,25.0,134.4,20.0,120.98,22.040000000000006,70.0,59.0,1.4105318145999972,109.96,132.0,129,11.0,4.0,0.09
07:33:40,106.16,87.0,127.54,39.0,105.75,130.0,128.72,25.0,116.85,21.38000000000001,217.0,64.0,2.806260857439781,106.16,127.54,281,153.0,152.0,0.54
07:33:41,106.0,160.0,122.78,36.0,105.0,64.0,124.33,39.0,114.39,16.78,224.0,75.0,3.746311519347842,106.0,122.78,299,149.0,18.0,0.5
07:33:42,106.0,70.0,118.86,21.0,105.0,28.0,121.0,7.0,112.43,12.86,98.0,28.0,4.095405962782927,106.0,118.86,126,70.0,-173.0,0.56
07:33:43,106.0,130.0,115.04,27.0,105.0,52.0,116.18,34.0,110.52,9.040000000000006,182.0,61.0,4.068922461782423,106.0,115.04000000000002,243,121.0,117.0,0.5
07:33:44,106.0,100.0,110.44,18.0,105.0,40.0,112.5,16.0,108.22,4.439999999999998,140.0,34.0,3.3442742112447963,106.0,110.44,174,106.0,-69.0,0.61
07:33:45,106.0,213.0,108.5,36.0,105.0,72.0,109.66,29.0,107.25,2.5,285.0,65.0,2.9410491325369987,106.0,108.5,350,220.0,173.5,0.63
07:33:46,106.26,140.0,107.78,18.0,105.71,110.0,109.07,27.0,107.02,1.519999999999996,250.0,45.0,2.325289229321023,106.26,107.78,295,205.0,-55.0,0.69
07:33:47,107.56,100.0,264.58,52.0,106.54,168.0,333.22,46.0,186.07,157.01999999999998,268.0,98.0,34.828570599437455,107.56,264.58,366,170.0,71.0,0.46
07:33:48,107.5,48.0,109.0,33.0,106.65,111.0,298.38,16.0,108.25,1.5,159.0,49.0,35.05924799535779,107.5,109.0,208,110.0,-158.0,0.53
07:33:49,107.0,62.0,109.0,18.0,106.0,117.0,396.0,18.0,108.0,2.0,179.0,36.0,35.08313227179123,107.0,109.0,215,143.0,7.0,0.67
07:33:50,107.0,24.0,108.4,10.0,106.0,104.0,180.75,16.0,107.7,1.4000000000000057,128.0,26.0,35.03214766468078,107.0,108.4,154,102.0,-61.0,0.66
07:33:51,107.0,25.0,108.96,23.0,106.0,106.0,190.09,35.0,107.98,1.9599999999999937,131.0,58.0,34.92233454395624,107.0,108.96,189,73.0,35.0,0.39
07:33:52,107.0,20.0,109.0,20.0,106.0,30.0,162.6,30.0,108.0,2.0,50.0,50.0,0.19488458121765256,107.0,109.0,100,0.0,-89.0,0.0
07:33:53,106.0,39.0,108.73,30.0,105.0,39.0,132.33,21.0,107.37,2.730000000000004,78.0,51.0,0.27694764847592296,106.0,108.73,129,27.0,29.0,0.21
07:33:54,106.0,76.0,108.0,56.0,105.0,42.0,109.0,28.0,107.0,2.0,118.0,84.0,0.4262628297146087,106.0,108.0,202,34.0,73.0,0.17
07:33:55,106.0,69.0,108.72,29.0,105.0,36.0,113.0,40.0,107.36,2.719999999999999,105.0,69.0,0.43533894840261317,106.0,108.72,174,36.0,-28.0,0.21
07:33:56,106.0,40.0,110.0,16.0,105.0,24.0,224.08,26.0,108.0,4.0,64.0,42.0,0.4404316064910556,106.0,110.0,106,22.0,-68.0,0.21
07:33:57,106.0,21.0,107.75,16.0,105.0,15.0,160.5,12.0,106.88,1.75,36.0,28.0,0.43660050388914634,106.0,107.75,64,8.0,-42.0,0.12
07:33:58,106.0,27.0,107.0,36.0,105.0,27.0,109.56,18.0,106.5,1.0,54.0,54.0,0.566674509746317,106.0,107.0,108,0.0,44.0,0.0
07:33:59,106.0,21.0,107.0,21.0,105.0,21.0,109.0,14.0,106.5,1.0,42.0,35.0,0.6388427036416799,106.0,107.0,77,7.0,-31.0,0.09
07:34:00,107.33,27.0,109.0,10.0,105.5,18.0,395.36,22.0,108.17,1.6700000000000017,45.0,32.0,0.8159044061630251,107.33,109.0,77,13.0,0.0,0.17
07:34:01,108.0,20.0,351.22,9.0,106.0,13.0,432.14,14.0,229.61,243.22000000000003,33.0,23.0,54.83156089333953,108.0,351.22,56,10.0,-21.0,0.18
07:34:02,108.0,7.0,364.0,4.0,106.0,8.0,399.0,8.0,236.0,256.0,15.0,12.0,68.91561383315108,108.0,364.0,27,3.0,-29.0,0.11
07:34:03,108.0,18.0,362.67,18.0,106.0,36.0,542.54,26.0,235.33,254.67000000000002,54.0,44.0,69.23081950981087,108.0,362.67,98,10.0,71.0,0.1
07:34:04,108.8,30.0,292.09,22.0,106.13,30.0,452.43,28.0,200.45,183.28999999999996,60.0,50.0,54.39584929018032,108.8,292.09,110,10.0,12.0,0.09
07:34:05,109.36,44.0,270.62,26.0,106.44,27.0,349.85,26.0,189.99,161.26,71.0,52.0,21.513383741290276,109.36,270.62,123,19.0,13.0,0.15
07:34:06,110.0,68.0,232.15,26.0,108.0,14.0,394.96,23.0,171.08,122.15,82.0,49.0,28.57076040290162,110.0,232.15000000000003,131,33.0,8.0,0.25
07:34:07,110.0,72.0,248.46,35.0,108.0,18.0,362.1,29.0,179.23,138.46,90.0,64.0,25.009685723735316,110.0,248.46,154,26.0,23.0,0.17
07:34:08,110.0,68.0,299.4,30.0,108.8,30.0,497.43,28.0,204.7,189.39999999999998,98.0,58.0,14.098859882983767,110.0,299.4,156,40.0,2.0,0.26
07:34:09,110.0,27.0,254.19,21.0,109.0,36.0,293.52,29.0,182.1,144.19,63.0,50.0,12.723771060499661,110.0,254.19,113,13.0,-43.0,0.12
07:34:10,110.0,8.0,189.5,16.0,109.0,32.0,211.6,30.0,149.75,79.5,40.0,46.0,19.84433092850469,110.0,189.5,86,-6.0,-27.0,-0.07
07:34:11,110.0,9.0,189.0,18.0,109.0,36.0,351.56,27.0,149.5,79.0,45.0,45.0,23.554775099754345,110.0,189.0,90,0.0,4.0,0.0
07:34:12,109.73,15.0,187.83,24.0,108.94,47.0,308.0,36.0,148.78,78.10000000000001,62.0,60.0,25.421817008231464,109.73,187.83,122,2.0,32.0,0.02
07:34:13,108.0,33.0,139.66,32.0,106.0,55.0,189.52,25.0,123.83,31.659999999999997,88.0,57.0,20.69990024130563,108.0,139.66,145,31.0,23.0,0.21
07:34:14,106.0,24.0,135.0,20.0,105.0,18.0,146.0,20.0,120.5,29.0,42.0,40.0,14.936916348430255,106.0,135.0,82,2.0,-63.0,0.02
07:34:15,106.43,23.0,132.0,30.0,104.29,34.0,133.71,21.0,119.22,25.569999999999993,57.0,51.0,15.40678357088208,106.43000000000002,132.0,108,6.0,26.0,0.06
07:34:16,109.0,15.0,130.75,16.0,105.0,10.0,131.53,17.0,119.88,21.75,25.0,33.0,12.612823633112493,109.0,130.75,58,-8.0,-50.0,-0.14
07:34:17,109.0,16.0,129.4,20.0,105.57,14.0,130.73,22.0,119.2,20.400000000000006,30.0,42.0,1.9234292292673574,109.0,129.4,72,-12.0,14.0,-0.17
07:34:18,109.0,24.0,126.15,39.0,107.0,24.0,127.82,44.0,117.58,17.150000000000006,48.0,83.0,1.0895320096260803,109.0,126.15,131,-35.0,59.0,-0.27
07:34:19,110.09,11.0,124.95,42.0,105.0,35.0,125.88,34.0,117.52,14.86,46.0,76.0,1.0674268124793187,110.09,124.95000000000002,122,-30.0,-9.0,-0.25
07:34:20,107.86,14.0,121.18,33.0,104.62,64.0,122.76,42.0,114.52,13.320000000000007,78.0,75.0,2.0708452380609264,107.86,121.18,153,3.0,31.0,0.02
07:34:21,105.0,58.0,118.11,47.0,96.21,24.0,119.37,27.0,111.55,13.11,82.0,74.0,3.0418875718868015,105.0,118.11,156,8.0,3.0,0.05
07:34:22,106.41,29.0,114.88,33.0,105.09,33.0,115.85,33.0,110.65,8.469999999999999,62.0,66.0,3.2419022193766316,106.41,114.88,128,-4.0,-28.0,-0.03
07:34:23,107.0,28.0,111.46,39.0,106.0,42.0,112.1,39.0,109.23,4.459999999999994,70.0,78.0,3.320787557191652,107.0,111.46,148,-8.0,20.0,-0.05
07:34:24,106.19,43.0,109.91,44.0,104.36,67.0,147.9,42.0,108.05,3.719999999999999,110.0,86.0,2.47238751007981,106.19,109.91,196,24.0,48.0,0.12
07:34:25,104.0,44.0,109.3,27.0,43.0,19.0,177.57,28.0,106.65,5.299999999999997,63.0,55.0,1.9651666595987218,104.0,109.3,118,8.0,-78.0,0.07
07:34:26,90.14,118.0,108.4,35.0,63.12,56.0,122.73,22.0,99.27,18.260000000000005,174.0,57.0,4.444344721103219,90.14,108.4,231,117.0,113.0,0.51
07:34:27,106.21,38.0,169.73,22.0,74.36,25.0,390.1,21.0,137.97,63.519999999999996,63.0,43.0,14.90065367693642,106.21,169.73,106,20.0,-125.0,0.19
07:34:28,108.0,9.0,345.56,18.0,106.0,9.0,473.11,27.0,226.78,237.56,18.0,45.0,53.00065924118306,108.0,345.56,63,-27.0,-43.0,-0.43
07:34:29,106.89,9.0,253.23,26.0,103.14,14.0,384.67,21.0,180.06,146.33999999999997,23.0,47.0,53.37635646988285,106.89,253.23,70,-24.0,7.0,-0.34
07:34:30,111.38,13.0,347.4,10.0,103.0,8.0,565.71,7.0,229.39,236.01999999999998,21.0,17.0,56.50404790809245,111.38000000000001,347.4,38,4.0,-32.0,0.11
07:34:31,113.0,40.0,359.84,19.0,107.4,20.0,385.09,11.0,236.42,246.83999999999997,60.0,30.0,42.220032330636705,113.0,359.84,90,30.0,52.0,0.33
07:34:32,113.0,40.0,282.0,13.0,108.0,56.0,339.6,20.0,197.5,169.0,96.0,33.0,24.11952528554428,113.0,282.0,129,63.0,39.0,0.49
07:34:33,113.0,35.0,249.82,22.0,108.0,49.0,281.29,17.0,181.41,136.82,84.0,39.0,26.536863605181555,113.0,249.82,123,45.0,-6.0,0.37
07:34:34,108.67,116.0,261.0,56.0,107.31,32.0,407.8,30.0,184.84,152.32999999999998,148.0,86.0,25.48084319640952,108.66999999999999,261.0,234,62.0,111.0,0.26
07:34:35,108.0,89.0,245.84,45.0,106.0,13.0,314.25,24.0,176.92,137.84,102.0,69.0,24.165020587618148,108.0,245.83999999999997,171,33.0,-63.0,0.19
07:34:36,108.0,42.0,127.46,26.0,106.0,7.0,129.15,13.0,117.73,19.459999999999994,49.0,39.0,31.115072714040178,108.0,127.46000000000001,88,10.0,-83.0,0.11
07:34:37,108.0,48.0,127.0,32.0,106.0,8.0,129.0,16.0,117.5,19.0,56.0,48.0,34.86183801809662,108.0,127.0,104,8.0,16.0,0.08
07:34:38,109.0,49.0,124.92,37.0,108.25,24.0,125.57,28.0,116.96,15.920000000000002,73.0,65.0,34.88493944383459,109.0,124.92,138,8.0,34.0,0.06
07:34:39,110.0,21.0,123.86,7.0,109.0,21.0,125.0,28.0,116.93,13.86,42.0,35.0,26.674048624084136,110.0,123.86,77,7.0,-61.0,0.09
07:34:40,110.0,33.0,121.53,38.0,109.0,33.0,123.94,17.0,115.76,11.530000000000001,66.0,55.0,0.7622532387627772,110.0,121.53000000000002,121,11.0,44.0,0.09
07:34:41,110.0,36.0,119.89,36.0,109.0,36.0,121.0,24.0,114.94,9.89,72.0,60.0,1.0421228334531005,110.0,119.89,132,12.0,11.0,0.09
07:34:42,110.0,36.0,117.0,18.0,109.0,36.0,119.72,36.0,113.5,7.0,72.0,54.0,1.4567154835465579,110.0,117.0,126,18.0,-6.0,0.14
07:34:43,110.0,32.0,113.66,41.0,109.0,42.0,115.02,41.0,111.83,3.6599999999999966,74.0,82.0,1.9857416750434145,110.0,113.65999999999998,156,-8.0,30.0,-0.05
07:34:44,108.38,39.0,109.89,36.0,107.43,42.0,113.33,36.0,109.14,1.5100000000000051,81.0,72.0,2.640734746240923,108.38,109.89,153,9.0,-3.0,0.06
07:34:45,108.0,28.0,109.8,40.0,106.0,30.0,121.19,16.0,108.9,1.7999999999999972,58.0,56.0,2.6523989141914543,108.0,109.8,114,2.0,-39.0,0.02
07:34:46,106.62,13.0,109.0,16.0,105.67,9.0,115.55,11.0,107.81,2.3799999999999955,22.0,27.0,2.348729443763995,106.61999999999999,109.0,49,-5.0,-65.0,-0.1
07:34:47,105.83,18.0,107.38,16.0,104.36,14.0,132.83,23.0,106.6,1.5499999999999972,32.0,39.0,1.9436383408452969,105.83,107.38,71,-7.0,22.0,-0.1
07:34:48,104.44,16.0,106.2,30.0,64.35,60.0,182.43,14.0,105.32,1.7600000000000051,76.0,44.0,1.6041758008409868,104.44,106.2,120,32.0,49.0,0.27
07:34:49,104.0,27.0,105.76,21.0,84.24,45.0,157.93,28.0,104.88,1.7600000000000051,72.0,49.0,1.680690334357819,104.0,105.76,121,23.0,1.0,0.19
07:34:50,104.0,27.0,105.71,28.0,101.0,36.0,187.92,25.0,104.86,1.7099999999999937,63.0,53.0,1.2841650984214419,104.0,105.71,116,10.0,-5.0,0.09
07:34:51,104.0,24.0,105.78,9.0,100.52,31.0,185.8,25.0,104.89,1.7800000000000011,55.0,34.0,0.7463243262842977,104.0,105.78,89,21.0,-27.0,0.24
07:34:52,104.0,9.0,106.0,3.0,94.21,29.0,121.0,9.0,105.0,2.0,38.0,12.0,0.19235384062631686,104.0,106.0,50,26.0,-39.0,0.52
07:34:53,104.64,28.0,151.3,23.0,93.77,97.0,281.74,34.0,127.97,46.66000000000001,125.0,57.0,10.314007465578252,104.64,151.3,182,68.0,132.0,0.37
07:34:54,106.62,13.0,205.12,24.0,105.29,14.0,286.29,21.0,155.87,98.5,27.0,45.0,22.54058495248081,106.61999999999999,205.12,72,-18.0,-110.0,-0.25
07:34:55,108.4,60.0,335.33,27.0,107.8,61.0,503.43,23.0,221.87,226.92999999999998,121.0,50.0,48.75529407151601,108.4,335.33,171,71.0,99.0,0.42
07:34:56,113.0,30.0,177.31,61.0,108.33,172.0,278.78,55.0,145.16,64.31,202.0,116.0,43.950565752900204,113.0,177.31,318,86.0,147.0,0.27
07:34:57,113.0,12.0,287.86,35.0,110.0,40.0,327.85,34.0,200.43,174.86,52.0,69.0,39.36796667342631,113.0,287.86,121,-17.0,-174.5,-0.14
07:34:58,108.57,69.0,220.57,44.0,108.21,87.0,341.62,37.0,164.57,112.0,156.0,81.0,32.30854066651734,108.57,220.57,237,75.0,116.0,0.32
07:34:59,109.0,12.0,163.0,24.0,108.0,144.0,200.42,38.0,136.0,54.0,156.0,62.0,36.585434670097946,109.0,163.0,218,94.0,-19.0,0.43
07:35:00,109.0,7.0,162.11,27.0,108.0,126.0,179.14,21.0,135.56,53.110000000000014,133.0,48.0,27.304657661285635,109.0,162.11,181,85.0,-37.0,0.47
07:35:01,108.85,40.0,162.0,56.0,107.99,188.0,293.64,42.0,135.43,53.150000000000006,228.0,98.0,28.616237872928096,108.85,162.0,326,130.0,145.0,0.4
07:35:02,108.0,162.0,161.53,15.0,107.0,45.0,177.18,34.0,134.77,53.53,207.0,49.0,13.034785383733933,108.0,161.53,256,158.0,-70.0,0.62
07:35:03,108.0,144.0,159.27,11.0,107.0,40.0,160.69,29.0,133.64,51.27000000000001,184.0,40.0,0.9177417937545364,108.0,159.27,224,144.0,-32.0,0.64
07:35:04,108.91,66.0,157.33,18.0,107.88,123.0,158.89,27.0,133.12,48.420000000000016,189.0,45.0,1.0845874791844823,108.91,157.33,234,144.0,10.0,0.62
07:35:05,108.39,129.0,156.43,37.0,107.69,130.0,156.97,33.0,132.41,48.040000000000006,259.0,70.0,1.2237769404608398,108.39,156.43,329,189.0,95.0,0.57
07:35:06,108.56,113.0,153.67,43.0,107.87,152.0,155.5,72.0,131.12,45.109999999999985,265.0,115.0,1.3636971804633216,108.56,153.67,380,150.0,51.0,0.39
07:35:07,109.0,42.0,152.0,6.0,108.0,90.0,153.0,24.0,130.5,43.0,132.0,30.0,1.323978851796181,109.0,152.0,162,102.0,-174.5,0.63
07:35:08,109.0,17.0,152.0,8.0,108.0,120.0,153.0,32.0,130.5,43.0,137.0,40.0,1.1824127874830752,109.0,152.0,177,97.0,15.0,0.55
07:35:09,109.0,27.0,150.71,17.0,108.0,165.0,151.47,38.0,129.85,41.71000000000001,192.0,55.0,0.9680030991703752,109.0,150.71,247,137.0,70.0,0.55
07:35:10,109.0,55.0,149.82,11.0,108.0,165.0,151.0,44.0,129.41,40.81999999999999,220.0,55.0,0.6603256772255843,109.0,149.82,275,165.0,28.0,0.6
07:35:11,109.0,48.0,147.9,10.0,108.0,150.0,151.0,40.0,128.45,38.900000000000006,198.0,50.0,0.8573622338331659,109.0,147.9,248,148.0,-27.0,0.6
07:35:12,109.0,40.0,144.97,31.0,108.0,150.0,146.47,19.0,126.98,35.97,190.0,50.0,1.3707917420247757,109.0,144.97,240,140.0,-8.0,0.58
07:35:13,109.0,56.0,141.16,38.0,108.0,210.0,143.5,32.0,125.08,32.16,266.0,70.0,1.9473905617526297,109.0,141.16,336,196.0,96.0,0.58
07:35:14,109.0,40.0,140.22,40.0,108.0,150.0,141.62,37.0,124.61,31.22,190.0,77.0,2.0775779167105,109.0,140.22,267,113.0,-69.0,0.42
07:35:15,109.0,44.0,135.3,43.0,108.0,165.0,137.22,36.0,122.15,26.30000000000001,209.0,79.0,2.401734789689114,109.0,135.3,288,130.0,21.0,0.45
07:35:16,109.0,36.0,126.73,30.0,108.0,225.0,125.07,60.0,117.87,17.730000000000004,261.0,90.0,3.5081006256951683,109.0,126.73,351,171.0,63.0,0.49
07:35:17,109.0,28.0,119.38,45.0,108.0,210.0,121.57,46.0,114.19,10.379999999999995,238.0,91.0,4.66186657895768,109.0,119.37999999999998,329,147.0,-22.0,0.45
07:35:18,109.0,26.0,115.79,42.0,108.0,195.0,116.13,39.0,112.39,6.790000000000006,221.0,81.0,5.1630146232605565,109.0,115.79,302,140.0,-27.0,0.46
07:35:19,109.28,25.0,111.67,27.0,108.04,141.0,112.65,55.0,110.47,2.3900000000000006,166.0,82.0,4.650040860035755,109.28,111.67,248,84.0,-54.0,0.34
07:35:20,109.0,15.0,110.1,51.0,108.0,156.0,115.0,60.0,109.55,1.0999999999999943,171.0,111.0,3.3072768254262894,109.0,110.1,282,60.0,34.0,0.21
07:35:21,106.64,25.0,201.82,33.0,102.08,25.0,383.82,22.0,154.23,95.17999999999999,50.0,55.0,19.12620401438828,106.64,201.82,105,-5.0,-174.5,-0.05
07:35:22,106.25,16.0,310.87,15.0,104.05,43.0,354.17,24.0,208.56,204.62,59.0,39.0,43.18533894737894,106.25,310.87,98,20.0,-7.0,0.2
07:35:23,105.6,25.0,234.09,11.0,99.33,15.0,296.18,11.0,169.85,128.49,40.0,22.0,41.948174215333914,105.6,234.09000000000003,62,18.0,-36.0,0.29
07:35:24,105.77,39.0,210.0,14.0,104.49,41.0,305.0,14.0,157.88,104.23,80.0,28.0,35.489734149469285,105.77,210.0,108,52.0,46.0,0.48
07:35:25,106.47,17.0,209.0,7.0,105.14,21.0,305.0,7.0,157.74,102.53,38.0,14.0,22.53988398372998,106.47,209.0,52,24.0,-56.0,0.46
07:35:26,106.0,39.0,156.08,12.0,104.73,11.0,170.82,11.0,131.04,50.08000000000001,50.0,23.0,28.185451566366762,106.0,156.08,73,27.0,21.0,0.37
07:35:27,106.36,42.0,154.0,8.0,105.91,33.0,156.0,8.0,130.18,47.64,75.0,16.0,17.7914816696082,106.36,154.0,91,59.0,18.0,0.65
07:35:28,107.11,46.0,118.76,34.0,106.05,66.0,125.33,30.0,112.94,11.650000000000006,112.0,64.0,19.509420288670896,107.11000000000001,118.76,176,48.0,85.0,0.27
07:35:29,107.0,171.0,115.38,13.0,106.0,65.0,117.0,13.0,111.19,8.379999999999995,236.0,26.0,18.747877746561155,107.0,115.38000000000001,262,210.0,86.0,0.8
07:35:30,107.92,118.0,112.77,13.0,106.0,65.0,113.77,13.0,110.34,4.849999999999994,183.0,26.0,10.518722355875827,107.92,112.77,209,157.0,-53.0,0.75
07:35:31,108.0,84.0,110.64,11.0,106.0,55.0,203.6,15.0,109.32,2.6400000000000006,139.0,26.0,8.702843213571157,108.0,110.64,165,113.0,-44.0,0.68
07:35:32,108.0,56.0,205.78,9.0,106.0,40.0,388.61,23.0,156.89,97.78,96.0,32.0,20.58893707795529,108.0,205.78,128,64.0,-37.0,0.5
07:35:33,109.76,59.0,413.94,49.0,107.88,82.0,463.87,31.0,261.85,304.18,141.0,80.0,65.74924919723423,109.76,413.94000000000005,221,61.0,93.0,0.28
07:35:34,110.0,50.0,136.7,20.0,108.0,70.0,368.96,27.0,123.35,26.69999999999999,120.0,47.0,64.16440329341502,110.0,136.7,167,73.0,-54.0,0.44
07:35:35,110.0,40.0,133.53,19.0,108.0,56.0,270.11,9.0,121.76,23.53,96.0,28.0,62.47621011233002,110.0,133.53,124,68.0,-43.0,0.55
07:35:36,110.0,55.0,133.08,25.0,108.0,77.0,282.89,18.0,121.54,23.080000000000013,132.0,43.0,60.46713131942021,110.0,133.08,175,89.0,51.0,0.51
07:35:37,110.0,60.0,132.67,24.0,108.0,84.0,264.33,30.0,121.33,22.669999999999987,144.0,54.0,62.550134532229485,110.0,132.67,198,90.0,23.0,0.45
07:35:38,110.0,65.0,130.31,26.0,108.0,91.0,182.69,26.0,120.15,20.310000000000002,156.0,52.0,1.14713992171963,110.0,130.31,208,104.0,10.0,0.5
07:35:39,113.0,15.0,128.24,34.0,110.0,75.0,129.93,30.0,120.62,15.240000000000009,90.0,64.0,0.6732384421606167,113.0,128.24,154,26.0,-54.0,0.17
07:35:40,113.0,12.0,125.68,38.0,110.0,60.0,126.82,34.0,119.34,12.680000000000007,72.0,72.0,0.8953937681281852,113.0,125.68,144,0.0,-10.0,0.0
07:35:41,110.55,55.0,123.88,48.0,108.82,107.0,124.67,42.0,117.21,13.329999999999998,162.0,90.0,1.5835876988669357,110.55,123.88,252,72.0,108.0,0.29
07:35:42,108.44,183.0,120.57,42.0,107.2,164.0,121.94,47.0,114.5,12.129999999999995,347.0,89.0,2.524585114430189,108.44,120.57,436,258.0,173.5,0.59
07:35:43,108.15,67.0,117.86,14.0,106.93,56.0,121.0,21.0,113.0,9.709999999999994,123.0,35.0,3.1957909819013954,108.15,117.86,158,88.0,-174.5,0.56
07:35:44,108.0,141.0,112.09,35.0,106.0,96.0,188.03,35.0,110.04,4.090000000000003,237.0,70.0,3.6195883743876123,108.0,112.09,307,167.0,149.0,0.54
07:35:45,108.0,40.0,278.77,13.0,106.0,48.0,453.26,19.0,193.38,170.76999999999998,88.0,32.0,35.73360015447651,108.0,278.77,120,56.0,-174.5,0.47
07:35:46,109.59,22.0,307.5,20.0,107.32,53.0,437.94,18.0,208.55,197.91,75.0,38.0,48.76936107844767,109.59,307.5,113,37.0,-7.0,0.33
07:35:47,113.0,8.0,273.75,16.0,108.0,40.0,396.0,16.0,193.38,160.75,48.0,32.0,48.018768205775636,113.0,273.75,80,16.0,-33.0,0.2
07:35:48,108.42,33.0,415.86,14.0,106.33,36.0,471.89,9.0,262.14,307.44,69.0,23.0,54.55170134835404,108.42,415.86,92,46.0,12.0,0.5
07:35:49,110.0,70.0,405.0,26.0,107.19,32.0,483.83,12.0,257.5,295.0,102.0,38.0,34.22601495938454,110.0,405.0,140,64.0,48.0,0.46
07:35:50,110.0,56.0,376.0,32.0,107.0,8.0,433.62,16.0,243.0,266.0,64.0,48.0,30.483190121770647,110.0,376.0,112,16.0,-28.0,0.14
07:35:51,110.0,42.0,176.0,18.0,107.89,18.0,465.11,18.0,143.0,66.0,60.0,36.0,50.86369510761102,110.0,176.0,96,24.0,-16.0,0.25
07:35:52,110.51,59.0,176.0,36.0,109.11,63.0,424.25,48.0,143.25,65.49,122.0,84.0,61.25386861252121,110.51,176.0,206,38.0,110.0,0.18
07:35:53,110.26,19.0,172.16,25.0,109.63,43.0,242.0,24.0,141.21,61.89999999999999,62.0,49.0,59.25184444386527,110.26,172.16,111,13.0,-95.0,0.12
07:35:54,111.0,8.0,308.0,32.0,110.0,56.0,551.38,24.0,209.5,197.0,64.0,56.0,47.389757015625285,111.0,308.0,120,8.0,9.0,0.07
07:35:55,110.37,19.0,253.18,39.0,109.61,61.0,495.26,39.0,181.77,142.81,80.0,78.0,30.72721481032739,110.37,253.18,158,2.0,38.0,0.01
07:35:56,109.38,29.0,245.12,24.0,107.87,23.0,520.84,25.0,177.25,135.74,52.0,49.0,28.696671932473357,109.38,245.12,101,3.0,-57.0,0.03
07:35:57,109.19,37.0,208.38,29.0,107.96,25.0,260.77,39.0,158.78,99.19,62.0,68.0,25.678657869912225,109.19,208.38,130,-6.0,29.0,-0.05
07:35:58,109.0,126.0,197.11,27.0,108.0,47.0,200.0,45.0,153.06,88.11000000000001,173.0,72.0,22.247761010942327,109.0,197.11,245,101.0,115.0,0.41
07:35:59,109.0,151.0,195.45,33.0,108.0,77.0,403.82,55.0,152.23,86.44999999999999,228.0,88.0,13.918429149871848,109.0,195.45,316,140.0,71.0,0.44
07:36:00,109.0,134.0,191.0,39.0,108.0,84.0,305.41,46.0,150.0,82.0,218.0,85.0,11.096383645134134,109.0,191.0,303,133.0,-13.0,0.44
07:36:01,109.0,101.0,190.27,33.0,108.0,70.0,344.88,42.0,149.64,81.27000000000001,171.0,75.0,3.672930709937033,109.0,190.27,246,96.0,-57.0,0.39
07:36:02,109.0,80.0,153.18,28.0,108.0,56.0,207.96,27.0,131.09,44.18000000000001,136.0,55.0,9.123679630499788,109.0,153.18,191,81.0,-55.0,0.42
07:36:03,109.0,120.0,127.31,42.0,108.0,84.0,128.29,42.0,118.15,18.310000000000002,204.0,84.0,14.992220315883648,109.0,127.31000000000002,288,120.0,97.0,0.42
07:36:04,109.0,120.0,124.0,42.0,108.0,84.0,125.29,42.0,116.5,15.0,204.0,84.0,16.296328727661084,109.0,124.0,288,120.0,0.0,0.42
07:36:05,109.0,87.0,120.54,39.0,108.0,70.0,123.13,31.0,114.77,11.540000000000006,157.0,70.0,14.686206113220297,109.0,120.54,227,87.0,-61.0,0.38
07:36:06,109.0,55.0,117.56,36.0,108.0,63.0,123.0,27.0,113.28,8.560000000000002,118.0,63.0,7.131954150160154,109.0,117.56,181,55.0,-46.0,0.3
07:36:07,109.8,15.0,115.43,14.0,108.24,37.0,117.0,28.0,112.61,5.63000000000001,52.0,42.0,2.2845502839695295,109.8,115.42999999999999,94,10.0,-87.0,0.11
07:36:08,113.0,9.0,114.5,24.0,109.0,27.0,116.6,30.0,113.75,1.5,36.0,54.0,1.5157737298109286,113.0,114.5,90,-18.0,-4.0,-0.2
07:36:09,109.0,36.0,113.35,26.0,108.0,84.0,118.8,35.0,111.17,4.349999999999994,120.0,61.0,1.3423412382790576,109.0,113.35,181,59.0,91.0,0.33
07:36:10,109.0,17.0,110.25,12.0,108.0,42.0,112.07,14.0,109.62,1.25,59.0,26.0,1.6874033305597618,109.0,110.25,85,33.0,-96.0,0.39
07:36:11,107.93,29.0,112.62,24.0,106.19,26.0,395.5,38.0,110.28,4.689999999999998,55.0,62.0,1.6900680459626365,107.93,112.62,117,-7.0,32.0,-0.06
07:36:12,108.37,51.0,111.88,17.0,104.88,66.0,192.77,39.0,110.13,3.509999999999991,117.0,56.0,1.640929614573336,108.37,111.88,173,61.0,56.0,0.35
07:36:13,109.0,56.0,110.82,17.0,105.38,16.0,162.56,25.0,109.91,1.8199999999999932,72.0,42.0,0.5852947975025472,109.0,110.82,114,30.0,-59.0,0.26
07:36:14,109.0,70.0,110.0,26.0,106.0,10.0,391.09,32.0,109.5,1.0,80.0,58.0,0.32980297145937526,109.0,110.0,138,22.0,24.0,0.16
07:36:15,109.0,53.0,110.0,15.0,106.93,87.0,481.55,44.0,109.5,1.0,140.0,59.0,0.3573933407094008,109.0,110.0,199,81.0,61.0,0.41
07:36:16,108.15,53.0,110.0,7.0,107.29,63.0,322.82,22.0,109.08,1.8499999999999943,116.0,29.0,0.4075904807319966,108.15000000000002,110.0,145,87.0,-54.0,0.6
07:36:17,108.0,63.0,152.57,14.0,107.0,63.0,343.8,10.0,130.29,44.56999999999999,126.0,24.0,9.303318225234735,108.0,152.57,150,102.0,5.0,0.68
07:36:18,108.0,81.0,157.0,18.0,107.0,84.0,221.07,30.0,132.5,49.0,165.0,48.0,12.09554794128759,108.0,157.0,213,117.0,63.0,0.55
07:36:19,108.5,36.0,201.0,10.0,107.16,43.0,558.0,5.0,154.75,92.5,79.0,15.0,18.9622132147065,108.5,201.0,94,64.0,-119.0,0.68
07:36:20,111.0,48.0,200.62,16.0,108.0,63.0,419.7,20.0,155.81,89.62,111.0,36.0,19.444524422057576,111.0,200.62,147,75.0,53.0,0.51
07:36:21,111.0,59.0,199.82,22.0,109.26,43.0,301.39,28.0,155.41,88.82,102.0,50.0,13.134813283788887,111.0,199.82,152,52.0,5.0,0.34
07:36:22,111.0,68.0,135.17,46.0,108.86,28.0,181.8,40.0,123.09,24.169999999999987,96.0,86.0,15.44521026078947,111.0,135.17,182,10.0,30.0,0.05
07:36:23,110.96,50.0,129.34,35.0,108.86,28.0,152.97,38.0,120.15,18.38000000000001,78.0,73.0,18.49319117945833,110.96,129.34,151,5.0,-31.0,0.03
07:36:24,109.17,23.0,127.79,42.0,108.05,111.0,207.06,64.0,118.48,18.620000000000005,134.0,106.0,19.261726817707505,109.16999999999999,127.79,240,28.0,89.0,0.12
07:36:25,108.0,64.0,126.0,27.0,107.0,81.0,128.0,27.0,117.0,18.0,145.0,54.0,16.1382908016924,108.0,126.0,199,91.0,-41.0,0.46
07:36:26,108.0,50.0,126.0,21.0,107.0,65.0,128.0,21.0,117.0,18.0,115.0,42.0,2.56014257415215,108.0,126.0,157,73.0,-42.0,0.46
07:36:27,108.0,108.0,123.96,53.0,107.0,135.0,125.66,53.0,115.98,15.959999999999994,243.0,106.0,1.6237980169915867,108.0,123.96000000000001,349,137.0,173.5,0.39
07:36:28,108.0,28.0,120.43,21.0,107.0,63.0,122.0,21.0,114.21,12.430000000000007,91.0,42.0,1.5755253092176351,108.0,120.43,133,49.0,-174.5,0.37
07:36:29,110.52,25.0,119.0,24.0,107.76,37.0,122.0,24.0,114.76,8.480000000000004,62.0,48.0,1.276871175955118,110.52,119.0,110,14.0,-23.0,0.13
07:36:30,111.0,30.0,117.76,29.0,108.0,40.0,120.3,30.0,114.38,6.760000000000005,70.0,59.0,1.190873628889646,111.0,117.76,129,11.0,19.0,0.09
07:36:31,111.0,42.0,115.53,30.0,108.0,56.0,116.6,40.0,113.27,4.530000000000001,98.0,70.0,0.9832853095538922,111.0,115.53,168,28.0,39.0,0.17
07:36:32,108.79,62.0,113.4,35.0,107.53,53.0,114.6,35.0,111.1,4.609999999999999,115.0,70.0,1.4721854502691263,108.79,113.4,185,45.0,17.0,0.24
07:36:33,107.0,96.0,112.08,36.0,106.0,24.0,113.06,35.0,109.54,5.079999999999998,120.0,71.0,2.2302466231302156,107.0,112.08,191,49.0,6.0,0.26
07:36:34,106.89,45.0,111.18,34.0,105.26,61.0,112.25,36.0,109.03,4.290000000000006,106.0,70.0,2.3196616132495005,106.89,111.18,176,36.0,-15.0,0.2
07:36:35,105.09,69.0,107.78,27.0,104.72,75.0,109.69,32.0,106.43,2.6899999999999977,144.0,59.0,2.535789817785109,105.09,107.78,203,85.0,27.0,0.42
07:36:36,105.0,108.0,107.02,45.0,104.0,37.0,108.46,13.0,106.01,2.019999999999996,145.0,58.0,2.1550568437937,105.0,107.02,203,87.0,0.0,0.43
07:36:37,105.0,35.0,106.0,12.0,104.0,32.0,160.13,31.0,105.5,1.0,67.0,43.0,1.8487482251463074,105.0,106.0,110,24.0,-93.0,0.22
07:36:38,107.8,15.0,240.75,40.0,104.78,18.0,416.62,8.0,174.28,132.95,33.0,48.0,30.234342228664197,107.8,240.75,81,-15.0,-29.0,-0.19
07:36:39,110.0,14.0,363.09,11.0,105.33,12.0,456.16,31.0,236.55,253.08999999999997,26.0,42.0,58.74519835697211,110.0,363.09,68,-16.0,-13.0,-0.24
07:36:40,111.54,13.0,298.95,21.0,108.0,42.0,439.22,37.0,205.25,187.40999999999997,55.0,58.0,58.830926985727565,111.53999999999999,298.95,113,-3.0,45.0,-0.03
07:36:41,109.18,33.0,331.0,45.0,108.33,18.0,508.89,45.0,220.09,221.82,51.0,90.0,51.66808424937021,109.18,331.0,141,-39.0,28.0,-0.28
07:36:42,107.31,26.0,297.5,16.0,107.16,32.0,357.08,36.0,202.4,190.19,58.0,52.0,23.11288882853085,107.31,297.5,110,6.0,-31.0,0.05
07:36:43,108.2,15.0,279.0,30.0,107.36,33.0,329.23,26.0,193.6,170.8,48.0,56.0,16.90815395009248,108.2,279.0,104,-8.0,-6.0,-0.08
07:36:44,108.0,20.0,329.4,25.0,107.0,35.0,497.33,21.0,218.7,221.39999999999998,55.0,46.0,11.257667165093585,108.0,329.4,101,9.0,-3.0,0.09
07:36:45,108.0,28.0,362.79,19.0,107.0,49.0,502.67,15.0,235.39,254.79000000000002,77.0,34.0,16.335725573112107,108.0,362.79,111,43.0,10.0,0.39
07:36:46,108.0,24.0,362.0,6.0,106.85,20.0,579.17,18.0,235.0,254.0,44.0,24.0,18.87988665220293,108.0,362.0,68,20.0,-43.0,0.29
07:36:47,107.61,31.0,262.0,21.0,106.79,19.0,594.73,33.0,184.81,154.39,50.0,54.0,23.38583011141637,107.61,262.0,104,-4.0,36.0,-0.04
07:36:48,107.81,48.0,235.53,40.0,106.7,30.0,422.05,44.0,171.67,127.72,78.0,84.0,29.347666517118977,107.81,235.53000000000003,162,-6.0,58.0,-0.04
07:36:49,109.33,45.0,156.24,17.0,107.0,45.0,305.21,43.0,132.78,46.91000000000001,90.0,60.0,43.885307905949766,109.33000000000001,156.24,150,30.0,-12.0,0.2
07:36:50,110.0,27.0,138.67,9.0,107.0,27.0,276.0,45.0,124.33,28.669999999999987,54.0,54.0,44.49102347665205,110.0,138.67,108,0.0,-42.0,0.0
07:36:51,110.73,22.0,136.2,25.0,109.4,30.0,234.21,24.0,123.46,25.469999999999985,52.0,49.0,28.756014153564305,110.73,136.2,101,3.0,-7.0,0.03
07:36:52,109.11,19.0,135.88,32.0,108.86,21.0,137.0,8.0,122.49,26.769999999999996,40.0,40.0,20.935157749584366,109.11000000000001,135.88,80,0.0,-21.0,0.0
07:36:53,108.82,33.0,134.22,32.0,106.83,48.0,134.47,38.0,121.52,25.400000000000006,81.0,70.0,4.520069689725613,108.82,134.22,151,11.0,71.0,0.07
07:36:54,110.0,26.0,128.89,19.0,107.0,46.0,131.65,46.0,119.45,18.889999999999986,72.0,65.0,1.8855370587645495,110.0,128.89,137,7.0,-14.0,0.05
07:36:55,110.0,16.0,124.62,8.0,107.0,24.0,129.0,32.0,117.31,14.620000000000005,40.0,40.0,2.4719486240562456,110.0,124.62,80,0.0,-57.0,0.0
07:36:56,110.0,14.0,121.8,10.0,107.36,22.0,124.28,25.0,115.9,11.799999999999997,36.0,35.0,2.767730116895903,110.0,121.8,71,1.0,-9.0,0.01
07:36:57,110.0,38.0,120.68,25.0,108.36,66.0,121.97,70.0,115.34,10.680000000000007,104.0,95.0,2.569461032973982,110.0,120.68,199,9.0,128.0,0.05
07:36:58,108.69,26.0,120.0,56.0,107.9,60.0,121.0,14.0,114.35,11.310000000000002,86.0,70.0,1.980037878418199,108.69,120.0,156,16.0,-43.0,0.1
07:36:59,111.81,84.0,118.69,52.0,107.68,47.0,119.69,49.0,115.25,6.8799999999999955,131.0,101.0,1.0911232744150865,111.81000000000002,118.69,232,30.0,76.0,0.13
07:37:00,113.0,72.0,115.36,33.0,108.0,36.0,117.17,24.0,114.18,2.3599999999999994,108.0,57.0,0.7216162414814964,113.0,115.36,165,51.0,-67.0,0.31
07:37:01,113.0,57.0,114.0,48.0,108.22,36.0,209.62,29.0,113.5,1.0,93.0,77.0,0.773000646810567,113.0,114.0,170,16.0,5.0,0.09
07:37:02,112.41,17.0,114.0,40.0,108.45,20.0,458.0,20.0,113.21,1.5900000000000034,37.0,60.0,0.797414572207751,112.41,114.0,97,-23.0,-73.0,-0.24
07:37:03,108.0,69.0,113.43,28.0,107.0,35.0,458.0,14.0,110.71,5.430000000000007,104.0,42.0,1.6814130961690457,108.0,113.42999999999999,146,62.0,49.0,0.42
07:37:04,108.0,143.0,112.91,44.0,107.0,55.0,378.1,40.0,110.45,4.909999999999997,198.0,84.0,1.7097221996476812,108.0,112.91,282,114.0,136.0,0.4
07:37:05,108.0,131.0,110.73,44.0,107.0,55.0,372.73,52.0,109.36,2.730000000000004,186.0,96.0,1.8176715874897322,108.0,110.73,282,90.0,0.0,0.32
07:37:06,108.0,34.0,176.0,19.0,107.0,30.0,337.11,27.0,142.0,68.0,64.0,46.0,13.96507894714424,108.0,176.0,110,18.0,-172.0,0.16
07:37:07,108.4,10.0,280.5,6.0,107.17,24.0,421.0,30.0,194.45,172.1,34.0,36.0,36.812098962161635,108.4,280.5,70,-2.0,-40.0,-0.03
07:37:08,110.0,4.0,251.75,4.0,108.0,8.0,438.0,20.0,180.88,141.75,12.0,24.0,39.29412513340883,110.0,251.75,36,-12.0,-34.0,-0.33
07:37:09,108.33,12.0,158.0,7.0,107.14,29.0,328.93,29.0,133.17,49.67,41.0,36.0,35.031384072000286,108.33,158.0,77,5.0,41.0,0.06
07:37:10,107.94,17.0,158.0,9.0,106.55,33.0,507.0,18.0,132.97,50.06,50.0,27.0,28.907605054725625,107.94,158.0,77,23.0,0.0,0.3
07:37:11,107.17,12.0,158.0,11.0,106.05,42.0,549.69,26.0,132.58,50.83,54.0,37.0,30.374424274379216,107.17,158.0,91,17.0,14.0,0.19
07:37:12,110.2,20.0,157.6,10.0,106.1,40.0,420.07,15.0,133.9,47.39999999999999,60.0,25.0,21.348656866416444,110.2,157.6,85,35.0,-6.0,0.41
07:37:13,111.0,28.0,157.0,14.0,107.0,7.0,158.0,7.0,134.0,46.0,35.0,21.0,0.6105980674587118,111.0,157.0,56,14.0,-29.0,0.25
07:37:14,109.93,42.0,156.58,24.0,106.29,17.0,465.0,24.0,133.26,46.650000000000006,59.0,48.0,0.6062342781337292,109.93,156.58,107,11.0,51.0,0.1
07:37:15,107.14,49.0,155.18,22.0,105.68,76.0,456.0,23.0,131.16,48.040000000000006,125.0,45.0,1.165933102705343,107.13999999999999,155.18,170,80.0,63.0,0.47
07:37:16,110.0,18.0,152.56,18.0,106.0,63.0,396.0,27.0,131.28,42.56,81.0,45.0,1.3990711204166708,110.0,152.56,126,36.0,-44.0,0.29
07:37:17,110.0,30.0,150.33,30.0,106.0,132.0,217.82,33.0,130.17,40.33000000000001,162.0,63.0,1.5935118449461119,110.0,150.33,225,99.0,99.0,0.44
07:37:18,110.0,30.0,148.33,12.0,106.0,60.0,149.67,12.0,129.17,38.33000000000001,90.0,24.0,1.5206150071543654,110.0,148.33,114,66.0,-111.0,0.58
07:37:19,110.0,40.0,146.38,16.0,106.0,80.0,148.0,16.0,128.19,36.379999999999995,120.0,32.0,1.3207687155526333,110.0,146.38,152,88.0,38.0,0.58
07:37:20,107.0,48.0,145.0,20.0,105.94,64.0,147.0,20.0,126.0,38.0,112.0,40.0,2.015259288523952,107.0,145.0,152,72.0,0.0,0.47
07:37:21,108.31,87.0,143.73,22.0,106.52,50.0,144.91,22.0,126.02,35.41999999999999,137.0,44.0,1.870414392582986,108.30999999999999,143.73,181,93.0,29.0,0.51
07:37:22,110.91,44.0,141.12,16.0,108.3,40.0,143.62,16.0,126.02,30.210000000000008,84.0,32.0,1.5011495594980582,110.91,141.12,116,52.0,-65.0,0.45
07:37:23,111.8,25.0,139.6,20.0,109.11,56.0,140.63,27.0,125.7,27.799999999999997,81.0,47.0,1.017585377244049,111.8,139.6,128,34.0,12.0,0.27
07:37:24,110.0,30.0,136.88,25.0,109.0,150.0,138.0,20.0,123.44,26.879999999999995,180.0,45.0,1.1240462623844694,110.0,136.88,225,135.0,97.0,0.6
07:37:25,109.67,30.0,132.91,11.0,108.68,95.0,136.5,16.0,121.29,23.239999999999995,125.0,27.0,2.0909519363151454,109.67,132.91,152,98.0,-73.0,0.64
07:37:26,110.0,75.0,131.06,17.0,107.8,125.0,132.12,16.0,120.53,21.060000000000002,200.0,33.0,2.4922339376510285,110.0,131.06,233,167.0,81.0,0.72
07:37:27,109.14,105.0,128.91,23.0,108.25,40.0,129.14,43.0,119.03,19.769999999999996,145.0,66.0,2.610051723621375,109.14,128.91,211,79.0,-22.0,0.37
07:37:28,109.0,50.0,125.67,9.0,108.0,15.0,128.86,21.0,117.33,16.67,65.0,30.0,2.308869853408409,109.0,125.67,95,35.0,-116.0,0.37
07:37:29,107.03,200.0,123.88,41.0,106.35,60.0,124.17,52.0,115.45,16.849999999999994,260.0,93.0,2.377073831410687,107.03,123.88,353,167.0,173.5,0.47
07:37:30,107.0,86.0,119.78,18.0,106.0,21.0,121.56,27.0,113.39,12.780000000000001,107.0,45.0,2.8292543187166457,107.0,119.78,152,62.0,-174.5,0.41
07:37:31,107.0,77.0,116.77,13.0,106.0,21.0,119.0,12.0,111.88,9.769999999999996,98.0,25.0,2.8867594288364335,107.0,116.77,123,73.0,-29.0,0.59
07:37:32,107.26,61.0,114.65,20.0,106.71,62.0,117.09,11.0,110.96,7.390000000000001,123.0,31.0,2.603050133972717,107.26,114.65,154,92.0,31.0,0.6
07:37:33,107.0,96.0,111.69,29.0,106.0,36.0,112.77,30.0,109.34,4.689999999999998,132.0,59.0,2.3344228408698187,107.0,111.69,191,73.0,37.0,0.38
07:37:34,107.0,65.0,109.24,34.0,106.0,30.0,110.17,24.0,108.12,2.239999999999995,95.0,58.0,2.073335476948705,107.0,109.24,153,37.0,-38.0,0.24
07:37:35,106.0,28.0,108.29,34.0,105.0,60.0,109.08,26.0,107.15,2.2900000000000063,88.0,60.0,1.9524343778917677,106.0,108.29,148,28.0,-5.0,0.19
07:37:36,105.02,50.0,107.0,33.0,104.17,36.0,298.24,29.0,106.01,1.980000000000004,86.0,62.0,1.9206066749788062,105.02,107.0,148,24.0,0.0,0.16
07:37:37,105.0,18.0,106.67,24.0,104.0,18.0,345.0,30.0,105.83,1.6700000000000017,36.0,54.0,1.4731768393416833,105.0,106.67,90,-18.0,-58.0,-0.2
07:37:38,104.75,16.0,106.0,32.0,97.5,24.0,412.42,36.0,105.38,1.25,40.0,68.0,1.1169467310361858,104.75,106.0,108,-28.0,18.0,-0.26
07:37:39,88.04,28.0,105.35,37.0,64.02,53.0,194.9,49.0,96.69,17.309999999999988,81.0,86.0,4.255210923088475,88.04,105.35,167,-5.0,59.0,-0.03
07:37:41,105.18,44.0,127.07,46.0,95.62,37.0,471.79,42.0,116.12,21.889999999999986,81.0,88.0,9.625296359072326,105.18,127.06999999999998,169,-7.0,49.0,-0.04
07:37:42,105.14,21.0,266.96,23.0,90.0,27.0,289.36,39.0,186.05,161.82,48.0,62.0,38.644116628537105,105.14,266.96,110,-14.0,-59.0,-0.13
07:37:43,106.0,7.0,300.52,27.0,104.0,21.0,514.35,23.0,203.26,194.51999999999998,28.0,50.0,52.35404693049034,106.0,300.52,78,-22.0,-32.0,-0.28
07:37:45,106.08,26.0,307.58,38.0,76.88,25.0,302.19,58.0,206.83,201.5,51.0,96.0,54.45780724560994,106.08,307.58,147,-45.0,85.0,-0.31
07:37:46,111.0,12.0,325.67,24.0,104.0,6.0,380.75,20.0,218.33,214.67000000000002,18.0,44.0,31.11367111094438,111.0,325.67,62,-26.0,-85.0,-0.42
07:37:47,111.32,19.0,274.41,37.0,105.27,11.0,635.69,13.0,192.86,163.09000000000003,30.0,50.0,29.555671706121238,111.32,274.41,80,-20.0,18.0,-0.25
07:37:48,113.0,18.0,255.0,30.0,111.0,12.0,393.67,18.0,184.0,142.0,30.0,48.0,32.99502886799789,113.0,255.0,78,-18.0,-2.0,-0.23
07:37:49,113.0,24.0,144.0,40.0,111.0,16.0,593.0,24.0,128.5,31.0,40.0,64.0,34.772019354647824,113.0,144.0,104,-24.0,26.0,-0.23
07:37:50,113.0,30.0,331.27,44.0,111.0,20.0,616.93,30.0,222.14,218.26999999999998,50.0,74.0,37.611568433129776,113.0,331.27,124,-24.0,20.0,-0.19
07:37:52,107.0,60.0,367.84,43.0,104.0,12.0,493.34,29.0,237.42,260.84,72.0,72.0,84.72849768525357,107.0,367.84,144,0.0,71.0,0.0
07:37:53,107.0,55.0,260.21,28.0,104.98,83.0,217.98,43.0,183.61,153.20999999999998,138.0,71.0,84.77689986075227,107.0,260.21,209,67.0,65.0,0.32
07:37:54,107.65,26.0,138.0,14.0,106.35,62.0,215.43,70.0,122.83,30.349999999999994,88.0,84.0,86.42633528039946,107.65,138.0,172,4.0,-37.0,0.02
07:37:55,106.33,27.0,136.36,22.0,105.71,7.0,281.33,15.0,121.35,30.030000000000015,34.0,37.0,98.13536477743388,106.33,136.36,71,-3.0,-101.0,-0.04
07:37:56,105.0,116.0,134.78,46.0,87.69,13.0,135.58,31.0,119.89,29.78,129.0,77.0,52.419295111628394,105.0,134.78,206,52.0,135.0,0.25
07:37:57,108.16,38.0,131.26,31.0,102.52,46.0,133.05,41.0,119.71,23.099999999999994,84.0,72.0,28.05297346093597,108.16,131.26,156,12.0,-50.0,0.08
07:37:58,108.34,58.0,125.94,68.0,106.14,129.0,124.14,66.0,117.14,17.599999999999994,187.0,134.0,2.1176590849263572,108.34,125.94,321,53.0,165.0,0.17
07:37:59,109.0,8.0,113.39,36.0,108.0,24.0,114.17,12.0,111.19,4.390000000000001,32.0,48.0,4.022770189803297,109.0,113.39,80,-16.0,-174.5,-0.2
07:38:00,106.15,101.0,110.86,29.0,105.57,79.0,112.11,37.0,108.51,4.709999999999994,180.0,66.0,5.169557040982218,106.15000000000002,110.86,246,114.0,166.0,0.46
07:38:01,106.0,95.0,128.0,15.0,105.0,112.0,192.6,20.0,117.0,22.0,207.0,35.0,4.663137355897695,106.0,128.0,242,172.0,-4.0,0.71
07:38:02,106.0,8.0,262.0,16.0,105.0,64.0,309.88,32.0,184.0,156.0,72.0,48.0,31.76650232556261,106.0,262.0,120,24.0,-122.0,0.2
07:38:03,106.0,5.0,228.25,16.0,105.0,40.0,299.5,16.0,167.12,122.25,45.0,32.0,35.328671500637824,106.0,228.25,77,13.0,-43.0,0.17
07:38:04,105.06,51.0,218.89,18.0,104.4,60.0,346.88,42.0,161.97,113.82999999999998,111.0,60.0,33.078706897337824,105.06,218.89,171,51.0,94.0,0.3
07:38:05,105.68,93.0,203.0,24.0,104.31,78.0,292.59,46.0,154.34,97.32,171.0,70.0,24.81494469064941,105.67999999999999,203.0,241,101.0,70.0,0.42
07:38:06,108.07,90.0,186.73,55.0,106.19,62.0,285.45,55.0,147.4,78.66,152.0,110.0,13.940813462635253,108.07,186.73,262,42.0,21.0,0.16
07:38:07,109.0,27.0,213.0,45.0,108.0,63.0,423.17,24.0,161.0,104.0,90.0,69.0,7.632514657698982,109.0,213.0,159,21.0,-103.0,0.13
07:38:08,111.0,44.0,216.43,49.0,109.0,33.0,297.77,26.0,163.71,105.43,77.0,75.0,6.756872797381157,111.0,216.43,152,2.0,-7.0,0.01
07:38:09,111.0,36.0,165.88,33.0,109.57,21.0,260.0,36.0,138.44,54.879999999999995,57.0,69.0,10.293819504925608,111.0,165.88,126,-12.0,-26.0,-0.1
07:38:10,110.0,16.0,170.0,8.0,109.0,24.0,171.0,32.0,140.0,60.0,40.0,40.0,11.718545131541942,110.0,170.0,80,0.0,-46.0,0.0
07:38:11,109.8,30.0,168.93,14.0,108.72,50.0,280.87,62.0,139.36,59.13000000000001,80.0,76.0,12.694361740551765,109.8,168.93,156,4.0,76.0,0.03
07:38:12,108.16,58.0,166.0,22.0,106.5,84.0,280.41,17.0,137.08,57.84,142.0,39.0,11.229604623493282,108.16,166.0,181,103.0,25.0,0.57
07:38:13,108.0,63.0,128.08,24.0,106.0,63.0,141.2,20.0,118.04,20.080000000000013,126.0,44.0,9.313242185188566,108.0,128.08,170,82.0,-11.0,0.48
07:38:14,108.0,147.0,121.03,29.0,106.59,102.0,123.62,40.0,114.52,13.030000000000001,249.0,69.0,12.451987793118533,108.0,121.03,318,180.0,148.0,0.57
07:38:15,108.0,33.0,115.06,32.0,107.0,44.0,116.31,26.0,111.53,7.060000000000002,77.0,58.0,13.113473224129807,108.0,115.06,135,19.0,-174.5,0.14
07:38:16,108.0,30.0,113.2,40.0,107.0,40.0,114.11,36.0,110.6,5.200000000000003,70.0,76.0,10.864537726013278,108.0,113.2,146,-6.0,11.0,-0.04
07:38:17,108.0,36.0,110.22,27.0,107.0,48.0,111.27,33.0,109.11,2.219999999999999,84.0,60.0,3.5523583715557603,108.0,110.22,144,24.0,-2.0,0.17
07:38:18,109.56,25.0,263.83,46.0,107.14,37.0,353.73,30.0,186.69,154.26999999999998,62.0,76.0,33.710825412617396,109.56,263.83,138,-14.0,-6.0,-0.1
07:38:19,106.75,16.0,239.0,28.0,105.91,46.0,501.4,20.0,172.88,132.25,62.0,48.0,38.31857343377983,106.75,239.0,110,14.0,-28.0,0.13
07:38:20,106.0,16.0,300.4,10.0,105.0,16.0,467.14,14.0,203.2,194.39999999999998,32.0,24.0,43.91256232560324,106.0,300.4,56,8.0,-54.0,0.14
07:38:21,108.76,34.0,406.62,26.0,104.96,46.0,545.48,46.0,257.69,297.86,80.0,72.0,53.665495711863194,108.76,406.62,152,8.0,96.0,0.05
07:38:23,107.04,46.0,334.11,27.0,103.53,45.0,503.0,9.0,220.58,227.07,91.0,36.0,57.76690341363328,107.04,334.11000000000007,127,55.0,63.0,0.43
07:38:24,109.0,28.0,123.0,7.0,104.0,42.0,350.0,35.0,116.0,14.0,70.0,42.0,75.92456631420445,109.0,123.0,112,28.0,-15.0,0.25
07:38:25,109.0,28.0,223.77,13.0,104.0,48.0,318.89,18.0,166.38,114.77000000000001,76.0,31.0,80.12863739013679,109.0,223.77,107,45.0,-5.0,0.42
07:38:26,109.0,12.0,252.75,24.0,104.0,36.0,307.33,18.0,180.88,143.75,48.0,42.0,77.64034144695667,109.0,252.75,90,6.0,-17.0,0.07
07:38:27,109.0,16.0,217.75,32.0,104.0,48.0,260.83,18.0,163.38,108.75,64.0,50.0,37.57690088338846,109.0,217.75,114,14.0,24.0,0.12
07:38:28,109.0,18.0,186.56,45.0,104.0,54.0,189.0,9.0,147.78,77.56,72.0,54.0,24.711152947606323,109.0,186.56,126,18.0,12.0,0.14
07:38:29,109.0,24.0,185.46,24.0,104.85,71.0,186.19,48.0,147.23,76.46000000000001,95.0,72.0,14.0900674235433,109.0,185.46,167,23.0,41.0,0.14
07:38:30,105.55,53.0,182.07,42.0,99.86,49.0,184.67,18.0,143.81,76.52,102.0,60.0,15.529479385993394,105.55,182.07,162,42.0,-5.0,0.26
07:38:31,111.17,24.0,181.06,53.0,107.0,27.0,181.2,25.0,146.11,69.89,51.0,78.0,7.818290733913011,111.17,181.06,129,-27.0,-33.0,-0.21
07:38:32,107.0,16.0,176.83,12.0,104.0,24.0,177.17,12.0,141.92,69.83000000000001,40.0,24.0,2.457203695257633,107.0,176.83,64,16.0,-65.0,0.25
07:38:33,107.0,20.0,174.6,5.0,104.0,30.0,177.0,25.0,140.8,67.6,50.0,30.0,2.714964088157888,107.0,174.6,80,20.0,16.0,0.25
07:38:34,106.55,33.0,172.25,20.0,103.77,44.0,176.57,28.0,139.4,65.7,77.0,48.0,2.6240369662003964,106.55,172.25,125,29.0,45.0,0.23
07:38:35,108.56,57.0,147.67,60.0,103.85,67.0,147.93,58.0,128.11,39.109999999999985,124.0,118.0,6.72144850459961,108.56,147.67,242,6.0,117.0,0.02
07:38:36,109.0,30.0,121.85,46.0,104.0,50.0,124.32,47.0,115.42,12.849999999999994,80.0,93.0,11.338544880185498,109.0,121.85,173,-13.0,-69.0,-0.08
07:38:37,98.6,30.0,116.0,51.0,84.14,63.0,118.13,63.0,107.3,17.400000000000006,93.0,114.0,14.700904053832097,98.6,116.0,207,-21.0,34.0,-0.1
07:38:48,90.2,15.0,217.25,8.0,66.88,24.0,205.4,10.0,153.72,127.05,39.0,18.0,29.945110953208392,90.2,217.25,57,21.0,-87.0,0.37
07:38:49,92.88,17.0,252.63,19.0,59.5,24.0,256.6,15.0,172.76,159.75,41.0,34.0,42.371763593222916,92.88,252.63000000000002,75,7.0,18.0,0.09
07:38:50,97.29,17.0,206.11,19.0,94.33,36.0,212.43,21.0,151.7,108.82000000000001,53.0,40.0,40.51308776185762,97.29,206.11,93,13.0,18.0,0.14
07:38:51,107.79,19.0,204.33,12.0,105.4,10.0,206.0,18.0,156.06,96.54,29.0,30.0,33.50499246381032,107.79,204.33,59,-1.0,-34.0,-0.02
07:38:52,108.0,6.0,203.33,6.0,106.0,3.0,206.0,9.0,155.67,95.33000000000001,9.0,15.0,8.44181378614773,108.0,203.33,24,-6.0,-35.0,-0.25
07:38:53,108.0,37.0,174.21,28.0,106.97,144.0,201.75,40.0,141.11,66.21000000000001,181.0,68.0,11.399059171703268,108.0,174.21,249,113.0,173.5,0.45
07:38:54,109.23,13.0,124.0,24.0,108.0,36.0,186.0,20.0,116.62,14.769999999999996,49.0,44.0,16.573094762294293,109.23,124.0,93,5.0,-156.0,0.05
07:38:55,110.0,18.0,122.19,37.0,108.0,54.0,123.69,51.0,116.09,12.189999999999998,72.0,88.0,19.882508644534347,110.0,122.19,160,-16.0,67.0,-0.1
07:38:56,108.33,18.0,120.88,16.0,107.11,79.0,123.0,24.0,114.6,12.549999999999997,97.0,40.0,18.608250052059688,108.33,120.88,137,57.0,-23.0,0.42
07:38:57,108.0,33.0,118.0,25.0,107.0,154.0,122.0,30.0,113.0,10.0,187.0,55.0,11.727119424648812,108.0,118.0,242,132.0,105.0,0.55
07:38:58,107.2,41.0,114.38,24.0,106.95,118.0,115.39,31.0,110.79,7.179999999999993,159.0,55.0,2.379842431753075,107.19999999999999,114.38,214,104.0,-28.0,0.49
07:38:59,107.0,110.0,112.88,26.0,106.0,20.0,147.72,25.0,109.94,5.8799999999999955,130.0,51.0,2.5636165859917046,107.0,112.88000000000001,181,79.0,-33.0,0.44
07:39:00,107.34,115.0,112.0,45.0,106.5,48.0,225.82,51.0,109.67,4.659999999999997,163.0,96.0,2.1270049365178156,107.34,112.0,259,67.0,78.0,0.26
07:39:01,107.33,81.0,111.22,41.0,106.57,42.0,124.66,32.0,109.28,3.8900000000000006,123.0,73.0,1.4847996497745641,107.33,111.21999999999998,196,50.0,-63.0,0.26
07:39:02,106.94,70.0,110.43,56.0,105.87,30.0,128.69,39.0,108.69,3.490000000000009,100.0,95.0,0.7809801533779709,106.94,110.42999999999999,195,5.0,-1.0,0.03
07:39:03,107.14,21.0,111.6,30.0,106.1,20.0,318.9,10.0,109.37,4.459999999999994,41.0,40.0,0.46994680546860834,107.14,111.6,81,1.0,-114.0,0.01
07:39:04,108.68,31.0,110.42,36.0,106.92,24.0,311.08,12.0,109.55,1.7399999999999949,55.0,48.0,0.37949967057972156,108.68,110.42,103,7.0,22.0,0.07
07:39:05,107.22,9.0,110.79,19.0,106.2,10.0,149.38,13.0,109.01,3.5700000000000074,19.0,32.0,0.3361547262348976,107.22,110.79,51,-13.0,-52.0,-0.25
07:39:06,107.0,12.0,148.93,15.0,106.0,12.0,188.25,12.0,127.97,41.93000000000001,24.0,27.0,8.420850313357418,107.0,148.93,51,-3.0,0.0,-0.06
07:39:07,108.71,41.0,161.64,25.0,106.7,20.0,169.88,24.0,135.17,52.92999999999999,61.0,49.0,12.456728302406452,108.71,161.64,110,12.0,59.0,0.11
07:39:08,109.0,25.0,161.2,15.0,107.73,30.0,163.0,15.0,135.1,52.19999999999999,55.0,30.0,13.183269700646198,109.0,161.2,85,25.0,-25.0,0.29
07:39:09,109.0,30.0,159.67,18.0,108.0,132.0,288.75,12.0,134.33,50.66999999999999,162.0,30.0,11.202784475298015,109.0,159.67,192,132.0,107.0,0.69
07:39:10,109.0,40.0,153.0,24.0,108.0,176.0,266.5,10.0,131.0,44.0,216.0,34.0,3.1535583076867577,109.0,153.0,250,182.0,58.0,0.73
07:39:11,110.29,35.0,152.0,39.0,108.66,106.0,253.74,43.0,131.14,41.709999999999994,141.0,82.0,2.106055554818165,110.29,152.0,223,59.0,-27.0,0.26
07:39:12,109.71,28.0,154.77,31.0,108.16,157.0,246.92,50.0,132.24,45.06000000000002,185.0,81.0,1.8663386616528577,109.71,154.77,266,104.0,43.0,0.39
07:39:13,109.0,24.0,153.0,24.0,108.0,180.0,228.33,36.0,131.0,44.0,204.0,60.0,1.43259205637187,109.0,153.0,264,144.0,-2.0,0.55
07:39:14,109.0,33.0,152.55,33.0,108.0,264.0,213.12,42.0,130.77,43.55000000000001,297.0,75.0,0.579999999982248,109.0,152.55,372,222.0,108.0,0.6
07:39:15,109.0,20.0,151.0,27.0,108.0,216.0,152.0,27.0,130.0,42.0,236.0,54.0,0.8070935509464233,109.0,151.0,290,182.0,-82.0,0.63
07:39:16,109.0,22.0,145.97,34.0,108.0,264.0,151.82,33.0,127.49,36.97,286.0,67.0,1.7649787534072405,109.0,145.97,353,219.0,63.0,0.62
07:39:17,110.0,39.0,146.02,47.0,109.0,26.0,151.08,39.0,128.01,36.02000000000001,65.0,86.0,1.609543413511602,110.0,146.02,151,-21.0,-174.5,-0.14
07:39:18,109.06,51.0,122.61,33.0,108.8,20.0,136.6,45.0,115.83,13.549999999999997,71.0,78.0,6.073713855622208,109.06,122.61,149,-7.0,-2.0,-0.05
07:39:19,108.0,312.0,117.38,39.0,107.0,26.0,118.38,39.0,112.69,9.379999999999995,338.0,78.0,7.93368010446448,108.0,117.38,416,260.0,173.5,0.62
07:39:20,108.12,48.0,117.0,24.0,107.97,148.0,118.0,24.0,112.56,8.879999999999995,196.0,48.0,7.811842292313249,108.12,117.0,244,148.0,-172.0,0.61
07:39:21,108.0,195.0,116.45,33.0,107.0,22.0,118.0,33.0,112.23,8.450000000000003,217.0,66.0,6.725383260452341,108.0,116.45,283,151.0,39.0,0.53
07:39:22,108.0,153.0,114.86,21.0,107.0,18.0,134.95,22.0,111.43,6.859999999999999,171.0,43.0,1.6839596194598008,108.0,114.86,214,128.0,-69.0,0.6
07:39:23,108.15,156.0,111.5,22.0,107.89,152.0,112.42,26.0,109.83,3.3499999999999943,308.0,48.0,1.1788638598119408,108.15,111.5,356,260.0,142.0,0.73
07:39:24,108.0,125.0,109.8,10.0,107.0,20.0,383.86,28.0,108.9,1.7999999999999972,145.0,38.0,1.5739917407567259,108.0,109.8,183,107.0,-173.0,0.58
07:39:25,107.67,49.0,196.79,29.0,106.27,66.0,437.09,80.0,152.23,89.11999999999999,115.0,109.0,18.6644094468583,107.67,196.79,224,6.0,41.0,0.03
07:39:26,107.0,12.0,249.38,24.0,106.0,36.0,426.57,21.0,178.19,142.38,48.0,45.0,31.586965349649827,107.0,249.38,93,3.0,-131.0,0.03
07:39:27,106.29,28.0,224.86,43.0,105.23,104.0,382.38,39.0,165.57,118.57000000000001,132.0,82.0,31.99991062487492,106.29,224.86000000000004,214,50.0,121.0,0.23
07:39:28,106.0,34.0,122.11,28.0,105.0,96.0,171.08,26.0,114.05,16.11,130.0,54.0,30.946492854602816,106.0,122.11,184,76.0,-30.0,0.41
07:39:29,106.84,25.0,120.56,45.0,105.65,91.0,374.21,38.0,113.7,13.719999999999999,116.0,83.0,29.640550264797437,106.84,120.56,199,33.0,15.0,0.17
07:39:30,106.26,23.0,120.0,25.0,105.23,62.0,382.75,16.0,113.13,13.739999999999995,85.0,41.0,32.21880072255918,106.26,120.0,126,44.0,-73.0,0.35
07:39:31,106.72,100.0,119.0,50.0,105.4,106.0,200.86,28.0,112.86,12.280000000000001,206.0,78.0,23.320155874264103,106.72,119.0,284,128.0,158.0,0.45
07:39:32,107.0,120.0,117.7,50.0,106.0,70.0,240.0,24.0,112.35,10.700000000000003,190.0,74.0,0.6734018116770275,107.0,117.7,264,116.0,-20.0,0.44
07:39:33,107.44,108.0,116.09,55.0,106.39,92.0,146.06,49.0,111.77,8.650000000000006,200.0,104.0,0.7380176149454029,107.44,116.09,304,96.0,40.0,0.32
07:39:34,111.0,19.0,116.0,50.0,107.0,120.0,143.0,40.0,113.5,5.0,139.0,90.0,0.6773994390089788,111.0,116.0,229,49.0,-75.0,0.21
07:39:35,107.33,84.0,115.0,70.0,106.63,133.0,325.43,56.0,111.17,7.670000000000002,217.0,126.0,0.9095878187231329,107.33,115.0,343,91.0,114.0,0.27
07:39:36,112.17,18.0,180.15,34.0,107.01,78.0,347.35,34.0,146.16,67.98,96.0,68.0,15.21281860800201,112.17,180.15,164,28.0,-174.5,0.17
07:39:37,107.09,78.0,151.77,26.0,106.61,126.0,214.54,35.0,129.43,44.68000000000001,204.0,61.0,15.266614883462985,107.09,151.77,265,143.0,101.0,0.54
07:39:38,107.0,120.0,120.41,17.0,106.0,84.0,121.74,19.0,113.71,13.409999999999997,204.0,36.0,14.95009464852894,107.0,120.41,240,168.0,-25.0,0.7
07:39:39,107.19,108.0,119.07,28.0,106.42,108.0,121.0,14.0,113.13,11.879999999999995,216.0,42.0,15.008400980783186,107.19,119.07000000000001,258,174.0,18.0,0.67
07:39:40,108.0,22.0,115.52,29.0,107.0,99.0,117.93,14.0,111.76,7.519999999999996,121.0,43.0,14.896793950376495,108.0,115.52,164,78.0,-94.0,0.48
07:39:41,107.65,52.0,110.94,34.0,106.72,100.0,113.38,26.0,109.3,3.289999999999992,152.0,60.0,7.988862872773014,107.65,110.94,212,92.0,48.0,0.43
07:39:42,107.0,84.0,108.1,40.0,106.0,70.0,112.0,10.0,107.55,1.0999999999999943,154.0,50.0,2.608189026886163,107.0,108.1,204,104.0,-8.0,0.51
07:39:43,107.0,28.0,108.44,18.0,106.0,42.0,192.0,12.0,107.72,1.4399999999999977,70.0,30.0,2.4762411029560374,107.0,108.44,100,40.0,-104.0,0.4
07:39:44,107.86,28.0,111.5,8.0,106.5,24.0,152.95,37.0,109.68,3.6400000000000006,52.0,45.0,1.7107659103362631,107.86,111.5,97,7.0,-3.0,0.07
07:39:45,108.0,42.0,111.0,12.0,107.0,24.0,241.96,50.0,109.5,3.0,66.0,62.0,1.0284454287751374,108.0,111.0,128,4.0,31.0,0.03
07:39:46,106.12,17.0,110.14,7.0,105.44,9.0,346.31,29.0,108.13,4.019999999999996,26.0,36.0,1.00485322309698,106.12,110.14,62,-10.0,-66.0,-0.16
07:39:47,94.31,26.0,108.78,9.0,72.74,46.0,397.2,35.0,101.54,14.469999999999999,72.0,44.0,3.337151479925344,94.31,108.78,116,28.0,54.0,0.24
07:39:48,92.87,46.0,274.22,36.0,74.97,40.0,361.0,52.0,183.55,181.35000000000002,86.0,88.0,34.301134820876904,92.87,274.22,174,-2.0,58.0,-0.01
07:39:52,87.15,41.0,247.61,59.0,68.26,34.0,248.77,62.0,167.38,160.46,75.0,121.0,11.949779495873148,87.15,247.61,196,-46.0,118.0,-0.23
07:39:53,101.25,36.0,215.0,23.0,93.38,16.0,242.17,41.0,158.12,113.75,52.0,64.0,6.593000075837128,101.25,215.0,116,-12.0,-80.0,-0.1
07:39:54,106.47,38.0,147.07,30.0,105.74,47.0,186.07,30.0,126.77,40.599999999999994,85.0,60.0,16.44489738490289,106.47,147.07,145,25.0,29.0,0.17
07:39:55,106.55,65.0,143.74,65.0,105.73,77.0,144.87,63.0,125.15,37.19000000000001,142.0,128.0,18.910360387892744,106.55,143.74,270,14.0,125.0,0.05
07:39:56,106.32,47.0,140.91,44.0,105.27,51.0,143.0,55.0,123.61,34.59,98.0,99.0,20.868481736819795,106.32,140.91,197,-1.0,-73.0,-0.01
07:39:57,109.0,16.0,138.88,64.0,106.0,112.0,143.0,80.0,123.94,29.879999999999995,128.0,144.0,14.922498785390427,109.0,138.88,272,-16.0,75.0,-0.06
07:39:58,109.0,17.0,133.72,72.0,106.0,119.0,138.52,75.0,121.36,24.72,136.0,147.0,1.9989322149529467,109.0,133.72,283,-11.0,11.0,-0.04
07:39:59,109.91,32.0,127.88,26.0,106.9,30.0,130.76,46.0,118.9,17.97,62.0,72.0,2.477169755986918,109.91,127.88000000000001,134,-10.0,-149.0,-0.07
07:40:00,110.0,36.0,119.52,42.0,109.0,16.0,122.55,29.0,114.76,9.519999999999996,52.0,71.0,3.7997342012272033,110.0,119.52000000000001,123,-19.0,-11.0,-0.15
07:40:01,110.0,45.0,114.92,64.0,109.0,29.0,116.05,61.0,112.46,4.920000000000002,74.0,125.0,4.694920659603861,110.0,114.92,199,-51.0,76.0,-0.26
07:40:02,109.4,43.0,111.6,75.0,107.82,28.0,113.24,85.0,110.5,2.1999999999999886,71.0,160.0,4.4900645875058895,109.39999999999999,111.6,231,-89.0,32.0,-0.39
07:40:03,107.36,28.0,110.13,46.0,106.74,81.0,110.92,61.0,108.74,2.769999999999996,109.0,107.0,3.9550878624846932,107.36,110.13,216,2.0,-15.0,0.01
07:40:04,106.58,69.0,108.23,26.0,105.91,67.0,109.6,35.0,107.41,1.6500000000000057,136.0,61.0,2.9265816236649034,106.58,108.23,197,75.0,-19.0,0.38
07:40:05,106.0,25.0,108.37,19.0,97.36,25.0,160.37,38.0,107.18,2.3700000000000045,50.0,57.0,2.224684247252329,106.0,108.37,107,-7.0,-90.0,-0.07
07:40:06,105.79,19.0,118.54,35.0,103.5,16.0,204.5,42.0,112.17,12.75,35.0,77.0,2.121732782414569,105.79,118.54000000000002,112,-42.0,5.0,-0.38
07:40:07,105.0,18.0,121.56,45.0,99.0,9.0,378.03,37.0,113.28,16.560000000000002,27.0,82.0,2.8025756011163785,105.0,121.56,109,-55.0,-3.0,-0.5
07:40:08,105.83,24.0,120.0,30.0,103.8,10.0,412.32,25.0,112.92,14.170000000000002,34.0,55.0,3.0373458808593172,105.83,120.0,89,-21.0,-20.0,-0.24
07:40:09,111.94,33.0,117.77,56.0,107.5,72.0,162.62,69.0,114.85,5.829999999999998,105.0,125.0,2.9084617927649434,111.94,117.77,230,-20.0,141.0,-0.09
07:40:10,109.11,45.0,113.95,42.0,106.92,39.0,188.31,42.0,111.53,4.840000000000003,84.0,84.0,1.2594244717225953,109.11,113.95000000000002,168,0.0,-62.0,0.0
07:40:11,108.35,40.0,110.56,48.0,100.94,34.0,111.56,48.0,109.46,2.210000000000008,74.0,96.0,2.027774642304607,108.35,110.56,170,-22.0,2.0,-0.13
07:40:12,106.23,26.0,109.87,31.0,98.43,21.0,111.08,39.0,108.05,3.6400000000000006,47.0,70.0,2.702252763894089,106.23,109.87,117,-23.0,-53.0,-0.2
07:40:13,89.26,35.0,109.54,37.0,79.24,21.0,110.93,45.0,99.4,20.28,56.0,82.0,5.773055516792842,89.26,109.54,138,-26.0,21.0,-0.19
07:40:14,91.85,20.0,109.0,24.0,76.6,10.0,110.0,24.0,100.42,17.150000000000006,30.0,48.0,5.504350097874524,91.85,109.0,78,-18.0,-60.0,-0.23
07:40:15,91.56,9.0,108.43,35.0,50.89,9.0,109.56,27.0,99.99,16.870000000000005,18.0,62.0,4.869140581249476,91.56,108.43,80,-44.0,2.0,-0.55
07:40:16,83.48,21.0,107.81,62.0,39.53,15.0,108.69,48.0,95.64,24.33,36.0,110.0,4.524892263907453,83.48,107.81,146,-74.0,66.0,-0.51
07:40:17,104.71,35.0,106.85,39.0,92.38,16.0,108.67,45.0,105.78,2.1400000000000006,51.0,84.0,3.6280821379854897,104.71,106.85,135,-33.0,-11.0,-0.24
07:40:18,104.0,20.0,106.0,30.0,76.4,10.0,109.0,30.0,105.0,2.0,30.0,60.0,4.13112333390928,104.0,106.0,90,-30.0,-45.0,-0.33
07:40:19,101.41,17.0,105.67,27.0,65.11,9.0,124.69,29.0,103.54,4.260000000000005,26.0,56.0,4.187755962322774,101.41,105.67,82,-30.0,-8.0,-0.37
07:40:20,91.11,9.0,104.43,21.0,49.0,9.0,191.11,45.0,97.77,13.320000000000007,18.0,66.0,4.554446179281274,91.11,104.43,84,-48.0,2.0,-0.57
07:40:21,100.0,9.0,103.33,9.0,77.67,36.0,343.62,65.0,101.67,3.3299999999999983,45.0,74.0,3.1950852883718444,100.0,103.33,119,-29.0,35.0,-0.24
07:40:22,100.0,7.0,102.0,7.0,85.57,70.0,103.0,7.0,101.0,2.0,77.0,14.0,2.7461482115810636,100.0,102.0,91,63.0,-28.0,0.69
07:40:24,107.11,36.0,190.02,53.0,85.69,64.0,494.32,44.0,148.56,82.91000000000001,100.0,97.0,21.503803617034194,107.11,190.02000000000004,197,3.0,14.0,0.02
07:40:25,113.0,22.0,253.21,34.0,106.0,44.0,379.25,40.0,183.1,140.21,66.0,74.0,37.253421587821684,113.0,253.20999999999998,140,-8.0,-57.0,-0.06
07:40:26,113.0,10.0,331.0,15.0,106.0,20.0,429.74,19.0,222.0,218.0,30.0,34.0,52.37340813809989,113.0,331.0,64,-4.0,-76.0,-0.06
07:40:27,113.0,11.0,176.55,22.0,106.0,24.0,253.09,22.0,144.77,63.55000000000001,35.0,44.0,44.992866323451665,113.0,176.55,79,-9.0,15.0,-0.11
07:40:28,113.0,9.0,117.89,27.0,106.0,36.0,119.0,45.0,115.44,4.890000000000001,45.0,72.0,40.888735368069185,113.0,117.89,117,-27.0,38.0,-0.23
07:40:29,110.18,17.0,144.06,31.0,93.16,74.0,443.55,62.0,127.12,33.879999999999995,91.0,93.0,43.774392971233645,110.18,144.06,184,-2.0,67.0,-0.01
07:40:30,107.57,28.0,169.12,17.0,100.07,27.0,278.25,67.0,138.34,61.55000000000001,55.0,84.0,42.024132114774076,107.57000000000001,169.12,139,-29.0,-45.0,-0.21
07:40:31,107.91,11.0,169.0,8.0,99.27,11.0,401.79,28.0,138.45,61.09,22.0,36.0,11.6138292565363,107.91,169.0,58,-14.0,-81.0,-0.24
07:40:32,106.71,14.0,168.11,9.0,88.33,9.0,220.65,31.0,137.41,61.40000000000002,23.0,40.0,10.08730241442071,106.71,168.11,63,-17.0,5.0,-0.27
07:40:33,108.0,69.0,164.1,29.0,106.0,13.0,201.93,27.0,136.05,56.099999999999994,82.0,56.0,4.768115980130895,108.0,164.1,138,26.0,75.0,0.19
07:40:34,108.0,70.0,162.07,42.0,106.0,14.0,164.0,14.0,135.04,54.06999999999999,84.0,56.0,1.482690122709517,108.0,162.07,140,28.0,2.0,0.2
07:40:35,108.0,55.0,159.05,21.0,106.0,11.0,160.17,23.0,133.52,51.05000000000001,66.0,44.0,1.9378415827873867,108.0,159.05,110,22.0,-30.0,0.2
07:40:36,108.31,65.0,157.0,13.0,106.67,30.0,158.0,39.0,132.65,48.69,95.0,52.0,1.9107145260293097,108.31,157.0,147,43.0,37.0,0.29
07:40:37,110.0,80.0,155.39,28.0,108.0,80.0,157.17,36.0,132.7,45.389999999999986,160.0,64.0,1.5022216880271033,110.0,155.39000000000001,224,96.0,77.0,0.43
07:40:38,110.0,160.0,153.43,21.0,108.0,65.0,154.87,31.0,131.71,43.43000000000001,225.0,52.0,1.248170661399547,110.0,153.43,277,173.0,53.0,0.62
07:40:39,110.0,144.0,151.46,13.0,108.5,40.0,152.57,23.0,130.73,41.46000000000001,184.0,36.0,1.0696588241015106,110.0,151.46,220,148.0,-57.0,0.67
07:40:40,110.0,176.0,147.62,13.0,109.0,52.0,149.07,15.0,128.81,37.620000000000005,228.0,28.0,1.6181470884866473,110.0,147.62,256,200.0,36.0,0.78
07:40:41,110.0,192.0,124.9,60.0,109.0,64.0,139.88,49.0,117.45,14.900000000000006,256.0,109.0,6.2224111082422455,110.0,124.9,365,147.0,109.0,0.4
07:40:42,109.91,136.0,119.44,48.0,108.75,59.0,120.93,43.0,114.67,9.530000000000001,195.0,91.0,7.993014450129246,109.91,119.44,286,104.0,-79.0,0.36
07:40:43,109.84,51.0,116.35,31.0,108.76,68.0,117.61,41.0,113.1,6.509999999999991,119.0,72.0,8.22707238329488,109.84,116.35,191,47.0,-95.0,0.25
07:40:44,110.35,17.0,112.74,35.0,109.03,62.0,114.57,37.0,111.55,2.3900000000000006,79.0,72.0,6.891166809762462,110.35,112.74,151,7.0,-40.0,0.05
07:40:45,110.0,8.0,111.5,24.0,108.11,74.0,113.0,8.0,110.75,1.5,82.0,32.0,2.6690972256495584,110.0,111.5,114,50.0,-37.0,0.44
07:40:46,108.14,59.0,110.67,27.0,107.9,49.0,113.0,9.0,109.4,2.530000000000001,108.0,36.0,2.0498609708878854,108.14,110.67,144,72.0,30.0,0.5
07:40:47,108.0,70.0,142.59,22.0,107.0,8.0,179.44,16.0,125.3,34.59,78.0,38.0,6.446374950308921,108.0,142.59,116,40.0,-28.0,0.34
07:40:48,108.0,86.0,262.07,14.0,107.0,11.0,282.6,20.0,185.04,154.07,97.0,34.0,32.303808908547865,108.0,262.07,131,63.0,15.0,0.48
07:40:49,108.0,32.0,241.4,20.0,107.0,11.0,265.07,14.0,174.7,133.4,43.0,34.0,36.17774481639206,108.0,241.4,77,9.0,-54.0,0.12
07:40:50,108.36,50.0,241.24,29.0,107.52,23.0,366.71,14.0,174.8,132.88,73.0,43.0,34.04903111690535,108.36,241.24,116,30.0,39.0,0.26
07:40:51,108.0,24.0,212.73,26.0,107.0,12.0,255.41,22.0,160.37,104.72999999999999,36.0,48.0,23.37022507379836,108.0,212.73,84,-12.0,-32.0,-0.14
07:40:52,106.0,77.0,204.32,19.0,105.0,88.0,207.7,27.0,155.16,98.32,165.0,46.0,12.08607794116836,106.0,204.32,211,119.0,127.0,0.56
07:40:53,110.42,76.0,201.82,22.0,105.57,74.0,202.67,18.0,156.12,91.39999999999999,150.0,40.0,9.801561100151025,110.42,201.82,190,110.0,-21.0,0.58
07:40:54,113.0,80.0,171.04,23.0,106.0,77.0,201.43,23.0,142.02,58.03999999999999,157.0,46.0,11.772309883790474,113.0,171.04,203,111.0,13.0,0.55
07:40:55,113.0,72.0,194.11,28.0,106.32,76.0,195.05,20.0,153.55,81.11000000000001,148.0,48.0,6.866478719109874,113.0,194.10999999999999,196,100.0,-7.0,0.51
07:40:56,113.0,56.0,190.12,24.0,110.0,30.0,191.06,16.0,151.56,77.12,86.0,40.0,5.671218563940907,113.0,190.12,126,46.0,-70.0,0.37
07:40:57,113.0,22.0,155.62,13.0,110.0,33.0,179.05,21.0,134.31,42.620000000000005,55.0,34.0,9.102146450150432,113.0,155.62,89,21.0,-37.0,0.24
07:40:58,113.0,24.0,114.86,22.0,110.0,36.0,119.88,16.0,113.93,1.8599999999999994,60.0,38.0,16.039405537612122,113.0,114.86,98,22.0,9.0,0.22
07:40:59,111.71,28.0,114.14,28.0,109.2,40.0,115.33,12.0,112.93,2.430000000000007,68.0,40.0,19.587204496813225,111.71,114.14,108,28.0,10.0,0.26
07:41:00,110.0,18.0,115.0,6.0,108.0,24.0,116.0,6.0,112.5,5.0,42.0,12.0,17.439745697686572,110.0,115.0,54,30.0,-54.0,0.56
07:41:01,109.2,35.0,111.64,14.0,107.31,61.0,113.93,14.0,110.42,2.4399999999999977,96.0,28.0,9.861626133654353,109.2,111.64,124,68.0,70.0,0.55
07:41:02,106.24,68.0,187.36,14.0,105.45,101.0,279.33,12.0,146.8,81.12000000000002,169.0,26.0,15.417173216902489,106.24,187.35999999999999,195,143.0,71.0,0.73
07:41:03,111.18,123.0,265.0,33.0,106.24,68.0,269.82,11.0,188.09,153.82,191.0,44.0,33.73303232737875,111.18,265.0,235,147.0,40.0,0.63
07:41:04,113.0,117.0,265.0,27.0,110.0,27.0,276.11,9.0,189.0,152.0,144.0,36.0,38.57745222276848,113.0,265.0,180,108.0,-55.0,0.6
07:41:05,113.0,117.0,248.89,27.0,110.0,27.0,336.13,15.0,180.94,135.89,144.0,42.0,34.111712064919715,113.0,248.89,186,102.0,6.0,0.55
07:41:06,113.0,100.0,262.36,22.0,110.0,24.0,297.2,10.0,187.68,149.36,124.0,32.0,18.009262061505854,113.0,262.36,156,92.0,-30.0,0.59
07:41:07,113.0,63.0,264.5,24.0,110.0,24.0,311.0,8.0,188.75,151.5,87.0,32.0,3.3681701263441286,113.0,264.5,119,55.0,-37.0,0.46
07:41:08,113.0,66.0,229.0,25.0,111.16,43.0,259.53,17.0,171.0,116.0,109.0,42.0,7.715003564483688,113.0,229.0,151,67.0,32.0,0.44
07:41:09,113.0,45.0,193.0,27.0,110.65,31.0,226.67,9.0,153.0,80.0,76.0,36.0,14.807203652276616,113.0,193.0,112,40.0,-39.0,0.36
07:41:10,113.0,45.0,186.87,23.0,110.0,27.0,226.46,13.0,149.93,73.87,72.0,36.0,18.41822385573571,113.0,186.87,108,36.0,-4.0,0.33
07:41:11,113.0,35.0,172.05,19.0,110.0,21.0,182.57,21.0,142.53,59.05000000000001,56.0,40.0,18.693177097539877,113.0,172.05,96,16.0,-12.0,0.17
07:41:12,113.0,30.0,171.5,18.0,110.0,18.0,176.0,18.0,142.25,58.5,48.0,36.0,11.73345089903166,113.0,171.5,84,12.0,-12.0,0.14
07:41:13,112.38,34.0,169.0,36.0,107.11,92.0,342.81,32.0,140.69,56.620000000000005,126.0,68.0,5.436736153243557,112.38,169.0,194,58.0,110.0,0.3
07:41:14,109.0,10.0,167.8,30.0,106.0,171.0,359.33,18.0,138.4,58.80000000000001,181.0,48.0,4.3306004202633375,109.0,167.8,229,133.0,35.0,0.58
07:41:15,109.0,13.0,166.0,39.0,107.0,162.0,183.0,39.0,137.5,57.0,175.0,78.0,2.25688502143653,109.0,166.0,253,97.0,24.0,0.38
07:41:16,107.99,103.0,164.24,29.0,106.82,179.0,168.19,43.0,136.12,56.250000000000014,282.0,72.0,2.4659014578819565,107.99,164.24,354,210.0,101.0,0.59
07:41:17,108.5,32.0,163.0,30.0,106.59,108.0,164.0,10.0,135.75,54.5,140.0,40.0,1.9854898639842415,108.5,163.0,180,100.0,-174.0,0.56
07:41:18,110.0,18.0,160.05,19.0,107.0,72.0,162.35,17.0,135.03,50.05000000000001,90.0,36.0,1.36563172194557,110.0,160.05,126,54.0,-54.0,0.43
07:41:19,110.0,40.0,149.88,32.0,107.52,84.0,158.12,24.0,129.94,39.879999999999995,124.0,56.0,2.8975972805039336,110.0,149.88,180,68.0,54.0,0.38
07:41:20,109.73,37.0,127.84,19.0,107.83,48.0,130.48,33.0,118.79,18.11,85.0,52.0,7.333930051478758,109.73,127.84,137,33.0,-43.0,0.24
07:41:21,108.0,12.0,122.31,36.0,107.0,96.0,124.67,36.0,115.15,14.310000000000002,108.0,72.0,9.453709324914886,108.0,122.31,180,36.0,43.0,0.2
07:41:22,108.0,10.0,121.33,18.0,107.0,64.0,121.7,20.0,114.67,13.329999999999998,74.0,38.0,9.236026201780843,108.0,121.33,112,36.0,-68.0,0.32
07:41:23,108.0,24.0,117.54,28.0,107.0,96.0,118.6,30.0,112.77,9.540000000000006,120.0,58.0,6.881197570189501,108.0,117.54,178,62.0,66.0,0.35
07:41:24,108.0,14.0,115.62,16.0,107.0,64.0,117.0,12.0,111.81,7.6200000000000045,78.0,28.0,2.6920846940580456,108.0,115.62,106,50.0,-72.0,0.47
07:41:25,107.28,36.0,110.61,23.0,106.44,182.0,111.29,28.0,108.94,3.3299999999999983,218.0,51.0,2.49062642722296,107.28,110.61000000000001,269,167.0,163.0,0.62
07:41:26,106.05,161.0,108.73,15.0,105.56,61.0,110.79,19.0,107.39,2.680000000000007,222.0,34.0,2.9354011650848113,106.05,108.73,256,188.0,-13.0,0.73
07:41:27,106.0,187.0,109.73,22.0,105.0,33.0,112.9,20.0,107.86,3.730000000000004,220.0,42.0,2.406331232391162,106.0,109.73,262,178.0,6.0,0.68
07:41:28,106.0,204.0,108.75,24.0,105.0,36.0,117.13,45.0,107.38,2.75,240.0,69.0,1.8635262273392117,106.0,108.75,309,171.0,47.0,0.55
07:41:29,106.68,161.0,117.45,53.0,105.96,97.0,251.97,33.0,112.07,10.769999999999996,258.0,86.0,1.9732384549215267,106.67999999999999,117.45,344,172.0,35.0,0.5
07:41:30,110.17,60.0,119.0,60.0,106.0,204.0,420.69,32.0,114.58,8.829999999999998,264.0,92.0,3.2944544313104616,110.17,119.0,356,172.0,12.0,0.48
07:41:31,111.0,40.0,119.69,36.0,106.0,136.0,266.5,12.0,115.35,8.689999999999998,176.0,48.0,3.702846202582713,111.0,119.69,224,128.0,-132.0,0.57
07:41:32,107.85,27.0,144.0,3.0,105.92,37.0,430.0,15.0,125.93,36.150000000000006,64.0,18.0,6.826307200821059,107.85,144.0,82,46.0,-142.0,0.56
07:41:33,106.13,154.0,209.85,13.0,105.7,91.0,430.0,65.0,157.99,103.72,245.0,78.0,19.091356159266994,106.13,209.84999999999997,323,167.0,173.5,0.52
07:41:35,106.0,128.0,314.38,40.0,105.0,24.0,507.0,8.0,210.19,208.38,152.0,48.0,64.43794161827317,106.0,314.38,200,104.0,131.0,0.52
07:41:36,106.0,176.0,245.0,55.0,105.0,33.0,324.84,31.0,175.5,139.0,209.0,86.0,55.24531355689803,106.0,245.0,295,123.0,95.0,0.42
07:41:37,106.0,123.0,244.88,34.0,105.0,33.0,288.5,40.0,175.44,138.88,156.0,74.0,44.779517974180806,106.0,244.88,230,82.0,-65.0,0.36
07:41:38,110.0,16.0,243.12,16.0,106.0,88.0,253.0,40.0,176.56,133.12,104.0,56.0,41.27210946874393,110.0,243.12,160,48.0,-70.0,0.3
07:41:39,110.0,24.0,151.27,22.0,105.79,84.0,228.81,26.0,130.64,41.27000000000001,108.0,48.0,28.28482419955939,110.0,151.27,156,60.0,-4.0,0.38
07:41:40,110.0,24.0,116.25,24.0,106.25,12.0,118.0,12.0,113.12,6.25,36.0,36.0,30.196952164084035,110.0,116.25,72,0.0,-84.0,0.0
07:41:41,109.44,27.0,112.0,32.0,106.69,16.0,190.69,54.0,110.72,2.5600000000000023,43.0,86.0,32.6024980637984,109.44,112.0,129,-43.0,57.0,-0.33
07:41:42,107.96,55.0,182.23,35.0,106.85,13.0,210.86,57.0,145.1,74.27,68.0,92.0,27.001139235224464,107.96,182.23,160,-24.0,31.0,-0.15
07:41:43,109.19,88.0,269.81,48.0,107.98,64.0,316.54,24.0,189.5,160.62,152.0,72.0,32.09311888863372,109.19,269.81,224,80.0,64.0,0.36
07:41:44,110.0,142.0,222.15,52.0,108.0,120.0,244.15,72.0,166.08,112.15,262.0,124.0,33.97069737288269,110.0,222.15000000000003,386,138.0,162.0,0.36
07:41:45,110.0,68.0,164.09,11.0,108.0,66.0,373.55,51.0,137.05,54.09,134.0,62.0,29.803384036044953,110.0,164.09,196,72.0,-174.5,0.37
07:41:46,110.0,40.0,136.04,23.0,108.0,66.0,151.13,23.0,123.02,26.039999999999992,106.0,46.0,26.054446837343892,110.0,136.04,152,60.0,-44.0,0.39
07:41:47,109.08,39.0,127.36,11.0,107.93,45.0,151.23,30.0,118.22,18.28,84.0,41.0,30.300050825039527,109.08,127.36,125,43.0,-27.0,0.34
07:41:48,108.0,48.0,125.17,12.0,107.0,8.0,125.67,12.0,116.58,17.17,56.0,24.0,20.585635768661025,108.0,125.17,80,32.0,-45.0,0.4
07:41:49,108.4,20.0,123.0,12.0,107.92,26.0,124.0,6.0,115.7,14.599999999999994,46.0,18.0,8.815224330666483,108.4,123.0,64,28.0,-16.0,0.44
07:41:50,108.16,31.0,122.77,13.0,107.48,27.0,123.45,11.0,115.47,14.61,58.0,24.0,3.1125584331821825,108.16,122.77,82,34.0,18.0,0.41
07:41:51,108.62,68.0,119.84,19.0,106.77,26.0,120.62,29.0,114.23,11.219999999999999,94.0,48.0,1.4799155381214304,108.62,119.84,142,46.0,60.0,0.32
07:41:52,109.07,86.0,114.62,32.0,108.0,18.0,115.75,40.0,111.85,5.550000000000011,104.0,72.0,1.833638459449694,109.06999999999998,114.62,176,32.0,34.0,0.18
07:41:53,109.5,8.0,111.33,24.0,107.6,10.0,112.6,10.0,110.42,1.8299999999999983,18.0,34.0,2.316080741246479,109.5,111.33,52,-16.0,-124.0,-0.31
07:41:54,107.33,18.0,112.3,30.0,106.22,54.0,169.68,22.0,109.82,4.969999999999999,72.0,52.0,2.431269215856742,107.33,112.3,124,20.0,72.0,0.16
07:41:55,107.0,24.0,146.12,24.0,106.0,84.0,176.95,20.0,126.56,39.120000000000005,108.0,44.0,6.9112032237500465,107.0,146.12,152,64.0,28.0,0.42
07:41:56,110.62,42.0,113.38,34.0,106.59,34.0,116.55,20.0,112.0,2.759999999999991,76.0,54.0,7.0103566243075655,110.62,113.38,130,22.0,-22.0,0.17
07:41:57,108.71,28.0,112.45,20.0,106.12,64.0,125.57,28.0,110.58,3.740000000000009,92.0,48.0,7.135508391136047,108.71,112.45,140,44.0,10.0,0.31
07:41:58,106.03,65.0,111.7,10.0,105.1,70.0,220.31,26.0,108.87,5.670000000000002,135.0,36.0,7.3535284047845275,106.03,111.7,171,99.0,31.0,0.58
07:41:59,106.0,28.0,110.0,8.0,105.0,56.0,225.38,24.0,108.0,4.0,84.0,32.0,7.625334091039739,106.0,110.0,116,52.0,-55.0,0.45
07:42:00,109.0,50.0,110.0,10.0,106.0,30.0,312.5,20.0,109.5,1.0,80.0,30.0,1.552642908067541,109.0,110.0,110,50.0,-6.0,0.45
07:42:01,109.0,53.0,232.93,14.0,108.0,22.0,401.42,26.0,170.96,123.93,75.0,40.0,27.619156757583568,109.0,232.93,115,35.0,5.0,0.3
07:42:02,111.0,16.0,321.2,20.0,109.81,64.0,499.0,30.0,216.1,210.2,80.0,50.0,49.08407460673957,111.0,321.2,130,30.0,15.0,0.23
07:42:03,110.2,20.0,210.0,26.0,108.86,42.0,522.39,23.0,160.1,99.8,62.0,49.0,45.4747415605628,110.2,210.0,111,13.0,-19.0,0.12
07:42:04,108.33,27.0,310.26,43.0,107.09,46.0,512.66,44.0,209.29,201.93,73.0,87.0,42.94535830564208,108.33,310.26,160,-14.0,49.0,-0.09
07:42:05,106.0,18.0,205.38,8.0,105.0,42.0,239.7,20.0,155.69,99.38,60.0,28.0,28.285799794242745,106.0,205.38,88,32.0,-72.0,0.36
07:42:06,108.5,24.0,155.0,12.0,105.3,40.0,190.64,28.0,131.75,46.5,64.0,40.0,36.50207432461862,108.5,155.0,104,24.0,16.0,0.23
07:42:07,106.88,26.0,150.0,8.0,105.2,44.0,234.5,24.0,128.44,43.120000000000005,70.0,32.0,32.3990421154697,106.88000000000001,150.0,102,38.0,-2.0,0.37
07:42:08,107.0,32.0,146.72,18.0,106.0,30.0,223.15,20.0,126.86,39.72,62.0,38.0,34.92925607567356,107.0,146.72,100,24.0,-2.0,0.24
07:42:09,107.0,24.0,140.0,24.0,106.0,36.0,282.25,24.0,123.5,33.0,60.0,48.0,12.892190271632536,107.0,140.0,108,12.0,8.0,0.11
07:42:10,106.75,24.0,147.67,12.0,105.56,48.0,374.67,36.0,127.21,40.91999999999999,72.0,48.0,2.9759989919313012,106.75,147.67,120,24.0,12.0,0.2
07:42:11,106.0,18.0,146.78,9.0,105.0,63.0,223.61,31.0,126.39,40.78,81.0,40.0,1.8308058334995618,106.0,146.78,121,41.0,1.0,0.34
07:42:12,106.0,52.0,138.86,22.0,105.0,98.0,202.74,46.0,122.43,32.860000000000014,150.0,68.0,2.164733239911076,106.0,138.86,218,82.0,97.0,0.38
07:42:13,106.43,56.0,130.2,20.0,105.49,45.0,153.76,38.0,118.31,23.769999999999982,101.0,58.0,3.541683215644183,106.42999999999999,130.2,159,43.0,-59.0,0.27
07:42:14,109.56,27.0,125.77,13.0,108.14,42.0,185.61,23.0,117.66,16.209999999999994,69.0,36.0,4.423030635206545,109.56,125.77,105,33.0,-54.0,0.31
07:42:15,109.64,39.0,127.14,14.0,108.19,52.0,188.65,34.0,118.39,17.5,91.0,48.0,3.7295549332293643,109.64,127.14,139,43.0,34.0,0.31
07:42:16,109.0,8.0,128.0,8.0,108.0,48.0,335.04,28.0,118.5,19.0,56.0,36.0,1.9132354794889626,109.0,128.0,92,20.0,-47.0,0.22
07:42:17,110.9,21.0,128.0,7.0,107.29,34.0,360.19,31.0,119.45,17.099999999999994,55.0,38.0,0.6420825491907499,110.9,128.0,93,17.0,1.0,0.18
07:42:18,113.0,36.0,127.04,28.0,108.0,54.0,132.23,22.0,120.02,14.040000000000006,90.0,50.0,0.9311981529058817,113.0,127.04,140,40.0,47.0,0.29
07:42:19,113.0,45.0,123.46,37.0,108.0,84.0,124.28,39.0,118.23,10.459999999999994,129.0,76.0,0.7785049774891198,113.0,123.46,205,53.0,65.0,0.26
07:42:20,110.37,38.0,115.4,45.0,106.96,50.0,118.52,31.0,112.88,5.030000000000001,88.0,76.0,2.8517941720915347,110.37,115.4,164,12.0,-41.0,0.07
07:42:21,109.86,59.0,112.56,32.0,107.8,49.0,114.89,28.0,111.21,2.700000000000003,108.0,60.0,4.033406748640052,109.86,112.56,168,48.0,4.0,0.29
07:42:22,110.0,29.0,111.4,15.0,108.0,52.0,507.7,43.0,110.7,1.4000000000000057,81.0,58.0,4.248925746582887,110.0,111.4,139,23.0,-29.0,0.17
07:42:23,110.0,11.0,114.6,10.0,108.0,40.0,417.61,36.0,112.3,4.599999999999994,51.0,46.0,3.013756791775807,110.0,114.6,97,5.0,-42.0,0.05
07:42:24,109.05,19.0,251.67,18.0,107.9,31.0,420.5,26.0,180.36,142.62,50.0,44.0,30.685369477977225,109.05,251.66999999999996,94,6.0,-3.0,0.06
07:42:25,106.64,14.0,282.91,33.0,105.9,50.0,367.43,28.0,194.78,176.27000000000004,64.0,61.0,42.03253977574966,106.64,282.91,125,3.0,31.0,0.02
07:42:26,106.28,53.0,117.14,64.0,105.25,60.0,228.55,40.0,111.71,10.86,113.0,104.0,41.941857374226736,106.28,117.14,217,9.0,92.0,0.04
07:42:27,105.12,34.0,116.72,58.0,104.19,54.0,232.88,16.0,110.92,11.599999999999994,88.0,74.0,41.900947244662355,105.12,116.72,162,14.0,-55.0,0.09
07:42:28,105.0,21.0,113.19,31.0,104.0,42.0,114.8,25.0,109.1,8.189999999999998,63.0,56.0,42.488584113853186,105.0,113.19,119,7.0,-43.0,0.06
07:42:29,105.0,18.0,113.0,30.0,104.0,36.0,114.0,18.0,109.0,8.0,54.0,48.0,37.85114555730085,105.0,113.0,102,6.0,-17.0,0.06
07:42:30,105.0,39.0,112.0,39.0,104.0,54.0,113.0,65.0,108.5,7.0,93.0,104.0,1.3885171946985257,105.0,112.0,197,-11.0,95.0,-0.06
07:42:31,104.75,32.0,109.02,42.0,99.02,44.0,109.83,54.0,106.89,4.269999999999996,76.0,96.0,1.442989951445729,104.75,109.02000000000001,172,-20.0,-25.0,-0.12
07:42:32,96.38,29.0,106.78,54.0,76.96,24.0,107.64,42.0,101.58,10.400000000000006,53.0,96.0,3.1641554955427025,96.38,106.78,149,-43.0,-23.0,-0.29
07:42:33,89.0,33.0,106.55,40.0,41.55,11.0,186.64,55.0,97.78,17.549999999999997,44.0,95.0,4.8819668167627635,89.0,106.55,139,-51.0,-10.0,-0.37
