DateTime,Bid1_Price,Bid1_Volume,Ask1_Price,Ask1_Volume,Bid2_Price,Bid2_Volume,Ask2_Price,Ask2_Volume,Mid-Price,Bid_Ask_Spread,Market_Depth_Bid,Market_Depth_Ask,Historical_Volatility,Total_volume,Cumulative_Volume_Difference,Total_Volume_Change_Corrected,Order_imbalance,Weighted_Avg_Price,Trade_Volume
2025-01-03 07:30:11,262.14,14.0,283.0,24.0,261.0,10.0,284.0,60.0,272.57,20.860000000000014,24.0,84.0,30.52003686105244,108,-60.0,-33.0,-0.56,,
2025-01-03 07:30:12,264.6,10.0,283.0,24.0,263.86,14.0,284.0,64.0,273.8,18.399999999999977,24.0,88.0,6.052464787175581,112,-64.0,4.0,-0.57,,
2025-01-03 07:30:13,267.5,10.0,283.0,30.0,265.22,18.0,284.0,80.0,275.25,15.5,28.0,110.0,6.628984085061638,138,-82.0,26.0,-0.59,,
2025-01-03 07:30:16,278.18,11.0,283.0,10.0,274.58,19.0,284.0,50.0,280.59,4.819999999999993,30.0,60.0,2.6497037570265567,90,-30.0,-15.0,-0.33,281.86,7.0
2025-01-03 07:30:17,274.41,22.0,284.0,70.0,268.88,50.0,286.0,56.0,279.2,9.589999999999977,72.0,126.0,2.616893196139425,198,-54.0,108.0,-0.27,281.86,
2025-01-03 07:30:21,277.0,28.0,284.0,35.0,267.0,7.0,285.0,21.0,280.5,7.0,35.0,56.0,0.8974798047875185,91,-21.0,-98.0,-0.23,281.86,
2025-01-03 07:30:22,275.48,33.0,284.22,32.0,263.6,47.0,285.65,43.0,279.85,8.740000000000009,80.0,75.0,0.9618055936630396,155,5.0,64.0,0.03,284.29,7.0
2025-01-03 07:30:23,267.0,7.0,285.0,7.0,263.0,56.0,286.0,28.0,276.0,18.0,63.0,35.0,1.7572051673043996,98,28.0,-57.0,0.29,284.29,
2025-01-03 07:30:24,267.0,5.0,285.0,5.0,263.0,40.0,286.0,20.0,276.0,18.0,45.0,25.0,2.1411165311586964,70,20.0,-28.0,0.29,284.29,
2025-01-03 07:30:25,267.0,11.0,283.55,11.0,263.0,88.0,285.95,38.0,275.27,16.55000000000001,99.0,49.0,2.449108000885359,148,50.0,78.0,0.34,277.0,1.0
2025-01-03 07:30:26,267.0,6.0,285.0,6.0,263.0,48.0,286.0,24.0,276.0,18.0,54.0,30.0,1.830882300968634,84,24.0,-64.0,0.29,277.0,
2025-01-03 07:30:27,267.0,9.0,285.0,9.0,263.0,72.0,286.0,36.0,276.0,18.0,81.0,45.0,0.3264659247146382,126,36.0,42.0,0.29,277.0,
2025-01-03 07:30:28,265.0,16.0,285.0,9.0,262.06,70.0,286.0,36.0,275.0,20.0,86.0,45.0,0.4833011483533775,131,41.0,5.0,0.31,277.0,
2025-01-03 07:30:29,263.0,72.0,285.0,9.0,252.61,46.0,286.0,36.0,274.0,22.0,118.0,45.0,0.8292044380003645,163,73.0,32.0,0.45,277.0,
2025-01-03 07:30:30,263.0,80.0,285.25,12.0,248.69,39.0,286.95,38.0,274.12,22.25,119.0,50.0,0.9710200821813094,169,69.0,6.0,0.41,285.5,2.0
2025-01-03 07:30:31,263.1,124.0,286.0,48.0,251.85,113.0,304.0,32.0,274.55,22.899999999999977,237.0,80.0,0.8098024450440237,317,157.0,148.0,0.5,285.5,
2025-01-03 07:30:32,266.0,28.0,286.0,21.0,263.0,56.0,304.0,14.0,276.0,20.0,84.0,35.0,0.8098024450440237,119,49.0,-172.0,0.41,285.5,
2025-01-03 07:30:34,267.1,51.0,283.47,47.0,264.95,113.0,284.97,59.0,275.28,16.370000000000005,164.0,106.0,0.8418432158064183,270,58.0,107.0,0.21,281.2,5.0
2025-01-03 07:30:35,269.38,13.0,284.0,39.0,267.71,17.0,286.0,39.0,276.69,14.620000000000005,30.0,78.0,1.081078165536369,108,-48.0,-162.0,-0.44,281.2,
2025-01-03 07:30:36,271.86,14.0,283.21,34.0,270.07,14.0,285.38,42.0,277.53,11.349999999999966,28.0,76.0,1.3495740068627808,104,-48.0,-4.0,-0.46,281.33,9.0
2025-01-03 07:30:37,273.2,15.0,283.0,60.0,272.0,15.0,284.0,30.0,278.1,9.800000000000011,30.0,90.0,1.675813235417306,120,-60.0,16.0,-0.5,281.33,
2025-01-03 07:30:38,275.59,22.0,283.0,56.0,274.14,14.0,284.0,28.0,279.3,7.410000000000025,36.0,84.0,1.509420418571358,120,-48.0,0.0,-0.4,281.33,
2025-01-03 07:30:39,282.68,22.0,284.79,47.0,278.84,32.0,313.05,43.0,283.73,2.1100000000000136,54.0,90.0,2.7724267348300917,144,-36.0,24.0,-0.25,284.22,9.0
2025-01-03 07:30:40,288.41,71.0,294.58,24.0,287.33,27.0,297.68,47.0,291.5,6.169999999999959,98.0,71.0,5.8249180251743935,169,27.0,25.0,0.16,292.5,4.0
2025-01-03 07:30:41,287.23,43.0,293.47,34.0,284.47,59.0,296.35,23.0,290.35,6.240000000000009,102.0,57.0,6.159734572203766,159,45.0,-10.0,0.28,292.5,
2025-01-03 07:30:42,287.2,86.0,290.18,28.0,283.97,58.0,291.53,34.0,288.69,2.980000000000018,144.0,62.0,5.096629278258621,206,82.0,47.0,0.4,290.5,2.0
2025-01-03 07:30:43,286.4,25.0,294.6,15.0,280.8,15.0,311.24,34.0,290.5,8.200000000000045,40.0,49.0,3.089535563803016,89,-9.0,-117.0,-0.1,287.0,5.0
2025-01-03 07:30:44,282.0,13.0,295.71,24.0,280.0,32.0,299.61,59.0,288.85,13.70999999999998,45.0,83.0,1.1893990079043788,128,-38.0,39.0,-0.3,287.0,
2025-01-03 07:30:45,286.56,18.0,294.93,29.0,286.1,60.0,295.94,88.0,290.74,8.370000000000005,78.0,117.0,0.975617753017994,195,-39.0,67.0,-0.2,287.0,
2025-01-03 07:30:46,287.32,63.0,294.0,36.0,285.04,92.0,295.0,90.0,290.66,6.680000000000007,155.0,126.0,1.0258021251702958,281,29.0,86.0,0.1,289.0,2.0
2025-01-03 07:30:47,289.91,22.0,294.0,34.0,286.93,97.0,295.0,85.0,291.95,4.089999999999975,119.0,119.0,1.106819768527844,238,0.0,-43.0,0.0,292.0,1.0
2025-01-03 07:30:48,287.0,96.0,292.08,48.0,282.81,16.0,293.46,52.0,289.54,5.079999999999984,112.0,100.0,1.1952280117216032,212,12.0,-26.0,0.06,292.0,
2025-01-03 07:30:49,287.0,96.0,289.64,36.0,282.27,22.0,292.37,60.0,288.32,2.6399999999999864,118.0,96.0,1.3717579961509163,214,22.0,2.0,0.1,289.25,4.0
2025-01-03 07:30:50,287.0,30.0,290.0,5.0,279.0,15.0,295.0,25.0,288.5,3.0,45.0,30.0,1.5256080754911736,75,15.0,-139.0,0.2,289.25,
2025-01-03 07:30:51,287.0,30.0,290.0,5.0,279.0,15.0,295.0,25.0,288.5,3.0,45.0,30.0,1.5248999967223331,75,15.0,0.0,0.2,289.25,
2025-01-03 07:30:52,287.0,21.0,290.0,6.0,279.0,18.0,295.0,30.0,288.5,3.0,39.0,36.0,0.491446843517845,75,3.0,0.0,0.04,287.0,5.0
2025-01-03 07:30:53,280.2,45.0,290.0,13.0,278.87,31.0,295.0,65.0,285.1,9.800000000000011,76.0,78.0,1.5024247069332186,154,-2.0,79.0,-0.01,287.0,1.0
2025-01-03 07:30:54,280.0,128.0,292.52,56.0,278.0,49.0,296.12,48.0,286.26,12.519999999999982,177.0,104.0,1.598098870534381,281,73.0,127.0,0.26,284.67,3.0
2025-01-03 07:30:55,280.56,54.0,294.0,45.0,279.33,27.0,296.22,27.0,287.28,13.439999999999998,81.0,72.0,1.4708908865049095,153,9.0,-128.0,0.06,284.67,
2025-01-03 07:30:56,281.09,65.0,290.7,50.0,279.02,53.0,294.91,46.0,285.9,9.610000000000014,118.0,96.0,1.316024315885939,214,22.0,61.0,0.1,283.0,3.0
2025-01-03 07:30:57,282.2,45.0,291.38,87.0,278.2,45.0,294.67,69.0,286.79,9.180000000000009,90.0,156.0,0.8361100406064792,246,-66.0,32.0,-0.27,283.0,
2025-01-03 07:30:58,281.25,32.0,284.0,34.0,276.34,35.0,293.0,71.0,282.62,2.75,67.0,105.0,1.837117307088168,172,-38.0,-74.0,-0.22,283.4,5.0
2025-01-03 07:30:59,276.0,32.0,284.0,24.0,273.93,30.0,293.0,40.0,280.0,8.0,62.0,64.0,3.111080198259546,126,-2.0,-46.0,-0.02,283.4,
2025-01-03 07:31:00,276.0,28.0,284.0,21.0,267.9,10.0,293.0,43.0,280.0,8.0,38.0,64.0,3.1976272453183694,102,-26.0,-24.0,-0.25,283.4,
2025-01-03 07:31:01,277.0,70.0,284.0,42.0,275.74,46.0,293.0,126.0,280.5,7.0,116.0,168.0,2.897278032913317,284,-52.0,172.0,-0.18,283.4,
2025-01-03 07:31:02,280.42,60.0,284.0,36.0,275.85,27.0,286.12,64.0,282.21,3.579999999999984,87.0,100.0,1.256654288180184,187,-13.0,-97.0,-0.07,283.4,
2025-01-03 07:31:03,281.97,67.0,284.0,85.0,273.57,23.0,285.0,85.0,282.99,2.0299999999999727,90.0,170.0,1.3762448909992977,260,-80.0,73.0,-0.31,282.0,4.0
2025-01-03 07:31:04,281.23,13.0,284.0,24.0,272.52,29.0,285.0,65.0,282.62,2.769999999999982,42.0,89.0,1.3317394640100733,131,-47.0,-129.0,-0.36,284.0,4.0
2025-01-03 07:31:05,275.63,19.0,284.78,18.0,271.74,35.0,285.64,56.0,280.2,9.149999999999975,54.0,74.0,1.2708776495012584,128,-20.0,-3.0,-0.16,284.8,5.0
2025-01-03 07:31:06,276.0,18.0,284.29,21.0,271.0,67.0,285.89,27.0,280.14,8.29000000000002,85.0,48.0,1.363000366838477,133,37.0,5.0,0.28,284.8,
2025-01-03 07:31:07,276.36,22.0,284.0,22.0,271.0,121.0,285.0,11.0,280.18,7.639999999999986,143.0,33.0,1.4475082037769773,176,110.0,43.0,0.62,284.0,3.0
2025-01-03 07:31:09,278.04,47.0,283.29,17.0,273.48,23.0,284.54,13.0,280.67,5.25,70.0,30.0,0.6655298640941306,100,40.0,-44.0,0.4,280.0,1.0
2025-01-03 07:31:10,278.05,63.0,284.0,17.0,268.49,111.0,285.0,15.0,281.02,5.949999999999989,174.0,32.0,0.8079913365879684,206,142.0,106.0,0.69,284.0,1.0
2025-01-03 07:31:11,280.31,29.0,284.0,13.0,279.92,49.0,285.0,13.0,282.16,3.6899999999999977,78.0,26.0,1.1952112783944768,104,52.0,-102.0,0.5,284.0,
2025-01-03 07:31:12,281.0,8.0,284.0,8.0,280.0,40.0,285.0,8.0,282.5,3.0,48.0,16.0,1.4270143657305991,64,32.0,-40.0,0.5,284.0,
2025-01-03 07:31:13,281.65,31.0,284.0,15.0,280.07,59.0,285.0,15.0,282.82,2.3500000000000227,90.0,30.0,0.9406806046696724,120,60.0,56.0,0.5,284.0,
2025-01-03 07:31:14,282.56,59.0,284.36,14.0,277.5,24.0,285.69,29.0,283.46,1.8000000000000114,83.0,43.0,0.9043892967090232,126,40.0,6.0,0.32,284.0,1.0
2025-01-03 07:31:15,282.53,17.0,285.0,11.0,281.95,38.0,286.0,44.0,283.76,2.4700000000000277,55.0,55.0,0.66317418526507,110,0.0,-16.0,0.0,284.0,
2025-01-03 07:31:16,283.52,23.0,285.52,23.0,278.8,59.0,286.51,53.0,284.52,2.0,82.0,76.0,0.7958140486332863,158,6.0,48.0,0.04,285.0,1.0
2025-01-03 07:31:17,275.02,99.0,285.72,61.0,273.89,99.0,287.98,86.0,280.37,10.700000000000044,198.0,147.0,1.5849227110499626,345,51.0,172.0,0.15,284.0,1.0
2025-01-03 07:31:18,275.0,114.0,284.0,72.0,274.06,68.0,286.0,72.0,279.5,9.0,182.0,144.0,2.234282882716909,326,38.0,-19.0,0.12,284.0,
2025-01-03 07:31:19,277.0,96.0,284.4,30.0,275.0,36.0,287.67,54.0,280.7,7.399999999999977,132.0,84.0,2.223758080367924,216,48.0,-110.0,0.22,284.86,7.0
2025-01-03 07:31:20,277.04,75.0,286.0,10.0,275.29,41.0,291.53,32.0,281.52,8.95999999999998,116.0,42.0,1.9286834888082296,158,74.0,-58.0,0.47,278.0,3.0
2025-01-03 07:31:21,277.0,88.0,283.82,11.0,275.0,88.0,291.33,27.0,280.41,6.819999999999993,176.0,38.0,0.7254998277058281,214,138.0,56.0,0.64,278.0,
2025-01-03 07:31:23,277.0,88.0,284.45,11.0,275.0,88.0,286.18,11.0,280.73,7.449999999999989,176.0,22.0,1.549474104333804,198,154.0,18.0,0.78,281.5,2.0
2025-01-03 07:31:24,277.63,49.0,286.0,9.0,275.77,70.0,290.88,17.0,281.82,8.370000000000005,119.0,26.0,1.7168080847902294,145,93.0,-53.0,0.64,281.5,
2025-01-03 07:31:25,281.45,44.0,286.0,17.0,279.58,69.0,291.0,34.0,283.73,4.550000000000011,113.0,51.0,2.272943026123011,164,62.0,19.0,0.38,282.0,5.0
2025-01-03 07:31:26,283.22,23.0,286.0,15.0,282.4,30.0,291.0,30.0,284.61,2.7799999999999727,53.0,45.0,2.792036890874023,98,8.0,-66.0,0.08,282.0,
2025-01-03 07:31:27,283.71,17.0,287.11,18.0,282.62,26.0,289.15,26.0,285.41,3.400000000000034,43.0,44.0,1.945533345898233,87,-1.0,-11.0,-0.01,284.5,2.0
2025-01-03 07:31:28,283.73,11.0,288.0,14.0,282.4,10.0,291.0,14.0,285.86,4.269999999999982,21.0,28.0,1.5996968462813146,49,-7.0,-38.0,-0.14,284.5,
2025-01-03 07:31:29,284.0,26.0,286.46,13.0,283.0,13.0,289.94,31.0,285.23,2.4599999999999795,39.0,44.0,0.8246938826029044,83,-5.0,34.0,-0.06,284.0,1.0
2025-01-03 07:31:30,285.19,16.0,292.0,48.0,283.94,16.0,293.0,32.0,288.59,6.810000000000002,32.0,80.0,1.5478048972667775,112,-48.0,29.0,-0.43,284.0,
2025-01-03 07:31:31,287.94,31.0,292.0,47.0,284.31,13.0,293.18,22.0,289.97,4.060000000000002,44.0,69.0,2.139443852968222,113,-25.0,1.0,-0.22,284.0,
2025-01-03 07:31:32,289.07,85.0,292.0,24.0,288.53,49.0,293.17,29.0,290.54,2.930000000000007,134.0,53.0,2.3940488716824437,187,81.0,74.0,0.43,292.0,1.0
2025-01-03 07:31:33,289.07,86.0,291.37,19.0,283.32,124.0,293.42,19.0,290.22,2.300000000000012,210.0,38.0,2.187544285267009,248,172.0,61.0,0.69,290.0,1.0
2025-01-03 07:31:34,289.0,117.0,291.88,24.0,278.0,96.0,293.31,16.0,290.44,2.8799999999999955,213.0,40.0,0.7923193800512363,253,173.0,5.0,0.68,289.0,1.0
2025-01-03 07:31:35,289.0,90.0,293.0,50.0,278.0,80.0,294.0,18.0,291.0,4.0,170.0,68.0,0.3849415540117173,238,102.0,-15.0,0.43,289.0,
2025-01-03 07:31:36,289.0,84.0,293.8,25.0,278.0,88.0,299.62,32.0,291.4,4.800000000000011,172.0,57.0,0.4747630988240885,229,115.0,-9.0,0.5,289.0,5.0
2025-01-03 07:31:37,289.0,24.0,294.0,22.0,278.03,89.0,299.64,33.0,291.5,5.0,113.0,55.0,0.5686123459837306,168,58.0,-61.0,0.35,289.0,2.0
2025-01-03 07:31:38,290.09,22.0,296.55,33.0,281.22,58.0,299.08,39.0,293.32,6.460000000000036,80.0,72.0,1.0829219731842856,152,8.0,-16.0,0.05,294.0,2.0
2025-01-03 07:31:39,295.0,8.0,298.0,24.0,289.0,16.0,300.0,24.0,296.5,3.0,24.0,48.0,2.2822532725369804,72,-24.0,-80.0,-0.33,294.0,
2025-01-03 07:31:40,289.14,14.0,297.67,36.0,283.91,54.0,299.14,42.0,293.4,8.53000000000003,68.0,78.0,2.0658847983384545,146,-10.0,74.0,-0.07,289.0,6.0
2025-01-03 07:31:41,287.0,15.0,296.13,30.0,280.0,75.0,298.0,85.0,291.57,9.129999999999995,90.0,115.0,2.0294383459484315,205,-25.0,59.0,-0.12,289.0,
2025-01-03 07:31:42,287.0,13.0,294.6,20.0,281.15,65.0,297.09,53.0,290.8,7.600000000000023,78.0,73.0,2.198162869308335,151,5.0,-54.0,0.03,289.0,
2025-01-03 07:31:43,287.43,28.0,290.8,20.0,284.25,51.0,293.31,13.0,289.11,3.3700000000000045,79.0,33.0,2.8198457404626978,112,46.0,-39.0,0.41,289.0,
2025-01-03 07:31:44,288.0,61.0,289.93,28.0,287.0,56.0,293.0,14.0,288.96,1.9300000000000068,117.0,42.0,1.843195594614204,159,75.0,47.0,0.47,288.0,2.0
2025-01-03 07:31:45,288.0,48.0,291.62,24.0,287.0,60.0,300.0,45.0,289.81,3.620000000000005,108.0,69.0,1.118279929179186,177,39.0,18.0,0.22,289.0,2.0
2025-01-03 07:31:46,287.06,47.0,295.75,24.0,283.27,59.0,298.5,36.0,291.41,8.689999999999998,106.0,60.0,1.06492722756301,166,46.0,-11.0,0.28,289.0,
2025-01-03 07:31:47,287.57,28.0,295.0,10.0,284.39,46.0,296.0,30.0,291.29,7.430000000000007,74.0,40.0,1.1720409549179915,114,34.0,-52.0,0.3,289.0,
2025-01-03 07:31:48,291.0,8.0,294.62,8.0,287.4,40.0,296.0,24.0,292.81,3.620000000000005,48.0,32.0,1.5001933208774534,80,16.0,-34.0,0.2,289.0,
2025-01-03 07:31:49,291.86,42.0,295.89,27.0,287.93,116.0,297.52,40.0,293.87,4.029999999999973,158.0,67.0,1.5548376121015215,225,91.0,145.0,0.4,292.0,7.0
2025-01-03 07:31:50,295.0,78.0,298.0,43.0,287.21,56.0,302.31,39.0,296.5,3.0,134.0,82.0,2.141279991034757,216,52.0,-9.0,0.24,292.0,
2025-01-03 07:31:51,295.0,21.0,298.0,5.0,287.0,20.0,300.0,15.0,296.5,3.0,41.0,20.0,2.29613370690952,61,21.0,-155.0,0.34,295.0,3.0
2025-01-03 07:31:52,295.0,43.0,296.93,15.0,287.0,60.0,299.33,27.0,295.97,1.9300000000000068,103.0,42.0,1.690369782031837,145,61.0,84.0,0.42,295.0,1.0
2025-01-03 07:31:53,295.0,20.0,299.8,10.0,287.0,40.0,301.8,30.0,297.4,4.800000000000011,60.0,40.0,1.3215786015241782,100,20.0,-45.0,0.2,295.0,
2025-01-03 07:31:54,295.0,20.0,301.0,10.0,287.0,40.0,302.0,30.0,298.0,6.0,60.0,40.0,0.8126376806466904,100,20.0,0.0,0.2,295.0,
2025-01-03 07:31:55,295.0,14.0,300.14,7.0,287.0,28.0,301.25,12.0,297.57,5.139999999999986,42.0,19.0,0.8302228616503432,61,23.0,-39.0,0.38,295.0,
2025-01-03 07:31:56,295.0,16.0,299.75,8.0,287.0,47.0,301.0,32.0,297.38,4.75,63.0,40.0,0.765133975201025,103,23.0,42.0,0.22,295.0,
2025-01-03 07:31:57,295.0,20.0,299.0,10.0,287.0,80.0,301.0,40.0,297.0,4.0,100.0,50.0,0.3622154055351592,150,50.0,47.0,0.33,295.0,
2025-01-03 07:31:58,291.24,34.0,298.27,11.0,286.0,84.0,301.0,29.0,294.75,7.029999999999973,118.0,40.0,1.276107362257152,158,78.0,8.0,0.49,295.0,2.0
2025-01-03 07:31:59,288.9,82.0,297.17,12.0,286.29,76.0,301.57,21.0,293.03,8.270000000000039,158.0,33.0,1.9835649724692304,191,125.0,33.0,0.65,290.0,2.0
2025-01-03 07:32:00,290.38,128.0,296.5,16.0,289.01,106.0,301.7,61.0,293.44,6.1200000000000045,234.0,77.0,1.9980865847121825,311,157.0,120.0,0.5,290.0,
2025-01-03 07:32:01,291.0,70.0,296.0,10.0,290.0,10.0,300.0,30.0,293.5,5.0,80.0,40.0,1.6182799510612207,120,40.0,-172.0,0.33,291.0,1.0
2025-01-03 07:32:02,291.0,91.0,294.54,13.0,290.0,13.0,300.31,39.0,292.77,3.5400000000000205,104.0,52.0,0.7615576143711021,156,52.0,36.0,0.33,291.0,
2025-01-03 07:32:03,291.72,39.0,293.78,9.0,290.0,9.0,302.0,27.0,292.75,2.059999999999945,48.0,36.0,0.3577289476776402,84,12.0,-72.0,0.14,291.0,3.0
2025-01-03 07:32:04,292.5,24.0,302.0,21.0,291.38,13.0,303.0,28.0,297.25,9.5,37.0,49.0,1.883127717391108,86,-12.0,2.0,-0.14,292.0,1.0
2025-01-03 07:32:05,293.0,68.0,301.33,36.0,290.0,10.0,302.47,34.0,297.17,8.329999999999984,78.0,70.0,2.3221800102504484,148,8.0,62.0,0.05,293.0,2.0
2025-01-03 07:32:06,294.42,50.0,299.78,74.0,291.8,30.0,300.96,71.0,297.1,5.359999999999957,80.0,145.0,2.417875100166868,225,-65.0,77.0,-0.29,293.0,
2025-01-03 07:32:07,296.0,45.0,297.8,45.0,295.0,30.0,301.91,46.0,296.9,1.8000000000000114,75.0,91.0,1.9519298143137989,166,-16.0,-59.0,-0.1,293.0,
2025-01-03 07:32:08,296.0,27.0,297.0,27.0,295.0,18.0,302.0,59.0,296.5,1.0,45.0,86.0,0.3000499958461001,131,-41.0,-35.0,-0.31,293.0,
2025-01-03 07:32:09,295.83,36.0,299.06,51.0,294.53,38.0,302.88,85.0,297.45,3.230000000000018,74.0,136.0,0.3530297437996506,210,-62.0,79.0,-0.3,296.0,3.0
2025-01-03 07:32:10,295.0,20.0,302.0,70.0,294.0,60.0,305.71,14.0,298.5,7.0,80.0,84.0,0.758617163005998,164,-4.0,-46.0,-0.02,296.0,
2025-01-03 07:32:11,294.47,30.0,300.98,52.0,293.57,47.0,301.9,41.0,297.72,6.509999999999991,77.0,93.0,0.7703765313191221,170,-16.0,6.0,-0.09,294.33,6.0
2025-01-03 07:32:12,292.12,32.0,299.08,12.0,288.36,22.0,301.0,48.0,295.6,6.95999999999998,54.0,60.0,1.1249799998254462,114,-6.0,-56.0,-0.05,291.75,4.0
2025-01-03 07:32:13,289.0,48.0,298.25,16.0,287.0,48.0,301.25,16.0,293.62,9.25,96.0,32.0,1.966270581585156,128,64.0,14.0,0.5,291.75,
2025-01-03 07:32:14,289.0,60.0,297.17,12.0,287.0,60.0,298.04,28.0,293.08,8.170000000000016,120.0,40.0,2.4042212876536917,160,80.0,32.0,0.5,291.75,
2025-01-03 07:32:15,289.0,54.0,295.21,19.0,287.0,54.0,297.41,17.0,292.11,6.20999999999998,108.0,36.0,2.2390801682849557,144,72.0,-16.0,0.5,291.75,
2025-01-03 07:32:16,287.75,48.0,295.0,24.0,286.78,23.0,296.0,8.0,291.38,7.25,71.0,32.0,1.6157413159310785,103,39.0,-41.0,0.38,291.75,
2025-01-03 07:32:17,287.58,43.0,293.13,15.0,287.12,59.0,295.0,45.0,290.36,5.550000000000011,102.0,60.0,1.3054118124202854,162,42.0,59.0,0.26,291.75,
2025-01-03 07:32:18,289.33,18.0,291.7,10.0,287.86,42.0,295.0,30.0,290.52,2.3700000000000045,60.0,40.0,1.1338430226474234,100,20.0,-62.0,0.2,290.0,1.0
2025-01-03 07:32:19,288.2,60.0,290.07,14.0,286.64,89.0,295.55,44.0,289.14,1.8700000000000043,149.0,58.0,1.1216149071789534,207,91.0,107.0,0.44,289.0,3.0
2025-01-03 07:32:20,287.0,96.0,289.25,8.0,283.0,32.0,298.0,32.0,288.12,2.25,128.0,40.0,1.2779201853033713,168,88.0,-39.0,0.52,289.0,
2025-01-03 07:32:21,287.0,96.0,293.71,14.0,283.0,32.0,299.11,38.0,290.36,6.70999999999998,128.0,52.0,1.0432641084623555,180,76.0,12.0,0.42,288.0,1.0
2025-01-03 07:32:22,287.82,67.0,298.0,48.0,286.88,136.0,299.43,69.0,292.91,10.180000000000009,203.0,117.0,1.7973313550945322,320,86.0,140.0,0.27,288.0,
2025-01-03 07:32:23,290.3,44.0,298.16,50.0,287.91,88.0,299.26,92.0,294.23,7.860000000000014,132.0,142.0,2.560911946945115,274,-10.0,-46.0,-0.04,288.0,
2025-01-03 07:32:24,292.79,70.0,297.19,32.0,290.71,58.0,298.9,101.0,294.99,4.399999999999977,128.0,133.0,2.8465189266903783,261,-5.0,-13.0,-0.02,288.0,
2025-01-03 07:32:25,293.0,70.0,294.93,30.0,292.0,45.0,297.47,75.0,293.97,1.9300000000000068,115.0,105.0,1.8003666293304916,220,10.0,-41.0,0.05,293.0,1.0
2025-01-03 07:32:26,292.28,29.0,297.83,47.0,287.92,75.0,300.38,26.0,295.05,5.550000000000011,104.0,73.0,0.8746427842308495,177,31.0,-43.0,0.18,294.0,2.0
2025-01-03 07:32:27,293.69,32.0,298.57,58.0,292.0,48.0,304.94,18.0,296.13,4.879999999999996,80.0,76.0,0.8446774532371835,156,4.0,-21.0,0.03,294.0,
2025-01-03 07:32:28,293.25,16.0,299.0,24.0,291.5,24.0,303.0,8.0,296.12,5.75,40.0,32.0,0.9051629687561044,72,8.0,-84.0,0.11,294.0,3.0
2025-01-03 07:32:29,292.48,27.0,299.0,51.0,291.32,44.0,303.0,17.0,295.74,6.519999999999982,71.0,68.0,0.913000547649015,139,3.0,67.0,0.02,294.0,
2025-01-03 07:32:30,292.2,10.0,299.0,30.0,291.07,29.0,303.0,10.0,295.6,6.800000000000011,39.0,40.0,0.4448258086121901,79,-1.0,-60.0,-0.01,293.0,2.0
2025-01-03 07:32:31,292.0,8.0,299.0,24.0,291.0,24.0,303.0,8.0,295.5,7.0,32.0,32.0,0.2929505077782159,64,0.0,-15.0,0.0,293.0,
2025-01-03 07:32:32,291.4,20.0,298.58,24.0,289.64,44.0,300.0,24.0,294.99,7.180000000000007,64.0,48.0,0.4097560249800322,112,16.0,48.0,0.14,292.0,1.0
2025-01-03 07:32:33,291.0,31.0,295.82,11.0,288.8,50.0,300.04,25.0,293.41,4.819999999999993,81.0,36.0,0.9584205757428212,117,45.0,5.0,0.38,291.0,2.0
2025-01-03 07:32:34,291.0,11.0,294.36,11.0,290.0,44.0,301.0,26.0,292.68,3.3600000000000136,55.0,37.0,1.316256054119756,92,18.0,-25.0,0.2,291.0,
2025-01-03 07:32:35,290.31,13.0,293.71,7.0,289.03,31.0,301.0,28.0,292.01,3.3999999999999773,44.0,35.0,1.490224815256593,79,9.0,-13.0,0.11,290.5,2.0
2025-01-03 07:32:36,290.0,24.0,292.75,8.0,288.0,40.0,300.57,14.0,291.38,2.75,64.0,22.0,1.394535765050909,86,42.0,7.0,0.49,290.5,
2025-01-03 07:32:37,290.0,36.0,291.33,12.0,288.0,60.0,300.0,12.0,290.67,1.329999999999984,96.0,24.0,1.0723105893376368,120,72.0,34.0,0.6,290.0,1.0
2025-01-03 07:32:38,290.0,26.0,297.66,29.0,288.0,65.0,304.27,33.0,293.83,7.660000000000025,91.0,62.0,1.214466961265587,153,29.0,33.0,0.19,290.0,
2025-01-03 07:32:39,290.0,24.0,297.75,24.0,288.87,38.0,303.76,29.0,293.88,7.75,62.0,53.0,1.4500103447926878,115,9.0,-38.0,0.08,290.0,
2025-01-03 07:32:40,290.0,24.0,298.41,17.0,289.0,36.0,301.21,19.0,294.21,8.410000000000025,60.0,36.0,1.640771160157946,96,24.0,-19.0,0.25,290.0,
2025-01-03 07:32:41,290.0,20.0,295.9,21.0,289.0,30.0,298.73,11.0,292.95,5.899999999999977,50.0,32.0,1.4405276810968408,82,18.0,-14.0,0.22,290.0,
2025-01-03 07:32:42,290.0,22.0,294.22,36.0,289.0,33.0,295.67,18.0,292.11,4.220000000000027,55.0,54.0,0.8570180861606199,109,1.0,27.0,0.01,290.0,
2025-01-03 07:32:43,291.25,48.0,293.7,46.0,289.31,39.0,294.36,44.0,292.47,2.4499999999999886,87.0,90.0,0.8995999110750645,177,-3.0,68.0,-0.02,289.4,5.0
2025-01-03 07:32:44,288.0,75.0,297.59,54.0,284.93,90.0,299.21,47.0,292.8,9.589999999999977,165.0,101.0,0.796442088294026,266,64.0,89.0,0.24,293.5,4.0
2025-01-03 07:32:45,288.74,38.0,300.24,74.0,287.56,82.0,302.82,57.0,294.49,11.5,120.0,131.0,0.912293812324835,251,-11.0,-15.0,-0.04,293.5,
2025-01-03 07:32:46,289.0,22.0,301.0,88.0,288.0,55.0,302.0,11.0,295.0,12.0,77.0,99.0,1.2878004503828755,176,-22.0,-75.0,-0.12,293.5,
2025-01-03 07:32:47,289.0,26.0,299.26,66.0,288.0,65.0,300.77,39.0,294.13,10.259999999999993,91.0,105.0,1.0944724756733222,196,-14.0,20.0,-0.07,293.5,
2025-01-03 07:32:48,288.64,22.0,298.82,55.0,287.63,43.0,301.0,33.0,293.73,10.180000000000009,65.0,88.0,0.8314745937228684,153,-23.0,-43.0,-0.15,288.4,5.0
2025-01-03 07:32:49,288.0,24.0,297.5,60.0,286.0,24.0,302.11,19.0,292.75,9.5,48.0,79.0,0.8500588214980282,127,-31.0,-26.0,-0.24,288.4,
2025-01-03 07:32:50,288.0,30.0,295.93,75.0,286.0,30.0,302.0,54.0,291.97,7.930000000000007,60.0,129.0,1.1834187762607111,189,-69.0,62.0,-0.37,288.4,
2025-01-03 07:32:51,289.0,12.0,295.0,60.0,288.0,24.0,302.0,60.0,292.0,6.0,36.0,120.0,0.9871575355565932,156,-84.0,-33.0,-0.54,288.4,
2025-01-03 07:32:52,288.62,13.0,294.15,65.0,286.46,26.0,302.0,22.0,291.38,5.529999999999973,39.0,87.0,0.9042842473503176,126,-48.0,-30.0,-0.38,288.5,2.0
2025-01-03 07:32:53,292.91,114.0,294.11,71.0,287.06,17.0,302.62,16.0,293.51,1.1999999999999886,131.0,87.0,0.8230249084966408,218,44.0,92.0,0.2,293.0,5.0
2025-01-03 07:32:54,293.0,48.0,301.14,28.0,288.0,12.0,304.47,17.0,297.07,8.139999999999986,60.0,45.0,2.3096168513427564,105,15.0,-113.0,0.14,292.0,5.0
2025-01-03 07:32:55,289.67,45.0,301.0,43.0,287.56,59.0,302.38,13.0,295.33,11.329999999999984,104.0,56.0,2.3557100840313265,160,48.0,55.0,0.3,292.0,
2025-01-03 07:32:56,291.0,42.0,300.76,49.0,285.12,32.0,303.0,14.0,295.88,9.759999999999993,74.0,63.0,2.2261468954243373,137,11.0,-23.0,0.08,292.0,
2025-01-03 07:32:57,291.0,27.0,299.44,27.0,284.0,18.0,303.0,9.0,295.22,8.439999999999998,45.0,36.0,1.287311151201577,81,9.0,-56.0,0.11,292.0,
2025-01-03 07:32:58,291.0,42.0,298.07,42.0,284.0,28.0,303.0,50.0,294.54,7.069999999999993,70.0,92.0,0.946028540799938,162,-22.0,81.0,-0.14,292.0,
2025-01-03 07:32:59,292.75,151.0,296.06,54.0,290.18,51.0,300.0,36.0,294.4,3.3100000000000023,202.0,90.0,0.6074372395628296,292,112.0,130.0,0.38,293.0,1.0
2025-01-03 07:33:00,293.12,153.0,295.53,51.0,291.0,51.0,299.0,51.0,294.32,2.409999999999968,204.0,102.0,0.6661231117500547,306,102.0,14.0,0.33,295.0,3.0
2025-01-03 07:33:01,291.0,51.0,298.47,34.0,289.0,85.0,300.57,51.0,294.74,7.470000000000027,136.0,85.0,0.359277051879779,221,51.0,-85.0,0.23,295.0,
2025-01-03 07:33:02,292.7,107.0,296.79,19.0,290.62,58.0,297.94,32.0,294.75,4.090000000000032,165.0,51.0,0.1946792233581986,216,114.0,-5.0,0.53,295.0,
2025-01-03 07:33:03,294.0,74.0,295.95,22.0,292.0,15.0,303.5,48.0,294.98,1.9499999999999889,89.0,70.0,0.2728002932685591,159,19.0,-57.0,0.12,294.0,2.0
2025-01-03 07:33:04,294.38,45.0,297.0,12.0,292.0,12.0,303.7,27.0,295.69,2.6200000000000045,57.0,39.0,0.5037161899398855,96,18.0,-63.0,0.19,295.0,1.0
2025-01-03 07:33:05,294.09,35.0,298.1,20.0,290.93,14.0,300.0,10.0,296.09,4.010000000000048,49.0,30.0,0.6087281823669183,79,19.0,-17.0,0.24,293.6,5.0
2025-01-03 07:33:06,291.0,94.0,295.56,18.0,289.0,70.0,296.83,24.0,293.28,4.560000000000002,164.0,42.0,1.0812816469392137,206,122.0,127.0,0.59,291.0,2.0
2025-01-03 07:33:07,291.03,105.0,294.88,32.0,288.13,97.0,295.64,22.0,292.95,3.850000000000023,202.0,54.0,1.4157577476416436,256,148.0,50.0,0.58,291.0,
2025-01-03 07:33:08,292.42,26.0,294.0,14.0,291.0,84.0,297.8,20.0,293.21,1.579999999999984,110.0,34.0,1.514225874830803,144,76.0,-112.0,0.53,293.0,2.0
2025-01-03 07:33:09,295.35,60.0,301.5,16.0,291.63,41.0,304.95,61.0,298.43,6.149999999999977,101.0,77.0,2.403210352842102,178,24.0,34.0,0.13,296.5,6.0
2025-01-03 07:33:10,295.0,9.0,299.0,9.0,291.0,63.0,302.0,9.0,297.0,4.0,72.0,18.0,2.555705382082916,90,54.0,-88.0,0.6,296.5,
2025-01-03 07:33:11,291.19,84.0,302.0,13.0,290.27,79.0,305.0,39.0,296.6,10.810000000000002,163.0,52.0,2.433941248265449,215,111.0,125.0,0.52,291.8,5.0
2025-01-03 07:33:12,291.0,110.0,301.02,41.0,289.0,33.0,303.23,13.0,296.01,10.019999999999982,143.0,54.0,1.9194139730679056,197,89.0,-18.0,0.45,291.0,2.0
2025-01-03 07:33:13,291.84,62.0,300.64,56.0,290.88,49.0,302.55,40.0,296.24,8.800000000000011,111.0,96.0,0.956415181816262,207,15.0,10.0,0.07,291.0,
2025-01-03 07:33:14,292.7,92.0,299.2,60.0,291.6,53.0,301.73,45.0,295.95,6.5,145.0,105.0,0.4393745554857822,250,40.0,43.0,0.16,291.0,
2025-01-03 07:33:15,293.0,32.0,299.0,16.0,292.0,16.0,302.0,12.0,296.0,6.0,48.0,28.0,0.2702776350499448,76,20.0,-172.0,0.26,291.0,
2025-01-03 07:33:16,293.0,72.0,299.0,36.0,292.0,36.0,302.0,27.0,296.0,6.0,108.0,63.0,0.114236596623442,171,45.0,95.0,0.26,291.0,
2025-01-03 07:33:17,293.0,48.0,298.83,24.0,292.0,24.0,302.0,18.0,295.92,5.829999999999984,72.0,42.0,0.1265701386903522,114,30.0,-57.0,0.26,291.0,
2025-01-03 07:33:18,293.0,96.0,298.0,48.0,292.0,48.0,302.18,33.0,295.5,5.0,144.0,81.0,0.2118490028487301,225,63.0,111.0,0.28,291.0,
2025-01-03 07:33:19,293.0,120.0,296.44,54.0,292.0,60.0,299.59,54.0,294.72,3.4399999999999977,180.0,108.0,0.5483794306935971,288,72.0,63.0,0.25,291.0,
2025-01-03 07:33:20,293.0,65.0,296.19,32.0,292.0,48.0,299.64,33.0,294.59,3.1899999999999977,113.0,65.0,0.660363536249285,178,48.0,-110.0,0.27,293.0,5.0
2025-01-03 07:33:21,295.14,42.0,305.0,21.0,292.15,39.0,306.66,35.0,300.07,9.860000000000014,81.0,56.0,2.2538744419350825,137,25.0,-41.0,0.18,293.0,
2025-01-03 07:33:22,298.0,126.0,304.86,14.0,293.0,42.0,306.29,34.0,301.43,6.860000000000014,168.0,48.0,3.238945816158223,216,120.0,79.0,0.56,293.0,
2025-01-03 07:33:23,298.0,72.0,304.0,8.0,293.0,24.0,306.0,32.0,301.0,6.0,96.0,40.0,3.4198347913326934,136,56.0,-80.0,0.41,293.0,
2025-01-03 07:33:24,298.0,109.0,303.54,13.0,293.0,39.0,306.0,78.0,300.77,5.5400000000000205,148.0,91.0,2.828200841526344,239,57.0,103.0,0.24,298.0,4.0
2025-01-03 07:33:25,298.0,40.0,302.12,8.0,292.84,25.0,306.0,20.0,300.06,4.1200000000000045,65.0,28.0,0.5976035475219944,93,37.0,-146.0,0.4,298.0,
2025-01-03 07:33:26,297.7,54.0,300.82,11.0,293.02,47.0,306.95,42.0,299.26,3.1200000000000045,101.0,53.0,0.8542423543765506,154,48.0,61.0,0.31,298.0,5.0
2025-01-03 07:33:27,294.0,32.0,300.0,8.0,292.0,56.0,307.0,32.0,297.0,6.0,88.0,40.0,1.6135736735613797,128,48.0,-26.0,0.38,298.0,
2025-01-03 07:33:28,294.0,24.0,300.0,6.0,292.0,42.0,307.17,24.0,297.0,6.0,66.0,30.0,1.743450601539964,96,36.0,-32.0,0.38,298.0,
2025-01-03 07:33:29,294.0,52.0,299.0,23.0,292.0,91.0,303.03,29.0,296.5,5.0,143.0,52.0,1.5870349712623744,195,91.0,99.0,0.47,298.0,
2025-01-03 07:33:30,294.0,32.0,297.17,18.0,292.0,56.0,298.64,14.0,295.58,3.170000000000016,88.0,32.0,1.3556253169697632,120,56.0,-75.0,0.47,298.0,
2025-01-03 07:33:31,294.73,88.0,296.9,30.0,292.55,58.0,298.0,10.0,295.81,2.169999999999959,146.0,40.0,0.6610748823008261,186,106.0,66.0,0.57,298.0,
2025-01-03 07:33:32,295.0,105.0,302.0,33.0,294.0,44.0,305.32,25.0,298.5,7.0,149.0,58.0,1.1634087845676704,207,91.0,21.0,0.44,295.0,12.0
2025-01-03 07:33:33,296.59,64.0,302.15,39.0,294.92,52.0,304.85,39.0,299.37,5.560000000000002,116.0,78.0,1.6907010380340626,194,38.0,-13.0,0.2,295.0,
2025-01-03 07:33:34,298.0,64.0,304.7,30.0,296.0,40.0,308.78,37.0,301.35,6.699999999999989,104.0,67.0,2.4457861721765286,171,37.0,-23.0,0.22,295.0,
2025-01-03 07:33:35,298.0,63.0,304.46,13.0,296.0,36.0,306.11,27.0,301.23,6.45999999999998,99.0,40.0,2.2771078147532537,139,59.0,-32.0,0.42,295.0,
2025-01-03 07:33:36,298.0,84.0,302.25,12.0,296.0,48.0,305.0,36.0,300.12,4.25,132.0,48.0,1.2177561332264772,180,84.0,41.0,0.47,295.0,
2025-01-03 07:33:37,298.0,96.0,299.87,23.0,296.0,60.0,304.95,37.0,298.93,1.8700000000000043,156.0,60.0,1.083005078478741,216,96.0,36.0,0.44,298.0,3.0
2025-01-03 07:33:38,298.0,35.0,306.45,29.0,296.0,50.0,309.95,19.0,302.22,8.449999999999989,85.0,48.0,1.2706887895983774,133,37.0,-83.0,0.28,298.0,1.0
2025-01-03 07:33:39,298.0,21.0,307.0,21.0,296.0,28.0,311.16,19.0,302.5,9.0,49.0,40.0,1.4874978991618948,89,9.0,-44.0,0.1,298.0,
2025-01-03 07:33:40,298.0,18.0,307.0,24.0,296.0,32.0,311.0,32.0,302.5,9.0,50.0,56.0,1.6374614499312976,106,-6.0,17.0,-0.06,298.0,2.0
2025-01-03 07:33:41,298.0,15.0,307.35,46.0,296.0,60.0,311.02,57.0,302.67,9.350000000000025,75.0,103.0,1.5924603605776853,178,-28.0,72.0,-0.16,298.0,
2025-01-03 07:33:42,298.0,9.0,307.0,27.0,296.0,36.0,311.0,36.0,302.5,9.0,45.0,63.0,0.1619259090179422,108,-18.0,-70.0,-0.17,298.0,
2025-01-03 07:33:43,298.0,7.0,306.55,11.0,296.0,28.0,308.39,23.0,302.27,8.550000000000011,35.0,34.0,0.1423727502413788,69,1.0,-39.0,0.01,298.0,
2025-01-03 07:33:44,298.0,13.0,304.92,13.0,296.0,52.0,306.15,39.0,301.46,6.920000000000016,65.0,52.0,0.4799479138523897,117,13.0,48.0,0.11,298.0,
2025-01-03 07:33:45,298.0,15.0,302.26,27.0,296.0,60.0,303.63,49.0,300.13,4.259999999999991,75.0,76.0,1.04548075066506,151,-1.0,34.0,-0.01,298.0,
2025-01-03 07:33:46,296.08,50.0,298.33,66.0,294.8,20.0,304.98,42.0,297.21,2.25,70.0,108.0,2.1671709669546235,178,-38.0,27.0,-0.21,298.0,1.0
2025-01-03 07:33:47,296.0,48.0,298.21,58.0,294.0,12.0,307.03,34.0,297.1,2.2099999999999795,60.0,92.0,2.388813513025004,152,-32.0,-26.0,-0.21,297.0,5.0
2025-01-03 07:33:48,295.73,30.0,307.0,33.0,292.89,18.0,308.0,11.0,301.37,11.269999999999982,48.0,44.0,2.163846112830319,92,4.0,-60.0,0.04,296.0,4.0
2025-01-03 07:33:49,294.0,9.0,307.0,27.0,293.0,27.0,308.0,9.0,300.5,13.0,36.0,36.0,1.9757707356904752,72,0.0,-20.0,0.0,296.0,
2025-01-03 07:33:50,297.61,31.0,306.75,32.0,293.44,16.0,307.57,14.0,302.18,9.139999999999986,47.0,46.0,2.3735774687190894,93,1.0,21.0,0.01,296.0,
2025-01-03 07:33:51,298.0,28.0,306.0,28.0,294.0,7.0,307.0,21.0,302.0,8.0,35.0,49.0,2.07995192252392,84,-14.0,-9.0,-0.17,296.0,
2025-01-03 07:33:52,298.0,28.0,306.0,28.0,294.0,7.0,307.0,21.0,302.0,8.0,35.0,49.0,0.6926037828448594,84,-14.0,0.0,-0.17,296.0,
2025-01-03 07:33:53,298.0,32.0,305.88,32.0,295.75,32.0,307.0,24.0,301.94,7.8799999999999955,64.0,56.0,0.6901304224644841,120,8.0,36.0,0.07,296.0,
2025-01-03 07:33:54,298.0,48.0,303.75,48.0,296.0,84.0,307.33,36.0,300.88,5.75,132.0,84.0,0.5221110992988013,216,48.0,96.0,0.22,296.0,
2025-01-03 07:33:55,298.0,52.0,300.38,52.0,296.0,91.0,308.83,41.0,299.19,2.3799999999999955,143.0,93.0,1.221687357719199,236,50.0,20.0,0.21,296.0,
2025-01-03 07:33:56,296.15,52.0,299.78,36.0,294.93,15.0,311.0,33.0,297.97,3.629999999999996,67.0,69.0,1.769951976752699,136,-2.0,-100.0,-0.01,297.6,5.0
2025-01-03 07:33:57,296.0,66.0,298.08,52.0,294.0,13.0,311.11,37.0,297.04,2.079999999999984,79.0,89.0,2.018695123095769,168,-10.0,32.0,-0.06,296.0,1.0
2025-01-03 07:33:58,296.0,30.0,297.0,36.0,294.0,9.0,312.0,9.0,296.5,1.0,39.0,45.0,1.7595255042227915,84,-6.0,-84.0,-0.07,296.0,3.0
2025-01-03 07:33:59,294.47,17.0,309.61,46.0,293.05,41.0,326.05,74.0,302.04,15.139999999999986,58.0,120.0,2.202764172581925,178,-62.0,94.0,-0.35,296.0,2.0
2025-01-03 07:34:00,294.0,17.0,307.73,44.0,293.0,83.0,310.19,42.0,300.86,13.730000000000018,100.0,86.0,2.4384462265981166,186,14.0,8.0,0.08,296.0,
2025-01-03 07:34:01,293.06,34.0,305.47,38.0,292.56,25.0,306.27,52.0,299.27,12.410000000000023,59.0,90.0,2.3856277999743902,149,-31.0,-37.0,-0.21,293.0,5.0
2025-01-03 07:34:02,293.5,40.0,301.4,30.0,292.5,20.0,306.0,70.0,297.45,7.899999999999977,60.0,100.0,2.3008541892111927,160,-40.0,11.0,-0.25,293.0,
2025-01-03 07:34:03,295.27,60.0,299.1,40.0,294.41,54.0,303.24,42.0,297.18,3.830000000000041,114.0,82.0,2.1119303965828813,196,32.0,36.0,0.16,293.0,
2025-01-03 07:34:04,295.5,56.0,297.67,36.0,294.26,38.0,299.71,41.0,296.58,2.170000000000016,94.0,77.0,1.7624329774520775,171,17.0,-25.0,0.1,297.0,4.0
2025-01-03 07:34:05,294.62,32.0,300.09,33.0,292.86,21.0,303.98,46.0,297.36,5.46999999999997,53.0,79.0,1.0100346528760846,132,-26.0,-39.0,-0.2,295.0,6.0
2025-01-03 07:34:06,292.6,10.0,305.0,35.0,291.05,55.0,307.0,21.0,298.8,12.399999999999975,65.0,56.0,0.8150950864841064,121,9.0,-11.0,0.07,293.0,2.0
2025-01-03 07:34:07,292.0,5.0,305.95,19.0,291.0,65.0,308.5,12.0,298.97,13.949999999999989,70.0,31.0,1.0527202857409643,101,39.0,-20.0,0.39,293.0,
2025-01-03 07:34:08,292.0,12.0,307.0,36.0,291.0,156.0,310.0,24.0,299.5,15.0,168.0,60.0,1.2210732983775074,228,108.0,127.0,0.47,293.0,
2025-01-03 07:34:09,293.6,111.0,307.0,54.0,291.6,50.0,310.0,36.0,300.3,13.399999999999975,161.0,90.0,1.0804536084490022,251,71.0,23.0,0.28,293.0,2.0
2025-01-03 07:34:10,296.64,84.0,310.0,28.0,294.0,14.0,311.0,28.0,303.32,13.360000000000014,98.0,56.0,1.8510051323565648,154,42.0,-97.0,0.27,293.0,
2025-01-03 07:34:11,299.0,90.0,308.5,48.0,296.33,15.0,310.5,32.0,303.75,9.5,105.0,80.0,2.217243784523995,185,25.0,31.0,0.14,293.0,
2025-01-03 07:34:12,299.0,54.0,308.0,36.0,298.0,9.0,311.0,36.0,303.5,9.0,63.0,72.0,2.010442737311949,135,-9.0,-50.0,-0.07,293.0,
2025-01-03 07:34:13,299.0,38.0,308.0,28.0,298.0,7.0,310.83,24.0,303.5,9.0,45.0,52.0,1.4470245333132492,97,-7.0,-38.0,-0.07,299.0,1.0
2025-01-03 07:34:14,299.0,33.0,308.0,28.0,298.0,7.0,310.0,14.0,303.5,9.0,40.0,42.0,0.1532318505093385,82,-2.0,-15.0,-0.02,299.0,1.0
2025-01-03 07:34:15,299.0,24.0,308.0,24.0,298.0,6.0,310.0,12.0,303.5,9.0,30.0,36.0,0.111803398922035,66,-6.0,-16.0,-0.09,299.0,
2025-01-03 07:34:16,298.71,28.0,308.0,52.0,294.61,33.0,310.0,26.0,303.36,9.29000000000002,61.0,78.0,0.0626099034539335,139,-17.0,73.0,-0.12,299.0,4.0
2025-01-03 07:34:17,299.0,18.0,308.0,36.0,298.0,9.0,310.0,18.0,303.5,9.0,27.0,54.0,0.0626099034539335,81,-27.0,-58.0,-0.33,299.0,
2025-01-03 07:34:18,299.0,16.0,308.0,32.0,297.12,8.0,310.0,16.0,303.5,9.0,24.0,48.0,0.0626099034539335,72,-24.0,-9.0,-0.33,299.0,
2025-01-03 07:34:19,299.0,32.0,306.84,31.0,297.0,16.0,307.83,24.0,302.92,7.839999999999975,48.0,55.0,0.2511573212361191,103,-7.0,31.0,-0.07,299.0,
2025-01-03 07:34:20,299.0,20.0,301.9,10.0,297.0,10.0,303.0,10.0,300.45,2.8999999999999773,30.0,20.0,1.305365849105338,50,10.0,-53.0,0.2,299.0,
2025-01-03 07:34:21,297.68,47.0,300.21,14.0,294.63,38.0,301.21,14.0,298.95,2.5299999999999727,85.0,28.0,2.059060465360467,113,57.0,63.0,0.5,299.0,
2025-01-03 07:34:22,297.02,85.0,299.53,15.0,294.52,48.0,302.0,24.0,298.28,2.509999999999991,133.0,39.0,2.32797121975562,172,94.0,59.0,0.55,299.0,1.0
2025-01-03 07:34:23,297.0,75.0,304.08,71.0,295.0,21.0,307.0,88.0,300.54,7.079999999999984,96.0,159.0,1.7903547134605624,255,-63.0,83.0,-0.25,297.5,4.0
2025-01-03 07:34:24,297.0,28.0,303.0,42.0,295.0,14.0,306.59,51.0,300.0,6.0,42.0,93.0,0.9901161548073232,135,-51.0,-120.0,-0.38,297.5,
2025-01-03 07:34:25,297.0,8.0,303.0,12.0,295.0,4.0,306.0,4.0,300.0,6.0,12.0,16.0,0.9162314118226078,28,-4.0,-107.0,-0.14,297.5,
2025-01-03 07:34:26,297.0,28.0,301.21,42.0,295.0,14.0,302.44,32.0,299.11,4.20999999999998,42.0,74.0,0.8923452246807,116,-32.0,88.0,-0.28,297.5,
2025-01-03 07:34:27,296.69,26.0,298.27,45.0,294.22,51.0,299.93,45.0,297.48,1.579999999999984,77.0,90.0,1.2027801129094355,167,-13.0,51.0,-0.08,297.0,2.0
2025-01-03 07:34:28,294.04,102.0,295.44,32.0,293.32,124.0,297.0,48.0,294.74,1.3999999999999773,226.0,80.0,2.223528727048626,306,146.0,139.0,0.48,294.33,3.0
2025-01-03 07:34:29,294.0,84.0,295.0,26.0,293.0,143.0,297.0,39.0,294.5,1.0,227.0,65.0,2.495111219968076,292,162.0,-14.0,0.55,294.0,2.0
2025-01-03 07:34:30,294.0,68.0,295.97,31.0,293.0,143.0,300.64,44.0,294.98,1.9700000000000275,211.0,75.0,2.0377242207940567,286,136.0,-6.0,0.48,294.0,2.0
2025-01-03 07:34:31,293.14,115.0,296.0,39.0,292.1,80.0,299.37,41.0,294.57,2.8600000000000136,195.0,80.0,1.258046104087978,275,115.0,-11.0,0.42,294.0,4.0
2025-01-03 07:34:32,293.0,88.0,294.75,24.0,291.0,32.0,301.11,27.0,293.88,1.75,120.0,51.0,0.409731619491428,171,69.0,-104.0,0.4,294.0,
2025-01-03 07:34:33,293.25,106.0,303.78,54.0,292.39,95.0,306.91,22.0,298.52,10.529999999999973,201.0,76.0,1.84794480437346,277,125.0,106.0,0.45,294.0,3.0
2025-01-03 07:34:34,296.0,42.0,301.07,56.0,293.0,150.0,308.0,38.0,298.54,5.069999999999993,192.0,94.0,2.25464409608496,286,98.0,9.0,0.34,294.0,
2025-01-03 07:34:35,297.93,42.0,300.0,56.0,295.0,84.0,308.0,14.0,298.96,2.069999999999993,126.0,70.0,2.4549297342308285,196,56.0,-90.0,0.29,294.0,
2025-01-03 07:34:36,299.0,18.0,300.0,48.0,295.0,72.0,307.17,12.0,299.5,1.0,90.0,60.0,2.2713432149304267,150,30.0,-46.0,0.2,299.0,2.0
2025-01-03 07:34:37,299.0,13.0,300.0,52.0,295.0,78.0,307.0,13.0,299.5,1.0,91.0,65.0,0.4856747883206922,156,26.0,6.0,0.17,299.0,
2025-01-03 07:34:38,299.0,6.0,300.0,24.0,295.0,36.0,307.0,6.0,299.5,1.0,42.0,30.0,0.4368065933686698,72,12.0,-84.0,0.17,299.0,
2025-01-03 07:34:39,299.0,10.0,300.0,40.0,295.0,60.0,307.0,10.0,299.5,1.0,70.0,50.0,0.2414953415914078,120,20.0,48.0,0.17,299.0,
2025-01-03 07:34:40,299.0,8.0,300.91,23.0,295.0,48.0,308.64,11.0,299.96,1.910000000000025,56.0,34.0,0.2057182539551215,90,22.0,-30.0,0.24,299.0,
2025-01-03 07:34:41,299.0,14.0,301.75,32.0,295.0,84.0,309.18,22.0,300.38,2.75,98.0,54.0,0.3958787693351787,152,44.0,62.0,0.29,299.0,
2025-01-03 07:34:42,299.0,11.0,300.0,44.0,296.26,114.0,307.64,11.0,299.5,1.0,125.0,55.0,0.3958787693351787,180,70.0,28.0,0.39,299.0,
2025-01-03 07:34:43,297.04,92.0,300.0,32.0,296.0,72.0,308.0,8.0,298.52,2.9599999999999795,164.0,40.0,0.692906920163417,204,124.0,24.0,0.61,297.5,4.0
2025-01-03 07:34:44,297.0,210.0,298.79,14.0,295.0,84.0,301.71,56.0,297.89,1.7900000000000205,294.0,70.0,1.0278618584276646,364,224.0,160.0,0.62,297.5,
2025-01-03 07:34:45,297.0,255.0,298.0,17.0,295.0,102.0,303.88,64.0,297.5,1.0,357.0,81.0,1.1804744808806198,438,276.0,74.0,0.63,297.5,
2025-01-03 07:34:46,297.0,217.0,303.74,39.0,295.0,90.0,305.78,36.0,300.37,6.740000000000009,307.0,75.0,1.1770429049148472,382,232.0,-56.0,0.61,297.0,1.0
2025-01-03 07:34:47,297.0,196.0,305.0,56.0,295.0,84.0,306.08,53.0,301.0,8.0,280.0,109.0,1.5470714269258672,389,171.0,7.0,0.44,297.0,
2025-01-03 07:34:48,297.0,168.0,305.0,48.0,295.0,72.0,306.0,48.0,301.0,8.0,240.0,96.0,1.7201366224839505,336,144.0,-53.0,0.43,297.0,
2025-01-03 07:34:49,297.0,159.0,305.0,48.0,295.0,72.0,306.0,48.0,301.0,8.0,231.0,96.0,1.519499917739557,327,135.0,-9.0,0.41,297.0,1.0
2025-01-03 07:34:50,297.04,79.0,305.0,28.0,295.47,47.0,306.0,28.0,301.02,7.9599999999999795,126.0,56.0,0.2841126537318551,182,70.0,-145.0,0.38,297.0,2.0
2025-01-03 07:34:51,298.0,21.0,305.0,28.0,297.0,77.0,306.0,28.0,301.5,7.0,98.0,56.0,0.2215400641206087,154,42.0,-28.0,0.27,297.0,
2025-01-03 07:34:52,298.0,21.0,305.0,28.0,297.0,77.0,306.0,28.0,301.5,7.0,98.0,56.0,0.2703331278451897,154,42.0,0.0,0.27,297.0,
2025-01-03 07:34:53,297.13,46.0,305.0,24.0,296.54,26.0,306.0,24.0,301.07,7.870000000000003,72.0,48.0,0.2586890024924999,120,24.0,-34.0,0.2,297.75,4.0
2025-01-03 07:34:54,297.17,92.0,305.0,40.0,295.8,20.0,306.0,40.0,301.09,7.829999999999984,112.0,80.0,0.2423427325309487,192,32.0,72.0,0.17,297.0,4.0
2025-01-03 07:34:55,298.0,112.0,304.0,28.0,297.0,84.0,305.0,56.0,301.0,6.0,196.0,84.0,0.246921040032169,280,112.0,88.0,0.4,297.0,
2025-01-03 07:34:56,298.0,72.0,303.41,34.0,297.0,72.0,304.74,38.0,300.71,5.410000000000025,144.0,72.0,0.2827189417258762,216,72.0,-64.0,0.33,298.0,4.0
2025-01-03 07:34:57,298.0,40.0,302.1,40.0,297.0,60.0,304.0,20.0,300.05,4.100000000000023,100.0,60.0,0.4376985263976109,160,40.0,-56.0,0.25,298.0,
2025-01-03 07:34:58,297.87,46.0,299.9,42.0,296.95,61.0,304.33,21.0,298.89,2.0299999999999727,107.0,63.0,0.911218963812062,170,44.0,10.0,0.26,298.0,4.0
2025-01-03 07:34:59,297.0,54.0,303.11,18.0,294.0,9.0,310.09,33.0,300.06,6.110000000000014,63.0,51.0,0.8126315278222797,114,12.0,-56.0,0.11,298.0,
2025-01-03 07:35:00,297.0,36.0,302.0,12.0,294.0,6.0,310.0,41.0,299.5,5.0,42.0,53.0,0.683278859625271,95,-11.0,-19.0,-0.12,298.0,
2025-01-03 07:35:01,297.0,72.0,300.96,23.0,294.0,12.0,308.7,37.0,298.98,3.95999999999998,84.0,60.0,0.5609188889766973,144,24.0,49.0,0.17,298.0,
2025-01-03 07:35:02,297.08,39.0,299.0,18.0,296.25,24.0,306.74,19.0,298.04,1.920000000000016,63.0,37.0,0.7522499584651962,100,26.0,-44.0,0.26,298.0,1.0
2025-01-03 07:35:03,297.0,47.0,298.17,24.0,293.58,12.0,308.0,60.0,297.58,1.170000000000016,59.0,84.0,1.0211366216187432,143,-25.0,43.0,-0.17,297.0,5.0
2025-01-03 07:35:04,294.22,23.0,302.17,24.0,292.78,45.0,308.56,43.0,298.19,7.949999999999989,68.0,67.0,0.7706620530498434,135,1.0,-8.0,0.01,297.0,1.0
2025-01-03 07:35:05,293.0,49.0,307.0,11.0,292.0,35.0,308.28,43.0,300.0,14.0,84.0,54.0,0.9510099894380544,138,30.0,3.0,0.22,297.0,
2025-01-03 07:35:06,293.89,47.0,307.0,68.0,291.65,78.0,308.38,64.0,300.45,13.110000000000014,125.0,132.0,1.2832653661697937,257,-7.0,119.0,-0.03,292.25,4.0
2025-01-03 07:35:07,295.0,192.0,304.26,70.0,294.0,96.0,305.24,74.0,299.63,9.259999999999993,288.0,144.0,1.2275381867831363,432,144.0,172.0,0.33,292.25,
2025-01-03 07:35:08,295.0,152.0,301.15,52.0,294.0,78.0,304.0,65.0,298.08,6.149999999999977,230.0,117.0,1.0767311642238353,347,113.0,-85.0,0.33,295.0,2.0
2025-01-03 07:35:09,295.0,82.0,298.1,40.0,294.0,60.0,306.0,90.0,296.55,3.1000000000000227,142.0,130.0,1.6071309840865184,272,12.0,-75.0,0.04,295.0,2.0
2025-01-03 07:35:10,295.0,80.0,296.0,40.0,294.0,60.0,306.0,60.0,295.5,1.0,140.0,100.0,2.0621275421300016,240,40.0,-32.0,0.17,295.0,
2025-01-03 07:35:11,295.0,52.0,304.69,61.0,294.0,66.0,307.92,61.0,299.84,9.689999999999998,118.0,122.0,1.8953495719816815,240,-4.0,0.0,-0.02,295.0,4.0
2025-01-03 07:35:12,295.0,24.0,306.0,30.0,294.0,36.0,309.0,30.0,300.5,11.0,60.0,60.0,2.1183908987746194,120,0.0,-120.0,0.0,295.0,
2025-01-03 07:35:13,295.0,20.0,306.0,25.0,294.0,30.0,309.0,25.0,300.5,11.0,50.0,50.0,2.375272615935073,100,0.0,-20.0,0.0,295.0,
2025-01-03 07:35:14,295.0,28.0,306.0,35.0,294.0,42.0,309.0,35.0,300.5,11.0,70.0,70.0,2.1810823001461705,140,0.0,40.0,0.0,295.0,
2025-01-03 07:35:15,297.0,32.0,306.0,40.0,294.29,42.0,309.0,40.0,301.5,9.0,74.0,80.0,0.5942390091628057,154,-6.0,14.0,-0.04,298.0,5.0
2025-01-03 07:35:16,293.81,43.0,306.0,45.0,292.64,44.0,309.0,45.0,299.91,12.189999999999998,87.0,90.0,0.5732538704716907,177,-3.0,23.0,-0.02,294.0,5.0
2025-01-03 07:35:17,293.0,24.0,306.0,30.0,292.0,48.0,309.0,30.0,299.5,13.0,72.0,60.0,0.7547317404288792,132,12.0,-45.0,0.09,294.0,
2025-01-03 07:35:18,293.61,23.0,306.0,45.0,292.74,50.0,309.0,45.0,299.8,12.389999999999986,73.0,90.0,0.7914038160198785,163,-17.0,31.0,-0.1,293.5,4.0
2025-01-03 07:35:19,293.0,20.0,306.0,23.0,292.0,20.0,309.0,20.0,299.5,13.0,40.0,43.0,0.8350568842964359,83,-3.0,-80.0,-0.04,293.5,
2025-01-03 07:35:20,293.75,32.0,306.0,50.0,292.24,38.0,309.0,50.0,299.88,12.25,70.0,100.0,0.2030270918152212,170,-30.0,87.0,-0.18,293.5,
2025-01-03 07:35:21,294.09,23.0,302.85,65.0,291.64,70.0,304.69,65.0,298.47,8.760000000000048,93.0,130.0,0.5636488268514123,223,-37.0,53.0,-0.17,292.86,7.0
2025-01-03 07:35:22,292.45,22.0,297.86,70.0,291.03,62.0,299.29,70.0,295.16,5.410000000000025,84.0,140.0,1.9831590959908056,224,-56.0,1.0,-0.25,292.86,
2025-01-03 07:35:23,292.81,31.0,295.45,55.0,291.12,43.0,296.45,55.0,294.13,2.6399999999999864,74.0,110.0,2.6178177935087867,184,-36.0,-40.0,-0.2,292.86,
2025-01-03 07:35:24,293.0,45.0,295.0,45.0,292.0,9.0,296.0,45.0,294.0,2.0,54.0,90.0,2.684207518060294,144,-36.0,-40.0,-0.25,292.86,
2025-01-03 07:35:25,293.56,45.0,295.67,45.0,291.01,113.0,301.33,45.0,294.61,2.1100000000000136,158.0,90.0,1.843917026335959,248,68.0,104.0,0.27,292.86,
2025-01-03 07:35:26,292.51,53.0,298.1,48.0,290.86,83.0,304.4,50.0,295.31,5.590000000000032,136.0,98.0,0.589465859920467,234,38.0,-14.0,0.16,295.0,5.0
2025-01-03 07:35:27,291.0,91.0,302.0,18.0,289.0,16.0,303.74,34.0,296.5,11.0,107.0,52.0,1.0264745491300182,159,55.0,-75.0,0.35,295.0,
2025-01-03 07:35:28,294.4,30.0,303.0,36.0,291.08,78.0,304.0,60.0,298.7,8.600000000000023,108.0,96.0,1.8569679588004029,204,12.0,45.0,0.06,295.0,
2025-01-03 07:35:29,295.0,44.0,303.0,33.0,294.0,132.0,304.0,55.0,299.0,8.0,176.0,88.0,1.971884885081032,264,88.0,60.0,0.33,295.0,
2025-01-03 07:35:30,295.0,56.0,303.74,92.0,294.0,168.0,305.58,76.0,299.37,8.740000000000009,224.0,168.0,1.7749732392379178,392,56.0,128.0,0.14,295.0,
2025-01-03 07:35:31,295.03,68.0,303.71,34.0,294.08,144.0,304.44,68.0,299.37,8.680000000000007,212.0,102.0,1.20052905004856,314,110.0,-78.0,0.35,295.0,
2025-01-03 07:35:32,295.03,66.0,302.0,18.0,294.06,204.0,304.0,90.0,298.52,6.970000000000027,270.0,108.0,0.3853180504600824,378,162.0,64.0,0.43,295.5,2.0
2025-01-03 07:35:33,295.0,36.0,301.42,12.0,294.0,144.0,304.0,80.0,298.21,6.420000000000016,180.0,92.0,0.5177161384488554,272,88.0,-106.0,0.32,295.5,
2025-01-03 07:35:34,295.0,24.0,300.0,8.0,294.0,96.0,304.0,80.0,297.5,5.0,120.0,88.0,0.7990807218363536,208,32.0,-64.0,0.15,295.5,
2025-01-03 07:35:35,295.0,24.0,298.25,8.0,294.0,96.0,304.0,65.0,296.62,3.25,120.0,73.0,1.0411676137926702,193,47.0,-15.0,0.24,295.5,
2025-01-03 07:35:36,295.0,30.0,296.94,34.0,294.0,120.0,301.33,18.0,295.97,1.9399999999999975,150.0,52.0,1.0685644575836146,202,98.0,9.0,0.49,295.5,
2025-01-03 07:35:37,295.0,42.0,296.0,56.0,294.0,168.0,298.0,14.0,295.5,1.0,210.0,70.0,1.104694527917635,280,140.0,78.0,0.5,295.5,
2025-01-03 07:35:38,294.0,144.0,297.67,12.0,292.0,36.0,308.0,24.0,295.83,3.670000000000016,180.0,36.0,0.7922941373071752,216,144.0,-64.0,0.67,295.0,3.0
2025-01-03 07:35:39,294.0,128.0,295.91,11.0,292.0,33.0,307.37,35.0,294.95,1.910000000000025,161.0,46.0,0.6146787779088059,207,115.0,-9.0,0.56,294.0,1.0
2025-01-03 07:35:40,294.0,55.0,296.0,5.0,292.0,15.0,309.68,25.0,295.0,2.0,70.0,30.0,0.4663153439589378,100,40.0,-107.0,0.4,294.0,
2025-01-03 07:35:41,294.38,125.0,305.14,28.0,292.92,61.0,308.69,51.0,299.76,10.759999999999993,186.0,79.0,2.0188288684312394,265,107.0,165.0,0.4,294.4,5.0
2025-01-03 07:35:42,298.0,39.0,306.76,50.0,294.0,91.0,307.71,28.0,302.38,8.759999999999991,130.0,78.0,3.332721110445801,208,52.0,-57.0,0.25,294.4,
2025-01-03 07:35:43,298.0,42.0,304.73,22.0,294.0,98.0,305.73,44.0,301.36,6.730000000000018,140.0,66.0,3.517584398420444,206,74.0,-2.0,0.36,294.4,
2025-01-03 07:35:44,298.0,39.0,302.85,13.0,295.0,13.0,305.72,50.0,300.42,4.850000000000023,52.0,63.0,2.8510840043763643,115,-11.0,-91.0,-0.1,294.4,
2025-01-03 07:35:45,298.0,27.0,300.67,9.0,295.0,9.0,306.0,36.0,299.33,2.670000000000016,36.0,45.0,1.2333288288249211,81,-9.0,-34.0,-0.11,294.4,
2025-01-03 07:35:46,298.0,36.0,299.0,12.0,295.0,12.0,306.0,48.0,298.5,1.0,48.0,60.0,1.5489738538821975,108,-12.0,27.0,-0.11,294.4,
2025-01-03 07:35:47,298.0,33.0,303.55,58.0,295.0,15.0,305.58,45.0,300.78,5.550000000000011,48.0,103.0,1.1513991488665782,151,-55.0,43.0,-0.36,298.0,1.0
2025-01-03 07:35:48,293.66,58.0,301.48,69.0,292.1,29.0,303.64,66.0,297.57,7.819999999999993,87.0,135.0,1.3300939816459418,222,-48.0,71.0,-0.22,297.0,3.0
2025-01-03 07:35:49,292.0,60.0,298.57,49.0,291.0,30.0,300.24,41.0,295.29,6.569999999999993,90.0,90.0,2.052079433163064,180,0.0,-42.0,0.0,297.0,
2025-01-03 07:35:50,292.0,54.0,297.78,45.0,291.0,27.0,305.7,43.0,294.89,5.779999999999973,81.0,88.0,2.41946894999936,169,-7.0,-11.0,-0.04,297.0,
2025-01-03 07:35:51,292.0,54.0,295.69,65.0,291.0,39.0,298.08,65.0,293.85,3.6899999999999977,93.0,130.0,2.763110566012711,223,-37.0,54.0,-0.17,292.0,2.0
2025-01-03 07:35:52,291.55,66.0,293.63,87.0,290.15,47.0,298.91,96.0,292.59,2.079999999999984,113.0,183.0,1.8507079726449176,296,-70.0,73.0,-0.24,292.0,4.0
2025-01-03 07:35:53,290.47,49.0,300.0,45.0,288.92,83.0,306.66,77.0,295.23,9.529999999999973,132.0,122.0,1.1505650785642558,254,10.0,-42.0,0.04,291.0,3.0
2025-01-03 07:35:54,290.37,179.0,302.21,48.0,289.0,32.0,303.89,38.0,296.29,11.839999999999977,211.0,86.0,1.4084743519182454,297,125.0,43.0,0.42,291.0,
2025-01-03 07:35:55,292.0,154.0,300.0,42.0,289.0,28.0,302.05,38.0,296.0,8.0,182.0,80.0,1.5517151800544695,262,102.0,-35.0,0.39,291.0,
2025-01-03 07:35:56,294.25,100.0,299.71,42.0,291.72,109.0,301.31,39.0,296.98,5.45999999999998,209.0,81.0,1.70087330510282,290,128.0,28.0,0.44,291.0,
2025-01-03 07:35:57,293.11,144.0,296.93,55.0,290.89,70.0,299.58,48.0,295.02,3.819999999999993,214.0,103.0,0.7987052021936999,317,111.0,27.0,0.35,296.17,6.0
2025-01-03 07:35:58,294.0,128.0,299.93,44.0,289.42,24.0,303.44,41.0,296.97,5.930000000000007,152.0,85.0,0.8105985442937969,237,67.0,-80.0,0.28,294.0,3.0
2025-01-03 07:35:59,294.87,83.0,300.17,36.0,289.75,16.0,303.18,44.0,297.52,5.300000000000011,99.0,80.0,0.9914736506893068,179,19.0,-58.0,0.11,294.0,1.0
2025-01-03 07:36:00,296.0,60.0,301.0,20.0,289.0,40.0,305.0,53.0,298.5,5.0,100.0,73.0,1.2690626462122043,173,27.0,-6.0,0.16,294.0,
2025-01-03 07:36:01,296.82,66.0,299.78,37.0,291.9,58.0,304.13,46.0,298.3,2.9599999999999795,124.0,83.0,1.3953924179280524,207,41.0,34.0,0.2,294.0,
2025-01-03 07:36:02,297.0,84.0,298.57,70.0,293.0,84.0,301.0,28.0,297.79,1.5699999999999932,168.0,98.0,0.6136204038418016,266,70.0,59.0,0.26,294.0,
2025-01-03 07:36:03,296.6,60.0,298.12,52.0,292.97,61.0,301.19,21.0,297.36,1.5199999999999818,121.0,73.0,0.4919146267503791,194,48.0,-72.0,0.25,297.0,6.0
2025-01-03 07:36:04,293.0,54.0,300.33,18.0,291.0,9.0,301.8,15.0,296.67,7.329999999999984,63.0,33.0,0.7385323283451924,96,30.0,-98.0,0.31,297.0,
2025-01-03 07:36:05,293.0,78.0,299.15,26.0,291.0,13.0,304.56,32.0,296.08,6.149999999999977,91.0,58.0,0.8819013550341436,149,33.0,53.0,0.22,297.0,
2025-01-03 07:36:06,293.0,48.0,298.08,24.0,291.0,12.0,302.33,12.0,295.54,5.079999999999984,60.0,36.0,0.9156800751414876,96,24.0,-53.0,0.25,293.0,2.0
2025-01-03 07:36:07,291.73,22.0,297.5,32.0,289.18,71.0,301.0,16.0,294.61,5.769999999999982,93.0,48.0,1.052981481323929,141,45.0,45.0,0.32,293.0,4.0
2025-01-03 07:36:08,291.0,9.0,296.11,18.0,290.0,9.0,298.67,9.0,293.56,5.110000000000014,18.0,27.0,1.229459230723478,45,-9.0,-96.0,-0.2,293.0,
2025-01-03 07:36:09,291.0,12.0,298.0,12.0,290.0,12.0,301.0,24.0,294.5,7.0,24.0,36.0,0.97888712322269,60,-12.0,15.0,-0.2,293.0,
2025-01-03 07:36:10,291.08,12.0,296.53,34.0,290.08,12.0,298.88,16.0,293.81,5.449999999999989,24.0,50.0,0.7757770298296202,74,-26.0,14.0,-0.35,293.0,
2025-01-03 07:36:11,292.46,13.0,294.62,39.0,291.0,13.0,298.39,18.0,293.54,2.160000000000025,26.0,57.0,0.5155870440685096,83,-31.0,9.0,-0.37,293.0,
2025-01-03 07:36:12,294.55,22.0,298.2,30.0,289.24,91.0,303.0,42.0,296.37,3.649999999999977,113.0,72.0,1.1910625508390642,185,41.0,102.0,0.22,293.0,1.0
2025-01-03 07:36:13,297.0,52.0,299.92,26.0,295.0,26.0,301.89,38.0,298.46,2.920000000000016,78.0,64.0,2.066501875153052,142,14.0,-43.0,0.1,293.0,
2025-01-03 07:36:14,297.0,44.0,298.91,22.0,295.0,22.0,301.06,53.0,297.95,1.910000000000025,66.0,75.0,2.2822861345613434,141,-9.0,-1.0,-0.06,293.0,
2025-01-03 07:36:15,297.0,48.0,298.94,32.0,295.0,26.0,301.3,61.0,297.97,1.9399999999999975,74.0,93.0,2.015110418813528,167,-19.0,26.0,-0.11,297.0,2.0
2025-01-03 07:36:16,296.23,26.0,300.66,53.0,293.85,26.0,303.52,63.0,298.45,4.430000000000007,52.0,116.0,0.8582540416512697,168,-64.0,1.0,-0.38,297.0,2.0
2025-01-03 07:36:17,295.0,26.0,300.0,39.0,292.0,26.0,304.0,68.0,297.5,5.0,52.0,107.0,0.4017835238168998,159,-55.0,-9.0,-0.35,297.0,
2025-01-03 07:36:18,295.0,24.0,297.08,36.0,292.0,24.0,299.5,40.0,296.04,2.079999999999984,48.0,76.0,0.9251864676975958,124,-28.0,-35.0,-0.23,297.0,
2025-01-03 07:36:19,294.67,18.0,296.0,27.0,291.94,17.0,298.21,29.0,295.33,1.329999999999984,35.0,56.0,1.3216542664444584,91,-21.0,-33.0,-0.23,295.0,2.0
2025-01-03 07:36:20,289.56,32.0,295.8,15.0,287.0,9.0,304.0,25.0,292.68,6.240000000000009,41.0,40.0,2.22066431502173,81,1.0,-10.0,0.01,290.6,5.0
2025-01-03 07:36:21,289.0,140.0,294.33,36.0,285.0,36.0,304.0,60.0,291.67,5.329999999999984,176.0,96.0,2.412370203764564,272,80.0,172.0,0.29,289.0,4.0
2025-01-03 07:36:22,289.12,102.0,293.47,30.0,287.3,60.0,300.24,54.0,291.29,4.350000000000023,162.0,84.0,2.159738410088412,246,78.0,-26.0,0.32,293.0,1.0
2025-01-03 07:36:23,289.0,118.0,291.58,26.0,286.0,42.0,299.59,58.0,290.29,2.579999999999984,160.0,84.0,1.9216451285321432,244,76.0,-2.0,0.31,290.5,2.0
2025-01-03 07:36:24,289.0,104.0,294.89,36.0,286.0,42.0,302.64,56.0,291.94,5.889999999999986,146.0,92.0,0.8797329140207549,238,54.0,-6.0,0.23,289.0,2.0
2025-01-03 07:36:25,289.0,90.0,299.4,60.0,286.0,45.0,301.36,66.0,294.2,10.399999999999975,135.0,126.0,1.4410308810054702,261,9.0,23.0,0.03,289.0,
2025-01-03 07:36:26,291.29,70.0,298.12,64.0,288.54,78.0,299.5,64.0,294.71,6.829999999999984,148.0,128.0,1.8996657600776257,276,20.0,15.0,0.07,292.2,5.0
2025-01-03 07:36:27,289.0,42.0,297.0,48.0,287.0,36.0,298.0,48.0,293.0,8.0,78.0,96.0,1.7807217637832329,174,-18.0,-102.0,-0.1,292.2,
2025-01-03 07:36:28,291.49,35.0,297.0,48.0,288.76,25.0,298.0,48.0,294.24,5.509999999999991,60.0,96.0,1.1308934521037548,156,-36.0,-18.0,-0.23,292.2,
2025-01-03 07:36:29,291.44,48.0,295.43,42.0,288.94,99.0,296.84,50.0,293.43,3.990000000000009,147.0,92.0,0.6876263520336467,239,55.0,83.0,0.23,292.0,3.0
2025-01-03 07:36:30,289.67,108.0,292.12,25.0,288.74,93.0,301.73,74.0,290.89,2.4499999999999886,201.0,99.0,1.4812258436886785,300,102.0,61.0,0.34,292.0,
2025-01-03 07:36:31,290.0,67.0,291.71,14.0,289.0,81.0,298.27,22.0,290.86,1.7099999999999795,148.0,36.0,1.5348387537495267,184,112.0,-116.0,0.61,290.0,1.0
2025-01-03 07:36:32,290.14,74.0,294.0,20.0,289.0,108.0,301.67,24.0,292.07,3.8600000000000136,182.0,44.0,1.512868137020358,226,138.0,42.0,0.61,290.0,2.0
2025-01-03 07:36:33,291.57,69.0,299.67,30.0,289.0,135.0,301.44,18.0,295.62,8.100000000000023,204.0,48.0,2.00240605273042,252,156.0,26.0,0.62,292.0,3.0
2025-01-03 07:36:34,293.14,44.0,298.71,28.0,289.13,94.0,303.0,56.0,295.93,5.569999999999993,138.0,84.0,2.515875593110945,222,54.0,-30.0,0.24,291.0,4.0
2025-01-03 07:36:35,297.0,21.0,302.32,50.0,289.54,89.0,303.71,70.0,299.66,5.319999999999993,110.0,120.0,3.483585796275299,230,-10.0,8.0,-0.04,297.0,2.0
2025-01-03 07:36:36,293.09,64.0,299.95,38.0,289.47,141.0,304.34,94.0,296.52,6.860000000000014,205.0,132.0,2.704265149723819,337,73.0,107.0,0.22,294.5,2.0
2025-01-03 07:36:37,292.0,144.0,298.92,24.0,289.0,84.0,306.0,84.0,295.46,6.920000000000016,228.0,108.0,1.7372161638698356,336,120.0,-1.0,0.36,294.5,
2025-01-03 07:36:38,292.0,142.0,297.79,28.0,289.0,98.0,305.1,71.0,294.89,5.7900000000000205,240.0,99.0,1.8697780616989452,339,141.0,3.0,0.42,292.0,1.0
2025-01-03 07:36:39,292.0,80.0,297.0,16.0,289.0,52.0,305.92,53.0,294.5,5.0,132.0,69.0,2.0753023876078216,201,63.0,-138.0,0.31,292.0,
2025-01-03 07:36:40,292.0,70.0,297.0,14.0,289.0,49.0,305.02,41.0,294.5,5.0,119.0,55.0,0.8489287367093095,174,64.0,-27.0,0.37,292.0,
2025-01-03 07:36:41,292.0,97.0,296.2,20.0,289.0,70.0,304.67,75.0,294.1,4.199999999999989,167.0,95.0,0.5131276644373824,262,72.0,88.0,0.27,292.0,
2025-01-03 07:36:42,292.0,36.0,295.67,18.0,289.44,27.0,305.0,90.0,293.83,3.670000000000016,63.0,108.0,0.4088153617600671,171,-45.0,-91.0,-0.26,292.0,
2025-01-03 07:36:43,292.0,38.0,295.0,20.0,291.0,10.0,304.75,80.0,293.5,3.0,48.0,100.0,0.4335666038927086,148,-52.0,-23.0,-0.35,292.0,
2025-01-03 07:36:44,289.52,58.0,295.0,32.0,284.2,40.0,304.0,100.0,292.26,5.480000000000018,98.0,132.0,0.8531236721666561,230,-34.0,82.0,-0.15,290.17,12.0
2025-01-03 07:36:45,287.0,79.0,295.0,22.0,284.78,23.0,304.0,110.0,291.0,8.0,102.0,132.0,1.292021671649176,234,-30.0,4.0,-0.13,290.17,
2025-01-03 07:36:46,288.15,65.0,295.0,22.0,287.61,23.0,304.0,65.0,291.58,6.850000000000023,88.0,87.0,1.2146110488593052,175,1.0,-59.0,0.01,290.17,
2025-01-03 07:36:47,293.95,73.0,296.36,33.0,289.41,39.0,304.11,74.0,295.15,2.410000000000025,112.0,107.0,1.656840366484077,219,5.0,44.0,0.02,294.0,5.0
2025-01-03 07:36:48,294.92,26.0,304.67,60.0,293.0,13.0,306.38,52.0,299.79,9.75,39.0,112.0,3.6304586487124864,151,-73.0,-68.0,-0.48,294.0,
2025-01-03 07:36:49,297.0,38.0,304.19,68.0,293.0,19.0,305.07,54.0,300.6,7.189999999999998,57.0,122.0,4.474263067814802,179,-65.0,28.0,-0.36,294.0,
2025-01-03 07:36:50,297.0,24.0,300.67,12.0,293.0,12.0,301.67,12.0,298.83,3.670000000000016,36.0,24.0,3.765348589441833,60,12.0,-119.0,0.2,294.0,
2025-01-03 07:36:51,297.0,16.0,298.91,11.0,293.0,11.0,305.13,23.0,297.95,1.910000000000025,27.0,34.0,2.1036587175707933,61,-7.0,1.0,-0.11,297.0,1.0
2025-01-03 07:36:52,297.0,8.0,299.0,8.0,293.75,8.0,305.67,27.0,298.0,2.0,16.0,35.0,1.1521414843722713,51,-19.0,-10.0,-0.37,297.0,
2025-01-03 07:36:53,297.0,7.0,299.0,7.0,296.0,7.0,307.0,21.0,298.0,2.0,14.0,28.0,1.1364990101234216,42,-14.0,-9.0,-0.33,297.0,
2025-01-03 07:36:54,290.16,45.0,298.38,24.0,288.3,27.0,306.2,30.0,294.27,8.21999999999997,72.0,54.0,1.7933070010490333,126,18.0,84.0,0.14,295.33,3.0
2025-01-03 07:36:55,290.0,40.0,296.68,22.0,288.0,10.0,296.45,38.0,293.34,6.680000000000007,50.0,60.0,2.312157001592111,110,-10.0,-16.0,-0.09,295.33,
2025-01-03 07:36:56,289.68,19.0,294.55,11.0,285.75,16.0,295.97,31.0,292.11,4.8700000000000045,35.0,42.0,2.717393972174672,77,-7.0,-33.0,-0.09,290.0,4.0
2025-01-03 07:36:57,288.73,11.0,293.9,39.0,285.69,26.0,296.06,32.0,291.31,5.169999999999959,37.0,71.0,2.604252291927783,108,-34.0,31.0,-0.31,293.0,1.0
2025-01-03 07:36:58,290.0,9.0,294.0,45.0,288.0,9.0,304.0,54.0,292.0,4.0,18.0,99.0,1.1832708903759446,117,-81.0,9.0,-0.69,293.0,
2025-01-03 07:36:59,289.85,13.0,292.62,55.0,287.5,16.0,296.37,59.0,291.23,2.769999999999982,29.0,114.0,0.8480389142079998,143,-85.0,26.0,-0.59,290.0,1.0
2025-01-03 07:37:00,287.14,14.0,290.36,56.0,286.0,56.0,303.09,44.0,288.75,3.2200000000000277,70.0,100.0,1.3612126946260634,170,-30.0,27.0,-0.18,290.0,
2025-01-03 07:37:01,286.56,18.0,289.42,48.0,284.7,54.0,293.33,24.0,287.99,2.8600000000000136,72.0,72.0,1.7680441170997974,144,0.0,-26.0,0.0,287.0,1.0
2025-01-03 07:37:02,281.21,95.0,286.14,56.0,206.57,30.0,289.53,32.0,283.68,4.930000000000007,125.0,88.0,3.2784676298556628,213,37.0,69.0,0.17,286.8,5.0
2025-01-03 07:37:03,281.0,56.0,283.0,32.0,218.92,12.0,284.0,24.0,282.0,2.0,68.0,56.0,3.794515779386317,124,12.0,-89.0,0.1,283.0,4.0
2025-01-03 07:37:04,281.0,42.0,283.94,16.0,168.33,6.0,289.0,18.0,282.47,2.9399999999999977,48.0,34.0,3.1679441282970817,82,14.0,-42.0,0.17,283.0,1.0
2025-01-03 07:37:05,281.09,23.0,284.0,15.0,268.47,17.0,288.8,15.0,282.54,2.910000000000025,40.0,30.0,2.456955433053709,70,10.0,-12.0,0.14,283.0,
2025-01-03 07:37:06,282.0,6.0,284.0,18.0,281.0,42.0,288.0,18.0,283.0,2.0,48.0,36.0,0.6347597970982776,84,12.0,14.0,0.14,283.0,
2025-01-03 07:37:07,287.18,33.0,290.76,29.0,280.47,72.0,297.1,50.0,288.97,3.579999999999984,105.0,79.0,2.9139886753404176,184,26.0,100.0,0.14,286.0,6.0
2025-01-03 07:37:08,289.1,107.0,298.0,24.0,288.57,98.0,301.0,70.0,293.55,8.899999999999977,205.0,94.0,4.979952811022606,299,111.0,115.0,0.37,289.0,3.0
2025-01-03 07:37:09,293.73,11.0,297.47,15.0,289.0,143.0,300.69,39.0,295.6,3.740000000000009,154.0,54.0,5.950543672641339,208,100.0,-91.0,0.48,289.0,
2025-01-03 07:37:10,295.79,14.0,297.23,26.0,289.43,83.0,300.85,40.0,296.51,1.4399999999999975,97.0,66.0,5.584803488038928,163,31.0,-45.0,0.19,296.5,4.0
2025-01-03 07:37:11,296.87,31.0,300.69,13.0,293.65,17.0,302.0,13.0,298.78,3.819999999999993,48.0,26.0,3.704263759508976,74,22.0,-89.0,0.3,296.5,
2025-01-03 07:37:12,297.0,24.0,300.0,8.0,296.0,8.0,303.64,11.0,298.5,3.0,32.0,19.0,2.160571683608667,51,13.0,-23.0,0.25,296.5,
2025-01-03 07:37:13,297.0,38.0,299.27,15.0,296.0,13.0,304.22,23.0,298.13,2.269999999999982,51.0,38.0,1.380699098287371,89,13.0,38.0,0.15,297.0,1.0
2025-01-03 07:37:14,297.0,22.0,303.8,15.0,296.0,11.0,309.09,11.0,300.4,6.800000000000011,33.0,26.0,1.3945357650528476,59,7.0,-30.0,0.12,297.0,
2025-01-03 07:37:15,296.85,27.0,305.5,14.0,295.71,14.0,308.43,14.0,301.18,8.649999999999977,41.0,28.0,1.3205756320679098,69,13.0,10.0,0.19,296.67,3.0
2025-01-03 07:37:16,293.0,11.0,305.0,11.0,292.0,11.0,308.0,11.0,299.0,12.0,22.0,22.0,1.2983142916919428,44,0.0,-25.0,0.0,296.67,
2025-01-03 07:37:17,289.5,40.0,305.0,10.0,287.23,88.0,308.0,10.0,297.25,15.5,128.0,20.0,1.608374956287098,148,108.0,104.0,0.73,290.83,6.0
2025-01-03 07:37:18,289.0,88.0,304.38,8.0,284.0,88.0,307.25,8.0,296.69,15.379999999999995,176.0,16.0,1.9406777166782423,192,160.0,44.0,0.83,290.83,
2025-01-03 07:37:19,289.0,99.0,304.0,9.0,284.0,99.0,306.0,9.0,296.5,15.0,198.0,18.0,1.97256939041732,216,180.0,24.0,0.83,290.83,
2025-01-03 07:37:20,289.0,121.0,301.57,14.0,284.0,121.0,303.93,14.0,295.29,12.569999999999991,242.0,28.0,1.352601197696896,270,214.0,54.0,0.79,290.83,
2025-01-03 07:37:21,289.0,94.0,297.65,17.0,284.0,154.0,299.94,53.0,293.32,8.649999999999977,248.0,70.0,1.564816283149821,318,178.0,48.0,0.56,289.0,5.0
2025-01-03 07:37:22,289.0,90.0,295.48,33.0,284.0,165.0,296.14,42.0,292.24,6.480000000000018,255.0,75.0,1.965062339980728,330,180.0,12.0,0.55,289.0,
2025-01-03 07:37:23,289.0,84.0,296.0,56.0,284.0,154.0,300.32,62.0,292.5,7.0,238.0,118.0,1.851998920088862,356,120.0,26.0,0.34,294.0,1.0
2025-01-03 07:37:24,289.0,84.0,295.0,48.0,284.02,123.0,298.0,48.0,292.0,6.0,207.0,96.0,1.3369367973132014,303,111.0,-53.0,0.37,294.0,
2025-01-03 07:37:25,289.0,100.0,293.7,40.0,285.0,20.0,298.0,40.0,291.35,4.699999999999989,120.0,80.0,0.7202221879460786,200,40.0,-103.0,0.2,294.0,
2025-01-03 07:37:26,289.0,140.0,292.77,52.0,285.0,28.0,297.92,65.0,290.88,3.769999999999982,168.0,117.0,0.6656425467244111,285,51.0,85.0,0.18,294.0,
2025-01-03 07:37:27,289.0,110.0,291.36,55.0,284.78,49.0,292.62,64.0,290.18,2.3600000000000136,159.0,119.0,0.9123705387668196,278,40.0,-7.0,0.14,294.0,
2025-01-03 07:37:28,289.0,49.0,290.0,42.0,285.0,36.0,297.0,45.0,289.5,1.0,85.0,87.0,0.9774558813621596,172,-2.0,-106.0,-0.01,289.2,5.0
2025-01-03 07:37:29,289.0,34.0,290.0,36.0,285.0,36.0,298.33,54.0,289.5,1.0,70.0,90.0,0.826389738567293,160,-20.0,-12.0,-0.12,289.2,
2025-01-03 07:37:30,289.0,34.0,290.0,36.0,285.0,36.0,299.68,47.0,289.5,1.0,70.0,83.0,0.6160519458691579,153,-13.0,-7.0,-0.08,289.0,5.0
2025-01-03 07:37:31,287.15,13.0,295.92,39.0,284.06,100.0,302.18,44.0,291.54,8.770000000000039,113.0,83.0,0.8866115271127688,196,30.0,43.0,0.15,287.86,7.0
2025-01-03 07:37:32,290.11,38.0,299.38,52.0,287.96,68.0,302.62,52.0,294.74,9.269999999999982,106.0,104.0,2.292352503436065,210,2.0,14.0,0.01,289.2,5.0
2025-01-03 07:37:33,293.0,24.0,299.0,48.0,290.33,60.0,301.0,48.0,296.0,6.0,84.0,96.0,2.9954765897950297,180,-12.0,-30.0,-0.07,289.2,
2025-01-03 07:37:34,293.0,20.0,298.5,40.0,292.0,50.0,300.0,40.0,295.75,5.5,70.0,80.0,2.8588249334316544,150,-10.0,-30.0,-0.07,289.2,
2025-01-03 07:37:35,293.0,30.0,297.4,60.0,292.0,75.0,298.87,60.0,295.2,4.399999999999977,105.0,120.0,1.803823716445404,225,-15.0,75.0,-0.07,289.2,
2025-01-03 07:37:36,292.86,35.0,296.26,76.0,290.78,79.0,297.84,76.0,294.56,3.3999999999999773,114.0,152.0,0.6227358990865922,266,-38.0,41.0,-0.14,292.67,6.0
2025-01-03 07:37:37,292.81,26.0,295.0,44.0,289.31,78.0,297.0,44.0,293.9,2.1899999999999977,104.0,88.0,0.8620440824059564,192,16.0,-74.0,0.08,294.0,3.0
2025-01-03 07:37:38,292.0,22.0,296.6,20.0,288.69,29.0,297.95,38.0,294.3,4.600000000000023,51.0,58.0,0.7354046505230861,109,-7.0,-83.0,-0.06,294.0,
2025-01-03 07:37:39,292.0,22.0,295.27,11.0,285.0,110.0,298.27,44.0,293.64,3.269999999999982,132.0,55.0,0.6064651680111646,187,77.0,78.0,0.41,294.0,
2025-01-03 07:37:40,292.0,18.0,293.33,9.0,284.56,45.0,299.86,28.0,292.67,1.329999999999984,63.0,37.0,0.7312865375559704,100,26.0,-87.0,0.26,294.0,
2025-01-03 07:37:41,292.0,6.0,293.0,3.0,286.0,15.0,303.0,18.0,292.5,1.0,21.0,21.0,0.7842958625483479,42,0.0,-58.0,0.0,294.0,
2025-01-03 07:37:42,292.0,16.0,301.28,25.0,286.0,40.0,303.86,42.0,296.64,9.279999999999973,56.0,67.0,1.6729913329155666,123,-11.0,81.0,-0.09,293.0,1.0
2025-01-03 07:37:43,292.0,22.0,301.76,63.0,288.0,15.0,303.12,48.0,296.88,9.759999999999993,37.0,111.0,2.140485926141712,148,-74.0,25.0,-0.5,293.0,
2025-01-03 07:37:44,288.35,37.0,301.0,45.0,283.7,37.0,302.0,90.0,294.68,12.649999999999975,74.0,135.0,2.090090907116431,209,-61.0,61.0,-0.29,289.0,5.0
2025-01-03 07:37:45,294.09,76.0,299.5,44.0,284.32,96.0,301.33,72.0,296.8,5.410000000000025,172.0,116.0,1.908297670703124,288,56.0,79.0,0.19,298.0,5.0
2025-01-03 07:37:46,293.0,42.0,296.6,30.0,286.0,42.0,298.0,40.0,294.8,3.6000000000000227,84.0,70.0,1.1178550890035044,154,14.0,-134.0,0.09,298.0,
2025-01-03 07:37:47,287.56,41.0,294.11,54.0,284.37,107.0,295.65,51.0,290.84,6.550000000000011,148.0,105.0,2.4506325714009005,253,43.0,99.0,0.17,298.0,
2025-01-03 07:37:48,289.78,37.0,292.85,39.0,285.16,38.0,295.17,36.0,291.31,3.07000000000005,75.0,75.0,2.5333337719319413,150,0.0,-103.0,0.0,291.0,1.0
2025-01-03 07:37:49,288.5,44.0,291.71,34.0,283.98,135.0,294.52,23.0,290.1,3.2099999999999795,179.0,57.0,2.887351727796746,236,122.0,86.0,0.52,290.0,3.0
2025-01-03 07:37:50,284.0,121.0,296.38,21.0,283.0,33.0,299.0,23.0,290.19,12.379999999999995,154.0,44.0,1.938058306659216,198,110.0,-38.0,0.56,296.0,2.0
2025-01-03 07:37:51,284.0,154.0,297.5,14.0,283.0,42.0,299.71,28.0,290.75,13.5,196.0,42.0,0.498768483377518,238,154.0,40.0,0.65,296.0,
2025-01-03 07:37:52,284.0,110.0,296.0,28.0,283.0,30.0,301.61,49.0,290.0,12.0,140.0,77.0,0.5523133168869846,217,63.0,-21.0,0.29,296.0,
2025-01-03 07:37:53,284.0,110.0,295.79,24.0,283.0,30.0,299.89,27.0,289.9,11.79000000000002,140.0,51.0,0.3323702754620123,191,89.0,-26.0,0.47,296.0,
2025-01-03 07:37:54,284.0,121.0,294.0,25.0,283.0,33.0,295.06,32.0,289.0,10.0,154.0,57.0,0.6331429538506127,211,97.0,20.0,0.46,296.0,
2025-01-03 07:37:55,284.0,142.0,293.62,24.0,283.0,42.0,294.45,33.0,288.81,9.620000000000005,184.0,57.0,0.7928240662408353,241,127.0,30.0,0.53,284.0,4.0
2025-01-03 07:37:56,284.0,84.0,293.0,12.0,283.0,31.0,295.03,29.0,288.5,9.0,115.0,41.0,0.6714313069932066,156,74.0,-85.0,0.47,284.0,1.0
2025-01-03 07:37:57,285.0,96.0,292.71,14.0,283.24,42.0,296.0,42.0,288.86,7.7099999999999795,138.0,56.0,0.5279015059749141,194,82.0,38.0,0.42,284.0,
2025-01-03 07:37:58,284.49,94.0,291.08,39.0,281.62,32.0,294.0,18.0,287.78,6.589999999999975,126.0,57.0,0.4882622246401726,183,69.0,-11.0,0.38,284.0,
2025-01-03 07:37:59,283.0,231.0,291.0,44.0,281.47,34.0,292.0,11.0,287.0,8.0,265.0,55.0,0.7927168473108963,320,210.0,137.0,0.66,284.0,
2025-01-03 07:38:00,283.0,315.0,289.57,21.0,280.86,84.0,291.52,58.0,286.29,6.569999999999993,399.0,79.0,1.057014664047013,478,320.0,158.0,0.67,288.0,1.0
2025-01-03 07:38:01,283.0,162.0,291.0,32.0,281.11,36.0,296.0,24.0,287.0,8.0,198.0,56.0,0.978151317542618,254,142.0,-172.0,0.56,283.0,2.0
2025-01-03 07:38:02,283.3,201.0,290.0,84.0,283.61,259.0,295.43,63.0,286.65,6.699999999999989,460.0,147.0,0.552114118647807,607,313.0,172.0,0.52,283.0,
2025-01-03 07:38:03,284.13,87.0,286.78,36.0,283.41,245.0,289.44,55.0,285.45,2.6499999999999773,332.0,91.0,0.645499806359505,423,241.0,-172.0,0.57,286.6,5.0
2025-01-03 07:38:04,284.0,171.0,287.82,17.0,280.0,81.0,291.37,19.0,285.91,3.819999999999993,252.0,36.0,0.6081118318287281,288,216.0,-135.0,0.75,288.6,5.0
2025-01-03 07:38:05,284.12,237.0,293.0,15.0,281.74,175.0,296.0,45.0,288.56,8.879999999999995,412.0,60.0,1.1976769180418554,472,352.0,172.0,0.75,288.6,
2025-01-03 07:38:06,285.43,134.0,295.26,35.0,284.09,230.0,296.55,65.0,290.34,9.829999999999984,364.0,100.0,2.035477830881577,464,264.0,-8.0,0.57,288.6,
2025-01-03 07:38:07,286.94,268.0,293.3,40.0,286.16,148.0,294.05,88.0,290.12,6.360000000000014,416.0,128.0,2.2981144444980397,544,288.0,80.0,0.53,288.6,
2025-01-03 07:38:08,290.65,108.0,292.92,24.0,289.93,204.0,294.0,72.0,291.78,2.2700000000000387,312.0,96.0,2.232447087841217,408,216.0,-136.0,0.53,288.6,
2025-01-03 07:38:09,290.07,102.0,293.76,17.0,287.59,29.0,296.68,28.0,291.92,3.6899999999999977,131.0,45.0,1.376473755656454,176,86.0,-172.0,0.49,292.0,2.0
2025-01-03 07:38:10,291.03,234.0,294.0,42.0,286.43,42.0,297.0,70.0,292.51,2.9700000000000277,276.0,112.0,1.0472726483638917,388,164.0,172.0,0.42,291.0,3.0
2025-01-03 07:38:11,293.0,45.0,294.0,27.0,292.0,144.0,297.0,45.0,293.5,1.0,189.0,72.0,1.2342528104125157,261,117.0,-127.0,0.45,291.0,
2025-01-03 07:38:12,292.05,186.0,293.55,44.0,286.7,54.0,296.18,55.0,292.8,1.5,240.0,99.0,0.6972947726831588,339,141.0,78.0,0.42,293.0,5.0
2025-01-03 07:38:13,292.0,225.0,293.0,45.0,277.32,50.0,294.07,45.0,292.5,1.0,275.0,90.0,0.5744388566342489,365,185.0,26.0,0.51,292.75,4.0
2025-01-03 07:38:14,291.43,194.0,298.06,32.0,279.76,67.0,355.31,36.0,294.75,6.629999999999996,261.0,68.0,0.9510362769165808,329,193.0,-36.0,0.59,293.0,1.0
2025-01-03 07:38:15,290.94,100.0,297.53,30.0,287.56,32.0,299.19,64.0,294.24,6.589999999999975,132.0,94.0,0.9464776806726104,226,38.0,-103.0,0.17,293.0,
2025-01-03 07:38:16,291.33,36.0,295.0,48.0,290.0,24.0,298.0,12.0,293.17,3.670000000000016,60.0,60.0,0.9628966715133008,120,0.0,-106.0,0.0,293.0,
2025-01-03 07:38:17,292.19,48.0,295.0,64.0,290.0,32.0,298.0,16.0,293.59,2.8100000000000023,80.0,80.0,0.8824114686536052,160,0.0,40.0,0.0,293.0,
2025-01-03 07:38:18,292.28,29.0,295.0,32.0,284.12,34.0,298.0,11.0,293.64,2.7200000000000277,63.0,43.0,0.6189264899900645,106,20.0,-54.0,0.19,295.0,3.0
2025-01-03 07:38:19,290.28,29.0,295.0,18.0,285.14,44.0,298.0,18.0,292.64,4.720000000000027,73.0,36.0,0.5945838881195826,109,37.0,3.0,0.34,295.0,
2025-01-03 07:38:20,293.64,14.0,295.0,14.0,290.0,28.0,298.93,14.0,294.32,1.3600000000000136,42.0,28.0,0.6214257799700659,70,14.0,-39.0,0.2,295.0,
2025-01-03 07:38:21,292.82,17.0,295.31,13.0,289.49,35.0,299.08,13.0,294.07,2.490000000000009,52.0,26.0,0.6420825492188993,78,26.0,8.0,0.33,295.0,1.0
2025-01-03 07:38:22,290.0,65.0,297.46,26.0,281.0,26.0,298.48,23.0,293.73,7.4599999999999795,91.0,49.0,0.6417554051283438,140,42.0,62.0,0.3,295.0,
2025-01-03 07:38:23,290.0,75.0,295.07,45.0,279.12,69.0,298.0,24.0,292.53,5.069999999999993,144.0,69.0,0.8249060552641357,213,75.0,73.0,0.35,295.25,4.0
2025-01-03 07:38:24,290.0,37.0,292.91,33.0,279.0,55.0,300.45,11.0,291.45,2.910000000000025,92.0,44.0,1.2043255373907114,136,48.0,-77.0,0.35,290.0,3.0
2025-01-03 07:38:25,288.88,16.0,293.87,31.0,279.82,17.0,299.82,17.0,291.37,4.990000000000009,33.0,48.0,1.252357776360795,81,-15.0,-55.0,-0.19,290.0,2.0
2025-01-03 07:38:26,281.0,15.0,296.72,71.0,279.0,75.0,298.6,47.0,288.86,15.720000000000027,90.0,118.0,1.801671446188568,208,-28.0,127.0,-0.13,290.0,
2025-01-03 07:38:27,279.95,19.0,294.24,37.0,278.76,51.0,295.2,59.0,287.1,14.29000000000002,70.0,96.0,2.221861831890318,166,-26.0,-42.0,-0.16,290.0,3.0
2025-01-03 07:38:28,279.0,55.0,291.86,59.0,277.0,33.0,293.57,46.0,285.43,12.860000000000014,88.0,105.0,2.639558675235467,193,-17.0,27.0,-0.09,292.0,1.0
2025-01-03 07:38:29,279.0,45.0,291.0,36.0,277.0,27.0,292.0,36.0,285.0,12.0,72.0,72.0,2.622397757780209,144,0.0,-49.0,0.0,292.0,
2025-01-03 07:38:30,290.0,18.0,291.0,20.0,278.2,25.0,292.0,20.0,290.5,1.0,43.0,40.0,2.316790883962259,83,3.0,-61.0,0.04,290.0,2.0
2025-01-03 07:38:31,287.2,20.0,291.11,36.0,277.19,36.0,292.09,33.0,289.16,3.910000000000025,56.0,69.0,2.3680836133909287,125,-13.0,42.0,-0.1,290.0,2.0
2025-01-03 07:38:32,275.44,36.0,291.88,32.0,274.0,27.0,293.4,15.0,283.66,16.439999999999998,63.0,47.0,2.92504700817108,110,16.0,-15.0,0.15,290.0,
2025-01-03 07:38:33,276.93,56.0,291.0,20.0,274.62,39.0,292.0,51.0,283.96,14.069999999999991,95.0,71.0,3.1556742544202154,166,24.0,56.0,0.14,291.0,1.0
2025-01-03 07:38:34,278.0,66.0,290.4,15.0,275.0,44.0,292.0,51.0,284.2,12.399999999999975,110.0,66.0,3.2662945366287106,176,44.0,10.0,0.25,291.0,
2025-01-03 07:38:35,278.0,54.0,290.0,45.0,273.0,36.0,293.56,9.0,284.0,12.0,90.0,54.0,2.3357397115283014,144,36.0,-32.0,0.25,291.0,
2025-01-03 07:38:36,278.22,49.0,289.72,36.0,273.79,38.0,293.07,40.0,283.97,11.5,87.0,76.0,0.1931838502827781,163,11.0,19.0,0.07,289.0,1.0
2025-01-03 07:38:37,278.0,54.0,287.77,26.0,274.56,36.0,288.5,12.0,282.88,9.769999999999982,90.0,38.0,0.5246141439287291,128,52.0,-35.0,0.41,288.0,2.0
2025-01-03 07:38:38,278.67,72.0,285.08,39.0,275.0,48.0,287.58,24.0,281.87,6.409999999999968,120.0,63.0,0.9918316389438384,183,57.0,55.0,0.31,288.0,
2025-01-03 07:38:39,281.64,44.0,285.37,92.0,279.0,84.0,287.28,50.0,283.5,3.730000000000018,128.0,142.0,0.8922611725330261,270,-14.0,87.0,-0.05,284.0,5.0
2025-01-03 07:38:40,285.04,25.0,287.0,94.0,277.94,31.0,288.0,34.0,286.02,1.9599999999999795,56.0,128.0,1.5413533014886702,184,-72.0,-86.0,-0.39,287.0,4.0
2025-01-03 07:38:41,276.23,31.0,287.0,24.0,273.8,45.0,289.69,26.0,281.61,10.769999999999982,76.0,50.0,1.7634426557191871,126,26.0,-58.0,0.21,286.0,1.0
2025-01-03 07:38:42,275.67,42.0,287.0,18.0,274.0,36.0,289.0,24.0,281.33,11.329999999999984,78.0,42.0,1.9543873720452376,120,36.0,-6.0,0.3,286.0,
2025-01-03 07:38:43,278.6,105.0,284.33,45.0,273.39,69.0,287.8,50.0,281.47,5.729999999999961,174.0,95.0,2.012667384345924,269,79.0,149.0,0.29,286.0,
2025-01-03 07:38:44,280.38,91.0,288.23,93.0,271.54,35.0,289.08,39.0,284.31,7.850000000000023,126.0,132.0,2.114525951604725,258,-6.0,-11.0,-0.02,285.0,6.0
2025-01-03 07:38:45,282.0,35.0,289.0,43.0,275.0,10.0,290.0,15.0,285.5,7.0,45.0,58.0,1.9304351840996696,103,-13.0,-155.0,-0.13,289.0,2.0
2025-01-03 07:38:46,282.05,58.0,285.59,44.0,275.0,24.0,288.87,70.0,283.82,3.539999999999964,82.0,114.0,1.8275201777299213,196,-32.0,93.0,-0.16,282.0,4.0
2025-01-03 07:38:47,283.0,33.0,284.0,33.0,274.27,22.0,287.55,53.0,283.5,1.0,55.0,86.0,1.4694726945438792,141,-31.0,-55.0,-0.22,282.0,
2025-01-03 07:38:48,277.74,19.0,284.69,29.0,270.49,37.0,287.03,37.0,281.21,6.949999999999989,56.0,66.0,1.5701496743973578,122,-10.0,-19.0,-0.08,284.0,3.0
2025-01-03 07:38:49,273.0,14.0,285.0,28.0,270.0,48.0,288.0,35.0,279.0,12.0,62.0,63.0,2.529837939475567,125,-1.0,3.0,-0.01,284.0,
2025-01-03 07:38:50,273.0,6.0,285.0,12.0,270.0,18.0,288.0,15.0,279.0,12.0,24.0,27.0,2.333362380773674,51,-3.0,-74.0,-0.06,284.0,
2025-01-03 07:38:51,273.0,16.0,285.0,32.0,270.0,48.0,288.0,40.0,279.0,12.0,64.0,72.0,2.008063744010536,136,-8.0,85.0,-0.06,284.0,
2025-01-03 07:38:52,273.0,12.0,285.0,24.0,270.0,36.0,288.0,30.0,279.0,12.0,48.0,54.0,0.988342046059677,102,-6.0,-34.0,-0.06,284.0,
2025-01-03 07:38:53,273.0,8.0,285.0,16.0,270.0,24.0,288.0,20.0,279.0,12.0,32.0,36.0,0.0,68,-4.0,-34.0,-0.06,284.0,
2025-01-03 07:38:54,273.0,12.0,285.0,24.0,270.0,36.0,288.0,30.0,279.0,12.0,48.0,54.0,0.0,102,-6.0,34.0,-0.06,284.0,
2025-01-03 07:38:55,273.0,12.0,285.0,24.0,270.0,36.0,288.0,30.0,279.0,12.0,48.0,54.0,0.0,102,-6.0,0.0,-0.06,284.0,
2025-01-03 07:38:56,273.79,38.0,285.0,36.0,270.88,34.0,287.71,21.0,279.39,11.20999999999998,72.0,57.0,0.1744133022718005,129,15.0,27.0,0.12,284.0,
2025-01-03 07:38:57,274.12,41.0,285.0,26.0,273.43,42.0,287.0,11.0,279.56,10.879999999999995,83.0,37.0,0.2670205984739262,120,46.0,-9.0,0.38,285.0,2.0
2025-01-03 07:38:58,275.89,54.0,285.0,24.0,272.86,42.0,287.0,12.0,280.44,9.110000000000014,96.0,36.0,0.5909483903095123,132,60.0,12.0,0.45,285.0,
2025-01-03 07:38:59,276.0,104.0,285.0,26.0,275.0,13.0,287.0,13.0,280.5,9.0,117.0,39.0,0.6638674566578999,156,78.0,24.0,0.5,285.0,
2025-01-03 07:39:00,276.07,129.0,287.24,67.0,275.49,49.0,286.26,27.0,281.65,11.170000000000016,178.0,94.0,0.9024245120836648,272,84.0,116.0,0.31,286.29,7.0
2025-01-03 07:39:01,277.79,42.0,287.0,28.0,276.0,112.0,288.0,94.0,282.39,9.20999999999998,154.0,122.0,1.1123713408792062,276,32.0,4.0,0.12,286.29,
2025-01-03 07:39:02,282.29,55.0,287.0,32.0,281.09,82.0,288.0,80.0,284.65,4.70999999999998,137.0,112.0,1.728678686167377,249,25.0,-27.0,0.1,287.0,2.0
2025-01-03 07:39:03,287.7,37.0,289.76,58.0,285.04,46.0,290.83,59.0,288.73,2.0600000000000023,83.0,117.0,3.2517195451036978,200,-34.0,-49.0,-0.17,288.38,8.0
2025-01-03 07:39:04,288.76,41.0,290.9,77.0,282.98,43.0,296.79,28.0,289.83,2.1399999999999864,84.0,105.0,3.687356776880878,189,-21.0,-11.0,-0.11,291.0,4.0
2025-01-03 07:39:05,289.0,30.0,290.0,11.0,272.0,10.0,291.26,31.0,289.5,1.0,40.0,42.0,3.3175442725017783,82,-2.0,-107.0,-0.02,290.0,3.0
2025-01-03 07:39:06,285.42,19.0,289.78,9.0,271.17,29.0,292.8,30.0,287.6,4.359999999999957,48.0,39.0,2.091356019430774,87,9.0,5.0,0.1,289.0,3.0
2025-01-03 07:39:07,272.0,7.0,289.43,7.0,271.0,57.0,292.25,16.0,280.71,17.430000000000007,64.0,23.0,3.768305985454123,87,41.0,0.0,0.47,289.0,1.0
2025-01-03 07:39:08,272.0,7.0,290.0,13.0,271.0,63.0,292.5,16.0,281.0,18.0,70.0,29.0,4.530261581852558,99,41.0,12.0,0.41,289.0,
2025-01-03 07:39:09,272.0,16.0,290.0,33.0,271.0,51.0,291.0,11.0,281.0,18.0,67.0,44.0,4.243432572812843,111,23.0,12.0,0.21,289.0,
2025-01-03 07:39:10,272.0,18.0,290.0,27.0,271.0,27.0,291.0,9.0,281.0,18.0,45.0,36.0,2.986673735112151,81,9.0,-30.0,0.11,289.0,
2025-01-03 07:39:11,274.07,15.0,290.0,27.0,271.23,26.0,291.0,9.0,282.03,15.930000000000009,41.0,36.0,0.5087926886350664,77,5.0,-4.0,0.06,289.0,
2025-01-03 07:39:12,278.82,22.0,289.38,13.0,271.81,47.0,290.53,17.0,284.1,10.560000000000002,69.0,30.0,1.3471748216206696,99,39.0,22.0,0.39,287.0,1.0
2025-01-03 07:39:16,281.0,30.0,288.4,10.0,274.0,50.0,292.57,42.0,284.7,7.399999999999977,80.0,52.0,2.630250938600465,132,28.0,33.0,0.21,286.2,5.0
2025-01-03 07:39:17,282.0,42.0,292.02,46.0,273.44,34.0,305.38,55.0,287.01,10.019999999999982,76.0,101.0,3.4407891536693533,177,-25.0,45.0,-0.14,290.0,1.0
2025-01-03 07:39:18,282.11,27.0,288.0,33.0,277.76,17.0,292.36,47.0,285.06,5.889999999999986,44.0,80.0,2.557463587230312,124,-36.0,-53.0,-0.29,290.0,
2025-01-03 07:39:19,284.67,15.0,288.0,39.0,283.93,29.0,293.0,44.0,286.33,3.329999999999984,44.0,83.0,2.128414903163657,127,-39.0,3.0,-0.31,290.0,
2025-01-03 07:39:20,284.38,21.0,288.0,30.0,283.6,15.0,293.0,36.0,286.19,3.620000000000005,36.0,66.0,0.9536613654801166,102,-30.0,-25.0,-0.29,288.0,1.0
2025-01-03 07:39:21,284.12,24.0,288.0,24.0,283.0,8.0,293.0,32.0,286.06,3.879999999999996,32.0,56.0,0.7013914741493986,88,-24.0,-14.0,-0.27,288.0,
2025-01-03 07:39:22,285.05,44.0,292.26,69.0,283.6,20.0,340.81,67.0,288.65,7.2099999999999795,64.0,136.0,1.3234311466825754,200,-72.0,112.0,-0.36,290.86,7.0
2025-01-03 07:39:23,286.55,11.0,295.0,66.0,279.22,27.0,315.52,27.0,290.77,8.449999999999989,38.0,93.0,2.069057756566966,131,-55.0,-69.0,-0.42,285.67,3.0
2025-01-03 07:39:24,288.7,20.0,295.0,84.0,283.26,19.0,387.64,44.0,291.85,6.300000000000011,39.0,128.0,2.6210455928904413,167,-89.0,36.0,-0.53,285.67,
2025-01-03 07:39:25,290.85,26.0,295.0,78.0,286.88,16.0,388.5,40.0,292.92,4.149999999999977,42.0,118.0,2.732919684149344,160,-76.0,-7.0,-0.47,285.67,
2025-01-03 07:39:26,292.11,18.0,295.0,60.0,288.0,20.0,434.08,37.0,293.56,2.8899999999999864,38.0,97.0,1.938130542561976,135,-59.0,-25.0,-0.44,285.67,
2025-01-03 07:39:27,287.44,25.0,295.0,84.0,286.59,34.0,375.18,68.0,291.22,7.560000000000002,59.0,152.0,1.1622521241158188,211,-93.0,76.0,-0.44,293.25,4.0
2025-01-03 07:39:28,285.92,53.0,295.0,45.0,284.56,18.0,406.09,43.0,290.46,9.079999999999984,71.0,88.0,1.253243791132319,159,-17.0,-52.0,-0.11,293.25,
2025-01-03 07:39:29,286.22,63.0,341.12,33.0,285.0,18.0,422.64,36.0,313.67,54.89999999999998,81.0,69.0,9.753705962351631,150,12.0,-9.0,0.08,295.0,5.0
2025-01-03 07:39:30,290.36,53.0,341.96,50.0,287.07,68.0,362.4,20.0,316.16,51.599999999999966,121.0,70.0,12.771522227205985,191,51.0,41.0,0.27,296.5,4.0
2025-01-03 07:39:31,296.0,20.0,304.86,22.0,290.59,29.0,310.06,34.0,300.43,8.860000000000014,49.0,56.0,12.122156161344288,105,-7.0,-86.0,-0.07,296.5,
2025-01-03 07:39:32,297.92,51.0,301.5,8.0,295.04,25.0,303.0,32.0,299.71,3.579999999999984,76.0,40.0,10.674948711821456,116,36.0,11.0,0.31,296.5,
2025-01-03 07:39:33,296.38,74.0,298.28,47.0,295.11,94.0,302.04,23.0,297.33,1.8999999999999773,168.0,70.0,8.751491301487961,238,98.0,122.0,0.41,296.5,
2025-01-03 07:39:34,296.0,20.0,299.06,18.0,295.0,84.0,422.42,33.0,297.53,3.0600000000000023,104.0,51.0,7.901507451114466,155,53.0,-83.0,0.34,296.0,4.0
2025-01-03 07:39:35,296.0,12.0,300.0,12.0,295.0,84.0,363.48,31.0,298.0,4.0,96.0,43.0,1.387335575848477,139,53.0,-16.0,0.38,296.0,
2025-01-03 07:39:36,296.0,7.0,310.71,7.0,295.0,49.0,387.86,7.0,303.36,14.70999999999998,56.0,14.0,2.5144840425055794,70,42.0,-69.0,0.6,300.0,1.0
2025-01-03 07:39:37,295.02,47.0,375.0,11.0,293.38,37.0,432.27,11.0,335.01,79.98000000000002,84.0,22.0,16.272345559261552,106,62.0,36.0,0.58,295.2,5.0
2025-01-03 07:39:39,293.0,8.0,334.74,23.0,292.0,32.0,670.88,17.0,313.87,41.74000000000001,40.0,40.0,43.18762125887505,80,0.0,-4.0,0.0,295.2,
2025-01-03 07:39:40,293.0,8.0,416.5,32.0,292.0,32.0,555.0,8.0,354.75,123.5,40.0,40.0,39.72924464421697,80,0.0,0.0,0.0,295.2,
2025-01-03 07:39:41,293.0,19.0,408.22,41.0,292.0,36.0,459.5,24.0,350.61,115.22000000000004,55.0,65.0,33.292189474410485,120,-10.0,40.0,-0.08,295.2,
2025-01-03 07:39:43,295.18,17.0,418.97,37.0,244.67,42.0,438.74,19.0,357.07,123.79000000000002,59.0,56.0,29.28255931437772,115,3.0,-35.0,0.03,295.2,
2025-01-03 07:39:44,298.0,16.0,420.67,24.0,292.0,16.0,419.17,18.0,359.33,122.67000000000002,32.0,42.0,18.6083470517952,74,-10.0,-41.0,-0.14,295.2,
2025-01-03 07:39:45,298.0,20.0,398.3,10.0,293.6,15.0,400.0,30.0,348.15,100.3,35.0,40.0,19.603733828025064,75,-5.0,1.0,-0.07,295.2,
2025-01-03 07:39:46,298.0,12.0,393.0,12.0,295.0,6.0,398.62,16.0,345.5,95.0,18.0,28.0,20.48017651291252,46,-10.0,-29.0,-0.22,295.2,
2025-01-03 07:39:47,298.0,20.0,393.46,24.0,295.0,10.0,396.17,18.0,345.73,95.45999999999998,30.0,42.0,6.562345617235295,72,-12.0,26.0,-0.17,295.2,
2025-01-03 07:39:48,295.27,44.0,390.08,26.0,293.7,46.0,391.32,28.0,342.67,94.81,90.0,54.0,6.477312714393654,144,36.0,72.0,0.25,296.5,4.0
2025-01-03 07:39:49,296.0,60.0,388.17,36.0,294.0,36.0,390.0,36.0,342.08,92.17000000000002,96.0,72.0,2.475344420488553,168,24.0,24.0,0.14,296.5,
2025-01-03 07:39:50,296.21,58.0,386.79,42.0,294.62,48.0,388.14,42.0,341.5,90.58000000000004,106.0,84.0,1.9797802908512303,190,22.0,22.0,0.12,296.5,
2025-01-03 07:39:51,296.0,39.0,366.62,40.0,294.08,51.0,380.43,44.0,331.31,70.62,90.0,84.0,5.474702731659599,174,6.0,-16.0,0.03,296.29,7.0
2025-01-03 07:39:52,294.22,18.0,326.81,16.0,292.22,36.0,352.78,27.0,310.52,32.589999999999975,54.0,43.0,13.734213847178737,97,11.0,-77.0,0.11,296.29,
2025-01-03 07:39:53,296.35,17.0,323.43,42.0,294.24,25.0,324.47,38.0,309.89,27.079999999999984,42.0,80.0,15.973078914224129,122,-38.0,25.0,-0.31,297.0,2.0
2025-01-03 07:39:54,296.0,9.0,320.04,23.0,294.0,18.0,321.0,37.0,308.02,24.04000000000002,27.0,60.0,15.210699194975454,87,-33.0,-35.0,-0.38,294.0,4.0
2025-01-03 07:39:55,292.0,33.0,317.13,15.0,221.98,53.0,319.52,31.0,304.57,25.129999999999995,86.0,46.0,10.569397806877234,132,40.0,45.0,0.3,294.0,
2025-01-03 07:39:56,292.0,36.0,313.83,36.0,234.76,67.0,315.0,36.0,302.92,21.829999999999984,103.0,72.0,3.3228346332637,175,31.0,43.0,0.18,294.0,
2025-01-03 07:39:57,292.0,36.0,310.5,36.0,202.11,45.0,311.5,36.0,301.25,18.5,81.0,72.0,3.572876992007328,153,9.0,-22.0,0.06,294.0,
2025-01-03 07:39:58,297.38,87.0,305.44,50.0,268.67,45.0,307.53,36.0,301.41,8.060000000000002,132.0,86.0,2.795197667431412,218,46.0,65.0,0.21,294.0,
2025-01-03 07:39:59,294.82,51.0,300.77,48.0,240.52,65.0,365.56,41.0,297.8,5.949999999999989,116.0,89.0,2.5080570168981926,205,27.0,-13.0,0.13,297.57,7.0
2025-01-03 07:40:00,292.5,40.0,300.59,44.0,219.13,71.0,353.28,53.0,296.55,8.089999999999975,111.0,97.0,2.68414418390869,208,14.0,3.0,0.07,297.57,
2025-01-03 07:40:01,294.0,12.0,298.38,24.0,292.0,57.0,300.0,24.0,296.19,4.379999999999996,69.0,48.0,2.5279042703412675,117,21.0,-91.0,0.18,294.0,1.0
2025-01-03 07:40:02,293.0,36.0,296.71,34.0,291.23,106.0,298.29,42.0,294.85,3.70999999999998,142.0,76.0,2.496056890378997,218,66.0,101.0,0.3,294.0,1.0
2025-01-03 07:40:03,292.07,120.0,295.59,37.0,247.27,60.0,296.77,43.0,293.83,3.519999999999982,180.0,80.0,1.5401558362734424,260,100.0,42.0,0.38,293.0,4.0
2025-01-03 07:40:04,292.0,72.0,293.35,46.0,161.5,24.0,295.77,26.0,292.67,1.3500000000000227,96.0,72.0,1.618122368674945,168,24.0,-92.0,0.14,292.0,3.0
2025-01-03 07:40:05,292.0,49.0,293.0,44.0,206.91,22.0,319.14,28.0,292.5,1.0,71.0,72.0,1.5464540083705902,143,-1.0,-25.0,-0.01,292.0,2.0
2025-01-03 07:40:06,279.0,16.0,293.0,67.0,184.91,22.0,354.24,25.0,286.0,14.0,38.0,92.0,3.470079249815998,130,-54.0,-13.0,-0.42,292.25,4.0
2025-01-03 07:40:09,290.25,16.0,298.0,8.0,233.5,24.0,348.88,32.0,294.12,7.75,40.0,40.0,24.975841927750626,80,0.0,-18.0,0.0,292.25,
2025-01-03 07:40:10,293.34,61.0,297.31,13.0,234.29,42.0,353.54,39.0,295.33,3.9700000000000273,103.0,52.0,25.555381429358203,155,51.0,75.0,0.33,294.0,1.0
2025-01-03 07:40:11,296.31,26.0,387.11,35.0,279.52,42.0,455.09,35.0,341.71,90.8,68.0,70.0,40.27319369009608,138,-2.0,-17.0,-0.01,296.0,1.0
2025-01-03 07:40:12,298.61,33.0,381.5,60.0,293.26,57.0,506.0,48.0,340.05,82.88999999999999,90.0,108.0,37.83518957267179,198,-18.0,60.0,-0.09,299.33,6.0
2025-01-03 07:40:13,298.0,14.0,372.54,52.0,292.0,65.0,621.34,50.0,335.27,74.54000000000002,79.0,102.0,24.374601124942075,181,-23.0,-17.0,-0.13,298.0,1.0
2025-01-03 07:40:14,298.0,11.0,388.25,24.0,292.0,55.0,473.11,36.0,343.12,90.25,66.0,60.0,20.211610029882227,126,6.0,-55.0,0.05,298.0,
2025-01-03 07:40:15,298.0,11.0,354.41,34.0,294.54,91.0,485.21,43.0,326.21,56.410000000000025,102.0,77.0,6.85543725812153,179,25.0,53.0,0.14,298.0,
2025-01-03 07:40:16,298.0,10.0,397.23,26.0,292.0,50.0,474.67,39.0,347.62,99.23000000000002,60.0,65.0,8.19127157406235,125,-5.0,-54.0,-0.04,298.0,
2025-01-03 07:40:17,297.2,15.0,378.82,22.0,294.17,48.0,481.64,50.0,338.01,81.62,63.0,72.0,8.142562864359203,135,-9.0,10.0,-0.07,297.0,2.0
2025-01-03 07:40:18,296.0,13.0,378.0,18.0,294.0,56.0,486.7,43.0,337.0,82.0,69.0,61.0,8.031106399497006,130,8.0,-5.0,0.06,296.0,2.0
2025-01-03 07:40:19,296.0,6.0,377.0,12.0,294.0,48.0,485.46,28.0,336.5,81.0,54.0,40.0,7.590380095887213,94,14.0,-36.0,0.15,296.0,
2025-01-03 07:40:20,296.0,12.0,307.74,38.0,294.0,96.0,363.0,38.0,301.87,11.740000000000007,108.0,76.0,17.556846242991277,184,32.0,90.0,0.17,296.0,
2025-01-03 07:40:21,296.0,5.0,438.65,17.0,294.0,40.0,473.2,20.0,367.32,142.64999999999998,45.0,37.0,23.18939089325202,82,8.0,-102.0,0.1,299.0,2.0
2025-01-03 07:40:22,298.43,37.0,427.64,44.0,294.88,25.0,577.5,64.0,363.03,129.20999999999998,62.0,108.0,26.19812264266361,170,-46.0,88.0,-0.27,299.0,
2025-01-03 07:40:23,299.0,78.0,373.0,39.0,296.0,13.0,545.22,54.0,336.0,74.0,91.0,93.0,26.241448702387668,184,-2.0,14.0,-0.01,299.0,
2025-01-03 07:40:27,296.84,19.0,386.84,55.0,294.08,96.0,473.68,68.0,341.84,90.0,115.0,123.0,36.356641484054514,238,-8.0,155.0,-0.03,298.0,2.0
2025-01-03 07:40:28,294.22,27.0,435.0,17.0,292.5,96.0,457.0,19.0,364.61,140.77999999999997,123.0,36.0,29.73094902622649,159,87.0,-79.0,0.55,294.4,5.0
2025-01-03 07:40:29,292.21,112.0,433.58,24.0,265.26,87.0,465.97,36.0,362.9,141.37,199.0,60.0,28.55078510304176,259,139.0,100.0,0.54,293.6,5.0
2025-01-03 07:40:30,298.17,53.0,464.33,9.0,268.14,29.0,466.0,45.0,381.25,166.15999999999997,82.0,54.0,20.27709372666768,136,28.0,-123.0,0.21,300.0,1.0
2025-01-03 07:40:31,300.0,46.0,462.88,8.0,299.0,8.0,466.0,40.0,381.44,162.88,54.0,48.0,16.32001439950538,102,6.0,-34.0,0.06,300.0,8.0
2025-01-03 07:40:32,292.56,71.0,460.91,23.0,260.74,47.0,462.81,43.0,376.74,168.35000000000002,118.0,66.0,9.012950127459272,184,52.0,82.0,0.28,298.6,5.0
2025-01-03 07:40:33,292.0,84.0,447.61,33.0,280.0,99.0,458.29,41.0,369.8,155.61,183.0,74.0,7.990092615237257,257,109.0,73.0,0.42,292.0,3.0
2025-01-03 07:40:34,297.88,98.0,454.12,32.0,283.75,64.0,458.75,40.0,376.0,156.24,162.0,72.0,4.7611217165780015,234,90.0,-23.0,0.38,292.0,3.0
2025-01-03 07:40:35,300.0,234.0,387.24,41.0,292.0,65.0,417.02,57.0,343.62,87.24000000000001,299.0,98.0,15.058997310580333,397,201.0,163.0,0.51,292.0,
2025-01-03 07:40:36,300.0,144.0,388.65,31.0,292.0,40.0,389.95,20.0,344.32,88.64999999999998,184.0,51.0,16.76654645417657,235,133.0,-162.0,0.57,292.0,
2025-01-03 07:40:37,300.0,198.0,373.68,38.0,274.24,29.0,386.04,49.0,336.84,73.68,227.0,87.0,17.532007300935494,314,140.0,79.0,0.45,292.0,
2025-01-03 07:40:38,300.0,264.0,304.17,18.0,292.0,28.0,306.94,53.0,302.08,4.170000000000016,292.0,71.0,26.33459169989246,363,221.0,49.0,0.61,292.0,
2025-01-03 07:40:39,300.0,238.0,304.77,44.0,293.41,34.0,333.49,43.0,302.39,4.769999999999982,272.0,87.0,21.75476039858938,359,185.0,-4.0,0.52,300.0,6.0
2025-01-03 07:40:40,300.0,140.0,305.18,44.0,295.6,25.0,315.0,30.0,302.59,5.180000000000007,165.0,74.0,21.104744253366967,239,91.0,-120.0,0.38,300.0,
2025-01-03 07:40:41,300.0,126.0,303.51,37.0,296.0,27.0,304.82,44.0,301.76,3.509999999999991,153.0,81.0,15.492439123650572,234,72.0,-5.0,0.31,300.0,
2025-01-03 07:40:42,300.0,78.0,301.31,65.0,296.0,39.0,303.0,52.0,300.65,1.3100000000000025,117.0,117.0,0.763302037212838,234,0.0,0.0,0.0,300.0,4.0
2025-01-03 07:40:43,300.0,58.0,301.33,48.0,296.0,30.0,327.22,36.0,300.67,1.329999999999984,88.0,84.0,0.9214770751424192,172,4.0,-62.0,0.02,300.0,5.0
2025-01-03 07:40:44,300.0,51.0,303.0,36.0,296.0,27.0,424.18,11.0,301.5,3.0,78.0,47.0,0.8132219869217109,125,31.0,-47.0,0.25,300.0,3.0
2025-01-03 07:40:45,297.69,52.0,301.46,52.0,295.6,35.0,439.18,22.0,299.58,3.769999999999982,87.0,74.0,0.8564870110004466,161,13.0,36.0,0.08,297.57,7.0
2025-01-03 07:40:46,294.22,54.0,300.89,36.0,293.81,93.0,421.0,18.0,297.56,6.669999999999959,147.0,54.0,1.520779405440459,201,93.0,40.0,0.46,297.57,
2025-01-03 07:40:47,296.97,29.0,299.47,60.0,295.04,27.0,574.85,20.0,298.22,2.5,56.0,80.0,1.6414262091277307,136,-24.0,-65.0,-0.18,297.0,1.0
2025-01-03 07:40:48,297.72,18.0,299.0,40.0,296.2,10.0,366.14,29.0,298.36,1.2799999999999727,28.0,69.0,1.554696111788742,97,-41.0,-39.0,-0.42,297.0,
2025-01-03 07:40:49,294.42,91.0,308.89,18.0,293.09,66.0,387.89,18.0,301.65,14.46999999999997,157.0,36.0,1.6142428565773637,193,121.0,96.0,0.63,296.0,7.0
2025-01-03 07:40:50,294.0,324.0,326.17,12.0,292.0,132.0,442.76,34.0,310.08,32.170000000000016,456.0,46.0,5.226115191996144,502,410.0,172.0,0.82,296.0,
2025-01-03 07:40:51,294.0,215.0,324.62,8.0,292.0,88.0,500.2,20.0,309.31,30.620000000000005,303.0,28.0,5.804526681824724,331,275.0,-171.0,0.83,294.0,1.0
2025-01-03 07:40:52,294.0,182.0,324.0,7.0,292.0,77.0,516.89,18.0,309.0,30.0,259.0,25.0,5.324063297897325,284,234.0,-47.0,0.82,294.0,
2025-01-03 07:40:53,294.0,208.0,320.0,12.0,292.0,88.0,522.8,20.0,307.0,26.0,296.0,32.0,3.413673973890747,328,264.0,44.0,0.8,294.0,
2025-01-03 07:40:54,294.37,136.0,322.36,11.0,293.23,171.0,567.0,44.0,308.37,27.99000000000001,307.0,55.0,1.1567065315023792,362,252.0,34.0,0.7,294.0,5.0
2025-01-03 07:40:55,299.0,17.0,318.56,16.0,294.0,189.0,352.82,11.0,308.78,19.56,206.0,27.0,0.901537575489794,233,179.0,-129.0,0.77,299.0,1.0
2025-01-03 07:40:56,299.0,8.0,317.0,16.0,294.0,168.0,318.0,8.0,308.0,18.0,176.0,24.0,0.7875277773004346,200,152.0,-33.0,0.76,299.0,
2025-01-03 07:40:57,299.0,9.0,317.0,18.0,294.0,189.0,318.0,9.0,308.0,18.0,198.0,27.0,0.6596969001136584,225,171.0,25.0,0.76,299.0,
2025-01-03 07:40:58,299.0,9.0,317.0,18.0,294.0,189.0,318.0,9.0,308.0,18.0,198.0,27.0,0.3466987164956802,225,171.0,0.0,0.76,299.0,
2025-01-03 07:40:59,299.0,9.0,315.76,17.0,294.0,189.0,317.4,10.0,307.38,16.75999999999999,198.0,27.0,0.4969104547296198,225,171.0,0.0,0.76,299.0,
2025-01-03 07:41:00,299.0,10.0,314.0,10.0,294.0,210.0,315.0,20.0,306.5,15.0,220.0,30.0,0.6586956808870559,250,190.0,25.0,0.76,299.0,
2025-01-03 07:41:01,299.0,13.0,313.9,21.0,294.0,273.0,324.88,34.0,306.45,14.899999999999975,286.0,55.0,0.7653626591485965,341,231.0,91.0,0.68,299.0,
2025-01-03 07:41:02,294.08,197.0,311.54,52.0,292.83,188.0,317.4,30.0,302.81,17.460000000000036,385.0,82.0,2.016995290033704,467,303.0,126.0,0.65,295.8,5.0
2025-01-03 07:41:03,294.0,247.0,310.17,48.0,292.0,143.0,312.2,30.0,302.08,16.170000000000016,390.0,78.0,2.415042442694776,468,312.0,1.0,0.67,295.8,
2025-01-03 07:41:04,294.0,207.0,305.89,38.0,292.0,143.0,306.94,32.0,299.95,11.889999999999986,350.0,70.0,2.8627207338502125,420,280.0,-48.0,0.67,295.8,
2025-01-03 07:41:05,294.0,230.0,299.3,40.0,292.0,100.0,302.05,40.0,296.65,5.300000000000011,330.0,80.0,3.620817587232772,410,250.0,-10.0,0.61,294.0,5.0
2025-01-03 07:41:06,294.0,64.0,295.0,22.0,292.0,14.0,300.09,22.0,294.5,1.0,78.0,44.0,3.55251600981783,122,34.0,-172.0,0.28,294.0,6.0
2025-01-03 07:41:07,293.33,30.0,295.0,20.0,267.93,15.0,301.0,20.0,294.17,1.670000000000016,45.0,40.0,3.456363696142293,85,5.0,-37.0,0.06,294.0,
2025-01-03 07:41:11,265.85,27.0,286.0,12.0,242.4,30.0,289.0,12.0,275.93,20.149999999999977,57.0,24.0,29.365509019936564,81,33.0,9.0,0.41,294.0,
2025-01-03 07:41:12,268.8,60.0,288.4,15.0,266.0,15.0,329.74,19.0,278.6,19.59999999999997,75.0,34.0,24.68284363682542,109,41.0,28.0,0.38,290.2,5.0
2025-01-03 07:41:13,272.48,33.0,325.4,15.0,265.56,27.0,393.52,21.0,298.94,52.91999999999996,60.0,36.0,29.16290194750829,96,24.0,-13.0,0.25,295.0,1.0
2025-01-03 07:41:14,293.36,28.0,449.96,25.0,289.33,15.0,631.09,22.0,371.66,156.59999999999997,43.0,47.0,46.22553374489046,90,-4.0,-6.0,-0.04,293.0,4.0
2025-01-03 07:41:15,295.0,12.0,317.38,13.0,292.0,12.0,402.04,23.0,306.19,22.379999999999995,24.0,36.0,38.78057413190289,60,-12.0,-30.0,-0.2,293.0,
2025-01-03 07:41:16,295.0,11.0,316.0,11.0,292.0,11.0,383.18,17.0,305.5,21.0,22.0,28.0,35.07594218264165,50,-6.0,-10.0,-0.12,293.0,
2025-01-03 07:41:17,293.88,16.0,308.93,28.0,289.12,16.0,371.44,48.0,301.4,15.050000000000011,32.0,76.0,30.84640205923575,108,-44.0,58.0,-0.41,295.0,1.0
2025-01-03 07:41:18,292.0,17.0,308.24,29.0,229.69,49.0,397.55,38.0,300.12,16.24000000000001,66.0,67.0,30.68025716971785,133,-1.0,25.0,-0.01,295.0,
2025-01-03 07:41:19,292.0,11.0,311.27,11.0,279.27,55.0,358.0,22.0,301.64,19.269999999999985,66.0,33.0,2.698406937437745,99,33.0,-34.0,0.33,295.0,
2025-01-03 07:41:20,292.0,6.0,311.0,6.0,280.0,30.0,376.0,14.0,301.5,19.0,36.0,20.0,2.03217125262893,56,16.0,-43.0,0.29,295.0,
2025-01-03 07:41:21,297.24,63.0,309.45,11.0,274.81,21.0,406.11,36.0,303.35,12.20999999999998,84.0,47.0,1.151572837475397,131,37.0,75.0,0.28,293.0,2.0
2025-01-03 07:41:22,298.2,45.0,308.0,11.0,297.44,71.0,467.64,28.0,303.1,9.800000000000011,116.0,39.0,1.316214268275266,155,77.0,24.0,0.5,299.0,1.0
2025-01-03 07:41:23,299.67,9.0,307.44,9.0,297.78,81.0,608.71,14.0,303.56,7.769999999999982,90.0,23.0,0.9824968193393248,113,67.0,-42.0,0.59,299.0,
2025-01-03 07:41:24,300.0,12.0,305.33,12.0,296.0,108.0,605.58,19.0,302.67,5.329999999999984,120.0,31.0,0.8170862867604785,151,89.0,38.0,0.59,297.0,4.0
2025-01-03 07:41:25,296.0,54.0,304.0,9.0,295.0,27.0,495.5,12.0,300.0,8.0,81.0,21.0,1.455894913794199,102,60.0,-49.0,0.59,297.0,
2025-01-03 07:41:26,296.0,38.0,304.0,10.0,295.0,30.0,450.92,13.0,300.0,8.0,68.0,23.0,1.732247095541315,91,45.0,-11.0,0.49,296.0,3.0
2025-01-03 07:41:27,296.0,33.0,303.45,11.0,295.0,33.0,515.75,24.0,299.73,7.449999999999989,66.0,35.0,1.7868323928143786,101,31.0,10.0,0.31,296.0,
2025-01-03 07:41:28,295.75,24.0,303.0,9.0,294.0,27.0,510.23,13.0,299.38,7.25,51.0,22.0,1.3183815836130464,73,29.0,-28.0,0.4,295.75,4.0
2025-01-03 07:41:29,295.0,24.0,302.5,12.0,292.0,36.0,380.08,12.0,298.75,7.5,60.0,24.0,0.5253284686835026,84,36.0,11.0,0.43,295.75,
2025-01-03 07:41:30,295.0,10.0,302.0,5.0,292.67,9.0,370.0,5.0,298.5,7.0,19.0,10.0,0.6363725324124991,29,9.0,-55.0,0.31,295.75,
2025-01-03 07:41:31,295.0,20.0,301.03,37.0,294.0,10.0,400.94,16.0,298.01,6.029999999999973,30.0,53.0,0.6874809088322149,83,-23.0,54.0,-0.28,295.75,
2025-01-03 07:41:32,295.0,28.0,299.95,42.0,294.0,14.0,316.83,35.0,297.48,4.949999999999989,42.0,77.0,0.722585635069233,119,-35.0,36.0,-0.29,295.75,
2025-01-03 07:41:33,296.0,72.0,297.86,21.0,295.0,24.0,300.29,42.0,296.93,1.8600000000000136,96.0,63.0,0.7426506581213143,159,33.0,40.0,0.21,297.25,4.0
2025-01-03 07:41:34,296.0,56.0,324.32,40.0,295.0,32.0,477.67,33.0,310.16,28.319999999999997,88.0,73.0,5.589671725603374,161,15.0,2.0,0.09,296.57,7.0
2025-01-03 07:41:35,296.0,21.0,393.48,27.0,295.0,18.0,519.76,17.0,344.74,97.48000000000002,39.0,44.0,20.474326118337,83,-5.0,-78.0,-0.06,296.0,2.0
2025-01-03 07:41:36,296.0,8.0,328.0,8.0,295.0,16.0,403.0,8.0,312.0,32.0,24.0,16.0,19.44791299857181,40,8.0,-43.0,0.2,296.0,
2025-01-03 07:41:37,296.0,11.0,346.92,25.0,295.0,20.0,423.9,10.0,321.46,50.920000000000016,31.0,35.0,17.776198131209668,66,-4.0,26.0,-0.06,296.0,
2025-01-03 07:41:38,295.95,20.0,453.59,17.0,294.75,20.0,496.61,31.0,374.77,157.64,40.0,48.0,27.28414521292601,88,-8.0,22.0,-0.09,295.67,3.0
2025-01-03 07:41:39,295.0,6.0,451.21,19.0,292.05,66.0,559.0,8.0,373.11,156.20999999999998,72.0,27.0,28.80707777613071,99,45.0,11.0,0.45,297.5,2.0
2025-01-03 07:41:40,298.69,16.0,347.0,24.0,292.56,18.0,479.0,18.0,322.84,48.31,34.0,42.0,30.51199649318347,76,-8.0,-23.0,-0.11,297.5,
2025-01-03 07:41:41,299.0,18.0,359.33,24.0,294.91,11.0,479.0,18.0,329.17,60.329999999999984,29.0,42.0,27.24677320344637,71,-13.0,-5.0,-0.18,297.5,
2025-01-03 07:41:42,294.97,32.0,394.5,24.0,292.56,18.0,479.0,18.0,344.73,99.52999999999996,50.0,42.0,24.192785701527765,92,8.0,21.0,0.09,297.0,6.0
2025-01-03 07:41:43,296.45,66.0,420.9,39.0,294.0,11.0,484.15,34.0,358.68,124.45,77.0,73.0,20.71563250301675,150,4.0,58.0,0.03,297.0,
2025-01-03 07:41:44,299.23,47.0,454.0,36.0,296.25,24.0,595.0,17.0,376.62,154.76999999999998,71.0,53.0,21.90195128293469,124,18.0,-26.0,0.15,300.0,5.0
2025-01-03 07:41:45,300.0,40.0,441.96,27.0,294.0,10.0,534.17,30.0,370.98,141.95999999999998,50.0,57.0,19.3882858963873,107,-7.0,-17.0,-0.07,300.0,
2025-01-03 07:41:46,294.8,80.0,361.91,33.0,261.3,23.0,398.52,25.0,328.35,67.11000000000001,103.0,58.0,19.673717747290432,161,45.0,54.0,0.28,298.8,5.0
2025-01-03 07:41:47,292.0,169.0,304.57,56.0,247.0,52.0,323.6,47.0,298.29,12.569999999999991,221.0,103.0,32.81931032182189,324,118.0,163.0,0.36,298.8,
2025-01-03 07:41:48,292.0,85.0,333.86,14.0,243.75,16.0,505.44,16.0,312.93,41.860000000000014,101.0,30.0,34.914518899736244,131,71.0,-172.0,0.54,294.44,9.0
2025-01-03 07:41:49,293.1,89.0,401.21,38.0,273.68,94.0,535.11,19.0,347.16,108.10999999999996,183.0,57.0,28.555072579141463,240,126.0,109.0,0.53,294.44,
2025-01-03 07:41:51,296.18,77.0,480.0,44.0,292.06,167.0,705.13,23.0,388.09,183.82,244.0,67.0,61.36086431920634,311,177.0,-172.0,0.57,294.44,
2025-01-03 07:41:53,299.19,69.0,336.62,52.0,297.76,67.0,555.51,35.0,317.9,37.43000000000001,136.0,87.0,54.37481953993102,223,49.0,103.0,0.22,300.0,4.0
2025-01-03 07:41:54,300.0,10.0,316.35,34.0,298.0,70.0,393.06,16.0,308.18,16.350000000000023,80.0,50.0,63.35146233513525,130,30.0,-93.0,0.23,300.0,
2025-01-03 07:41:55,300.0,6.0,305.17,18.0,298.0,42.0,314.8,15.0,302.58,5.170000000000016,48.0,33.0,55.28502943835741,81,15.0,-49.0,0.19,300.0,
2025-01-03 07:41:56,300.0,12.0,304.58,60.0,298.0,84.0,350.12,33.0,302.29,4.579999999999984,96.0,93.0,53.21152957771499,189,3.0,108.0,0.02,300.0,
2025-01-03 07:41:57,299.22,18.0,316.21,58.0,297.95,78.0,505.46,24.0,307.71,16.989999999999952,96.0,82.0,6.319570396793377,178,14.0,-11.0,0.08,300.0,1.0
2025-01-03 07:41:59,298.71,28.0,398.36,33.0,297.94,65.0,547.0,11.0,348.54,99.65000000000003,93.0,44.0,48.67230290421895,137,49.0,26.0,0.36,299.0,4.0
2025-01-03 07:42:00,298.0,56.0,335.3,40.0,296.0,15.0,362.5,34.0,316.65,37.30000000000001,71.0,74.0,46.67650715295696,145,-3.0,8.0,-0.02,298.0,3.0
2025-01-03 07:42:01,298.5,4.0,320.73,11.0,297.6,5.0,328.8,10.0,309.61,22.230000000000015,9.0,21.0,45.370151862210506,30,-12.0,-115.0,-0.4,298.0,
2025-01-03 07:42:02,297.15,26.0,317.75,59.0,297.73,30.0,319.2,55.0,307.45,20.600000000000023,56.0,114.0,45.41587365668576,170,-58.0,140.0,-0.34,297.75,4.0
2025-01-03 07:42:03,295.0,127.0,313.24,38.0,294.0,12.0,315.19,21.0,304.12,18.24000000000001,139.0,59.0,18.07088625386237,198,80.0,28.0,0.4,295.0,3.0
2025-01-03 07:42:04,295.0,130.0,310.85,34.0,294.0,10.0,311.77,13.0,302.93,15.850000000000025,140.0,47.0,5.439689329366812,187,93.0,-11.0,0.5,295.0,3.0
2025-01-03 07:42:05,295.0,97.0,296.27,11.0,294.0,15.0,305.4,20.0,295.64,1.2699999999999818,112.0,31.0,5.348153887092773,143,81.0,-44.0,0.57,295.0,1.0
