DateTime,Bid1_Price,Bid1_Volume,Ask1_Price,Ask1_Volume,Bid2_Price,Bid2_Volume,Ask2_Price,Ask2_Volume,Mid-Price,Bid_Ask_Spread,Market_Depth_Bid,Market_Depth_Ask,Historical_Volatility,Total_volume,Cumulative_Volume_Difference,Total_Volume_Change_Corrected,Order_imbalance,Weighted_Avg_Price,Trade_Volume
2025-01-17 07:30:04,274.0,20.0,344.46,13.0,236.0,4.0,346.0,3.0,309.23,70.45999999999998,24.0,16.0,,40,8.0,17.0,0.2,,
2025-01-17 07:30:05,275.89,36.0,343.14,28.0,272.66,29.0,346.0,7.0,309.52,67.25,65.0,35.0,135.1934362312017,100,30.0,60.0,0.3,,
2025-01-17 07:30:06,282.0,55.0,341.1,40.0,275.4,50.0,346.0,10.0,311.55,59.10000000000002,105.0,50.0,104.34968591232078,155,55.0,55.0,0.35,282.0,1.0
2025-01-17 07:30:07,282.0,30.0,338.17,24.0,277.0,30.0,346.0,6.0,310.08,56.170000000000016,60.0,30.0,77.41559810529138,90,30.0,-65.0,0.33,282.0,
2025-01-17 07:30:08,282.0,40.0,336.14,29.0,277.0,40.0,342.36,11.0,309.07,54.13999999999999,80.0,40.0,1.0045645822889504,120,40.0,30.0,0.33,282.0,
2025-01-17 07:30:09,282.0,50.0,325.55,38.0,277.0,50.0,325.67,21.0,303.78,43.55000000000001,100.0,59.0,2.957727167943254,159,41.0,39.0,0.26,282.0,
2025-01-17 07:30:10,282.0,45.0,317.91,35.0,277.0,45.0,318.98,42.0,299.96,35.910000000000025,90.0,77.0,4.856466822700445,167,13.0,8.0,0.08,282.0,
2025-01-17 07:30:11,282.0,26.0,314.42,26.0,277.0,40.0,314.83,30.0,298.21,32.420000000000016,66.0,56.0,5.299136722145476,122,10.0,-45.0,0.08,282.0,2.0
2025-01-17 07:30:12,282.0,39.0,308.62,39.0,279.69,107.0,310.16,43.0,295.31,26.620000000000005,146.0,82.0,5.332478785704764,228,64.0,106.0,0.28,282.0,
2025-01-17 07:30:13,282.0,39.0,302.79,52.0,278.17,41.0,303.82,38.0,292.39,20.79000000000002,80.0,90.0,4.35826226838084,170,-10.0,-58.0,-0.06,282.0,
2025-01-17 07:30:14,282.0,30.0,299.8,46.0,280.0,20.0,300.8,30.0,290.9,17.80000000000001,50.0,76.0,3.8077985766046822,126,-26.0,-44.0,-0.21,282.0,
2025-01-17 07:30:15,281.91,46.0,295.9,58.0,279.12,34.0,297.09,66.0,288.9,13.989999999999952,80.0,124.0,3.673264215924711,204,-44.0,78.0,-0.22,281.6,5.0
2025-01-17 07:30:16,280.81,47.0,293.32,53.0,277.19,48.0,294.66,41.0,287.06,12.509999999999993,95.0,94.0,3.1785641412425965,189,1.0,-15.0,0.01,281.0,2.0
2025-01-17 07:30:17,281.0,180.0,292.09,69.0,280.0,15.0,292.95,57.0,286.54,11.089999999999977,195.0,126.0,2.490104415480093,321,69.0,132.0,0.21,281.0,
2025-01-17 07:30:18,281.0,168.0,288.49,47.0,280.0,16.0,289.64,55.0,284.74,7.490000000000009,184.0,102.0,2.3542981969142525,286,82.0,-35.0,0.29,281.0,
2025-01-17 07:30:19,281.0,154.0,282.42,57.0,280.0,57.0,283.9,58.0,281.71,1.420000000000016,211.0,115.0,2.7201286734259407,326,96.0,40.0,0.29,281.0,9.0
2025-01-17 07:30:20,281.15,39.0,282.92,39.0,280.15,39.0,286.85,27.0,282.04,1.7700000000000389,78.0,66.0,2.4786528599209103,144,12.0,-174.5,0.08,282.0,8.0
2025-01-17 07:30:21,281.0,33.0,283.0,33.0,280.0,33.0,288.0,11.0,282.0,2.0,66.0,44.0,2.1401355097269508,110,22.0,-34.0,0.2,282.0,
2025-01-17 07:30:22,281.0,24.0,283.0,24.0,280.0,24.0,288.0,8.0,282.0,2.0,48.0,32.0,1.2602856818968955,80,16.0,-30.0,0.2,282.0,
2025-01-17 07:30:23,281.0,18.0,283.0,18.0,280.0,18.0,288.0,6.0,282.0,2.0,36.0,24.0,0.1352774925638958,60,12.0,-20.0,0.2,282.0,
2025-01-17 07:30:24,281.0,27.0,283.0,27.0,280.0,27.0,288.0,9.0,282.0,2.0,54.0,36.0,0.0178885436625242,90,18.0,30.0,0.2,282.0,
2025-01-17 07:30:25,280.0,22.0,283.0,21.0,278.11,27.0,288.0,7.0,281.5,3.0,49.0,28.0,0.2236067977374043,77,21.0,-13.0,0.27,279.62,8.0
2025-01-17 07:30:26,278.0,10.0,283.0,18.0,274.27,22.0,288.0,6.0,280.5,5.0,32.0,24.0,0.6519202405159717,56,8.0,-21.0,0.14,278.0,5.0
2025-01-17 07:30:27,277.0,11.0,281.41,34.0,274.0,55.0,283.88,24.0,279.21,4.410000000000025,66.0,58.0,1.193239288656894,124,8.0,68.0,0.06,278.0,
2025-01-17 07:30:28,274.56,43.0,278.37,46.0,273.7,47.0,279.38,48.0,276.46,3.8100000000000014,90.0,94.0,2.2155089708674973,184,-4.0,60.0,-0.02,277.0,1.0
2025-01-17 07:30:29,273.71,48.0,277.7,50.0,266.65,17.0,279.31,48.0,275.7,3.990000000000009,65.0,98.0,2.5176536695888667,163,-33.0,-21.0,-0.2,274.38,8.0
2025-01-17 07:30:30,272.0,10.0,285.67,15.0,259.0,10.0,286.67,15.0,278.83,13.670000000000016,20.0,30.0,1.997911409445937,50,-10.0,-113.0,-0.2,274.38,
2025-01-17 07:30:31,272.8,10.0,283.6,10.0,265.59,22.0,286.0,20.0,278.2,10.800000000000011,32.0,30.0,1.528283350689336,62,2.0,12.0,0.03,274.38,
2025-01-17 07:30:32,272.67,12.0,280.21,24.0,261.17,12.0,283.47,19.0,276.44,7.539999999999964,24.0,43.0,1.323321578451054,67,-19.0,5.0,-0.28,280.0,1.0
2025-01-17 07:30:34,271.74,39.0,278.36,28.0,265.76,17.0,281.39,33.0,275.05,6.6200000000000045,56.0,61.0,2.835727419903756,117,-5.0,27.0,-0.04,276.8,5.0
2025-01-17 07:30:35,274.56,36.0,284.71,34.0,264.46,13.0,286.32,31.0,279.63,10.149999999999975,49.0,65.0,3.046530813892093,114,-16.0,-3.0,-0.14,273.8,10.0
2025-01-17 07:30:36,281.97,74.0,285.3,20.0,279.88,17.0,286.16,25.0,283.64,3.329999999999984,91.0,45.0,4.540139865686298,136,46.0,22.0,0.34,273.8,
2025-01-17 07:30:37,282.0,81.0,285.0,18.0,281.0,18.0,286.0,27.0,283.5,3.0,99.0,45.0,5.249080871923582,144,54.0,8.0,0.38,273.8,
2025-01-17 07:30:38,282.0,39.0,285.0,12.0,281.0,12.0,286.0,18.0,283.5,3.0,51.0,30.0,3.7659168870268784,81,21.0,-63.0,0.26,282.0,5.0
2025-01-17 07:30:39,282.0,24.0,285.0,12.0,281.0,12.0,286.0,18.0,283.5,3.0,36.0,30.0,1.7474209567229164,66,6.0,-15.0,0.09,282.0,
2025-01-17 07:30:40,282.92,52.0,285.77,39.0,281.0,26.0,399.85,39.0,284.35,2.849999999999966,78.0,78.0,0.3694861296375059,156,0.0,90.0,0.0,282.0,
2025-01-17 07:30:41,283.0,44.0,285.36,33.0,281.0,22.0,303.59,34.0,284.18,2.3600000000000136,66.0,67.0,0.4232965863251317,133,-1.0,-23.0,-0.01,282.0,
2025-01-17 07:30:42,283.0,32.0,287.0,30.0,281.0,16.0,347.66,32.0,285.0,4.0,48.0,62.0,0.632202499199833,110,-14.0,-23.0,-0.13,282.0,
2025-01-17 07:30:43,283.0,28.0,284.94,32.0,281.56,9.0,291.78,23.0,283.97,1.9399999999999975,37.0,55.0,0.5490446247751745,92,-18.0,-18.0,-0.2,282.0,
2025-01-17 07:30:44,282.69,26.0,283.8,20.0,281.12,16.0,285.0,50.0,283.25,1.1100000000000136,42.0,70.0,0.6336008207022055,112,-28.0,20.0,-0.25,282.8,5.0
2025-01-17 07:30:45,280.29,21.0,281.57,14.0,276.57,21.0,287.54,35.0,280.93,1.2799999999999727,42.0,49.0,1.5487833935042152,91,-7.0,-21.0,-0.08,280.67,3.0
2025-01-17 07:30:46,280.0,16.0,281.0,16.0,274.0,16.0,288.75,40.0,280.5,1.0,32.0,56.0,1.9476781048197584,88,-24.0,-3.0,-0.27,280.67,
2025-01-17 07:30:47,278.62,26.0,284.0,35.0,272.62,26.0,289.07,59.0,281.31,5.379999999999996,52.0,94.0,1.5259488851184135,146,-42.0,58.0,-0.29,280.0,2.0
2025-01-17 07:30:48,274.0,24.0,288.0,60.0,268.0,24.0,295.0,36.0,281.0,14.0,48.0,96.0,1.0748813888024868,144,-48.0,-2.0,-0.33,280.0,
2025-01-17 07:30:49,274.04,23.0,282.67,60.0,268.5,24.0,289.62,52.0,278.36,8.629999999999995,47.0,112.0,1.1872868229681164,159,-65.0,15.0,-0.41,280.0,
2025-01-17 07:30:50,266.7,27.0,283.27,55.0,251.57,21.0,290.43,47.0,274.99,16.569999999999993,48.0,102.0,2.6366019798205147,150,-54.0,-9.0,-0.36,275.0,11.0
2025-01-17 07:30:52,278.69,80.0,284.0,30.0,268.23,56.0,288.0,30.0,281.34,5.310000000000002,136.0,60.0,3.175701497306248,196,76.0,-82.0,0.39,275.0,
2025-01-17 07:30:53,282.0,50.0,284.0,30.0,281.0,90.0,288.0,30.0,283.0,2.0,140.0,60.0,3.716326142844991,200,80.0,4.0,0.4,275.0,
2025-01-17 07:30:54,282.0,80.0,284.0,48.0,281.0,144.0,288.0,48.0,283.0,2.0,224.0,96.0,4.225224254402735,320,128.0,120.0,0.4,275.0,
2025-01-17 07:30:55,282.0,45.0,283.32,37.0,281.0,81.0,286.11,27.0,282.66,1.3199999999999932,126.0,64.0,3.5634646062495463,190,62.0,-130.0,0.33,275.0,
2025-01-17 07:30:56,281.19,78.0,284.17,36.0,280.23,118.0,287.1,30.0,282.68,2.980000000000018,196.0,66.0,0.6886798966089389,262,130.0,72.0,0.5,282.0,5.0
2025-01-17 07:30:57,281.0,64.0,285.0,27.0,280.0,117.0,288.0,27.0,283.0,4.0,181.0,54.0,0.1808867048549095,235,127.0,-27.0,0.54,281.0,3.0
2025-01-17 07:30:58,281.0,30.0,285.0,15.0,280.0,65.0,289.3,23.0,283.0,4.0,95.0,38.0,0.1808867048549095,133,57.0,-102.0,0.43,281.0,
2025-01-17 07:30:59,281.0,48.0,285.0,24.0,280.0,104.0,288.0,40.0,283.0,4.0,152.0,64.0,0.1808867048549095,216,88.0,83.0,0.41,281.0,
2025-01-17 07:31:00,281.0,16.0,283.12,8.0,280.0,78.0,286.35,20.0,282.06,2.1200000000000045,94.0,28.0,0.4088031310952555,122,66.0,-94.0,0.54,281.0,5.0
2025-01-17 07:31:01,281.0,10.0,282.0,10.0,280.0,130.0,287.0,30.0,281.5,1.0,140.0,40.0,0.6969361520206225,180,100.0,58.0,0.56,281.0,
2025-01-17 07:31:02,280.08,48.0,286.17,18.0,279.79,56.0,287.74,34.0,283.12,6.090000000000032,104.0,52.0,0.719638798282381,156,52.0,-24.0,0.33,280.33,3.0
2025-01-17 07:31:03,280.0,66.0,287.0,18.0,277.0,6.0,288.0,30.0,283.5,7.0,72.0,48.0,0.826970374314152,120,24.0,-36.0,0.2,280.33,
2025-01-17 07:31:04,280.0,44.0,287.0,12.0,277.0,4.0,288.0,20.0,283.5,7.0,48.0,32.0,0.9082290459973626,80,16.0,-40.0,0.2,280.33,
2025-01-17 07:31:05,280.0,102.0,287.0,30.0,277.0,10.0,288.0,50.0,283.5,7.0,112.0,80.0,0.8676865793552629,192,32.0,112.0,0.17,280.0,2.0
2025-01-17 07:31:06,280.0,45.0,287.62,16.0,277.0,4.0,288.29,14.0,283.81,7.620000000000003,49.0,30.0,0.2447039026929593,79,19.0,-113.0,0.24,280.0,
2025-01-17 07:31:07,280.0,144.0,287.5,30.0,277.0,8.0,288.19,31.0,283.75,7.5,152.0,61.0,0.1548224789659255,213,91.0,134.0,0.43,280.0,
2025-01-17 07:31:08,280.0,162.0,284.43,28.0,277.0,9.0,286.48,31.0,282.21,4.430000000000007,171.0,59.0,0.6550038167775765,230,112.0,17.0,0.49,280.0,
2025-01-17 07:31:09,280.0,270.0,282.33,45.0,277.0,15.0,286.58,26.0,281.17,2.329999999999984,285.0,71.0,1.1596206276163,356,214.0,126.0,0.6,280.0,
2025-01-17 07:31:10,280.0,157.0,282.0,27.0,277.0,9.0,287.0,18.0,281.0,2.0,166.0,45.0,1.3526714309074654,211,121.0,-145.0,0.57,280.0,5.0
2025-01-17 07:31:11,280.0,156.0,282.0,36.0,277.0,12.0,287.0,24.0,281.0,2.0,168.0,60.0,1.1878678377636478,228,108.0,17.0,0.47,280.0,
2025-01-17 07:31:12,280.0,104.0,281.25,24.0,277.0,8.0,287.68,31.0,280.62,1.25,112.0,55.0,0.5994580886044668,167,57.0,-61.0,0.34,280.0,
2025-01-17 07:31:13,280.0,127.0,281.48,29.0,277.0,10.0,288.15,33.0,280.74,1.4800000000000182,137.0,62.0,0.2217656420489054,199,75.0,32.0,0.38,280.0,3.0
2025-01-17 07:31:14,280.0,85.0,288.0,18.0,277.0,9.0,289.0,45.0,284.0,8.0,94.0,63.0,1.4228562822693098,157,31.0,-42.0,0.2,280.0,5.0
2025-01-17 07:31:15,280.59,49.0,287.0,12.0,279.73,44.0,288.0,24.0,283.8,6.410000000000025,93.0,36.0,1.7122266205129228,129,57.0,-28.0,0.44,280.0,
2025-01-17 07:31:16,280.32,38.0,285.55,11.0,278.96,23.0,288.59,34.0,282.93,5.230000000000018,61.0,45.0,1.6373209825788602,106,16.0,-23.0,0.15,280.67,6.0
2025-01-17 07:31:17,281.0,51.0,284.0,17.0,278.9,40.0,290.3,43.0,282.5,3.0,91.0,60.0,1.3029121228973537,151,31.0,45.0,0.21,282.0,3.0
2025-01-17 07:31:18,280.0,30.0,283.4,10.0,277.0,10.0,291.0,20.0,281.7,3.3999999999999773,40.0,30.0,0.9465622008050184,70,10.0,-81.0,0.14,282.0,
2025-01-17 07:31:19,280.0,33.0,283.0,11.0,277.0,11.0,291.14,28.0,281.5,3.0,44.0,39.0,0.937272639093361,83,5.0,13.0,0.06,282.0,
2025-01-17 07:31:20,280.0,30.0,281.62,16.0,277.0,8.0,287.38,16.0,280.81,1.6200000000000043,38.0,32.0,0.8378961749484585,70,6.0,-13.0,0.09,282.0,2.0
2025-01-17 07:31:21,280.47,64.0,282.16,19.0,279.11,37.0,289.87,107.0,281.31,1.6899999999999975,101.0,126.0,0.6188133805868832,227,-25.0,157.0,-0.11,280.0,2.0
2025-01-17 07:31:22,281.0,45.0,286.0,25.0,280.0,63.0,289.63,41.0,283.5,5.0,108.0,66.0,1.025148769688238,174,42.0,-53.0,0.24,280.0,
2025-01-17 07:31:23,281.0,35.0,287.0,35.0,280.0,49.0,290.0,14.0,284.0,6.0,84.0,49.0,1.4266499220177251,133,35.0,-41.0,0.26,280.0,
2025-01-17 07:31:24,281.0,41.0,284.12,51.0,280.0,77.0,285.33,48.0,282.56,3.1200000000000045,118.0,99.0,1.3697919550037971,217,19.0,84.0,0.09,281.0,2.0
2025-01-17 07:31:25,280.0,90.0,281.5,70.0,277.0,14.0,284.52,58.0,280.75,1.5,104.0,128.0,1.3877427715513884,232,-24.0,15.0,-0.1,280.43,7.0
2025-01-17 07:31:26,278.5,10.0,281.0,40.0,275.12,8.0,287.0,40.0,279.75,2.5,18.0,80.0,1.8114828180231768,98,-62.0,-134.0,-0.63,280.0,3.0
2025-01-17 07:31:27,277.0,11.0,280.27,55.0,274.0,11.0,287.0,55.0,278.64,3.269999999999982,22.0,110.0,2.152335940320056,132,-88.0,34.0,-0.67,280.0,
2025-01-17 07:31:28,274.23,13.0,278.9,49.0,269.1,49.0,284.54,65.0,276.56,4.669999999999959,62.0,114.0,2.250348861842045,176,-52.0,44.0,-0.3,277.0,1.0
2025-01-17 07:31:29,274.0,6.0,276.09,22.0,269.0,24.0,282.5,8.0,275.05,2.089999999999975,30.0,30.0,2.3290663365379123,60,0.0,-116.0,0.0,276.0,5.0
2025-01-17 07:31:30,274.0,7.0,277.0,7.0,269.0,28.0,288.0,14.0,275.5,3.0,35.0,21.0,2.0278190254542845,56,14.0,-4.0,0.25,276.0,
2025-01-17 07:31:31,274.0,12.0,277.0,12.0,269.0,48.0,288.0,24.0,275.5,3.0,60.0,36.0,1.4468241081743671,96,24.0,40.0,0.25,276.0,
2025-01-17 07:31:32,274.0,8.0,277.0,8.0,269.0,32.0,288.75,40.0,275.5,3.0,40.0,48.0,0.5593925276536615,88,-8.0,-8.0,-0.09,276.0,
2025-01-17 07:31:33,277.7,135.0,284.23,66.0,267.36,183.0,287.67,90.0,280.97,6.53000000000003,318.0,156.0,2.5041625346599474,474,162.0,173.5,0.34,275.0,2.0
2025-01-17 07:31:34,282.0,180.0,285.0,60.0,269.36,50.0,288.0,60.0,283.5,3.0,230.0,120.0,3.7958108488166222,350,110.0,-124.0,0.31,275.0,
2025-01-17 07:31:35,282.45,110.0,285.0,85.0,280.47,170.0,286.29,70.0,283.73,2.550000000000012,280.0,155.0,4.1071827327248815,435,125.0,85.0,0.29,275.0,
2025-01-17 07:31:36,283.0,47.0,285.0,63.0,282.0,165.0,286.0,55.0,284.0,2.0,212.0,118.0,3.5880287066846077,330,94.0,-105.0,0.28,283.0,2.0
2025-01-17 07:31:37,283.0,16.0,285.0,36.0,282.0,90.0,286.0,30.0,284.0,2.0,106.0,66.0,1.2860598741863556,172,40.0,-158.0,0.23,283.0,2.0
2025-01-17 07:31:38,283.0,14.0,284.88,82.0,282.0,210.0,285.83,72.0,283.94,1.8799999999999957,224.0,154.0,0.2172095761979623,378,70.0,173.5,0.19,283.0,
2025-01-17 07:31:39,282.14,81.0,283.94,80.0,281.68,170.0,285.72,83.0,283.04,1.8000000000000114,251.0,163.0,0.4078234912215324,414,88.0,36.0,0.21,282.5,2.0
2025-01-17 07:31:40,282.0,156.0,288.22,118.0,271.0,14.0,298.57,84.0,285.11,6.220000000000027,170.0,202.0,0.7341117081153455,372,-32.0,-42.0,-0.09,282.0,5.0
2025-01-17 07:31:41,282.5,90.0,290.0,154.0,277.88,82.0,397.59,39.0,286.25,7.5,172.0,193.0,1.2374045417695414,365,-21.0,-7.0,-0.06,282.0,
2025-01-17 07:31:42,283.0,90.0,289.42,78.0,272.53,79.0,302.5,96.0,286.21,6.420000000000016,169.0,174.0,1.4109748403113826,343,-5.0,-22.0,-0.01,282.0,
2025-01-17 07:31:43,283.0,102.0,287.97,58.0,275.0,28.0,289.01,74.0,285.48,4.970000000000027,130.0,132.0,1.310827982609326,262,-2.0,-81.0,-0.01,283.0,1.0
2025-01-17 07:31:44,283.0,103.0,284.94,47.0,275.0,34.0,286.71,82.0,283.97,1.9399999999999975,137.0,129.0,0.9372726390925796,266,8.0,4.0,0.03,283.0,4.0
2025-01-17 07:31:45,283.0,31.0,285.81,58.0,275.0,28.0,288.27,26.0,284.41,2.8100000000000023,59.0,84.0,1.0389321440746748,143,-25.0,-123.0,-0.17,283.0,1.0
2025-01-17 07:31:46,283.0,16.0,285.0,40.0,275.0,16.0,292.25,20.0,284.0,2.0,32.0,60.0,0.9912769542321376,92,-28.0,-51.0,-0.3,283.0,
2025-01-17 07:31:47,279.36,22.0,286.88,40.0,272.47,77.0,294.0,20.0,283.12,7.519999999999982,99.0,60.0,0.8575721543939916,159,39.0,67.0,0.25,283.0,2.0
2025-01-17 07:31:48,272.75,48.0,293.25,24.0,271.86,84.0,294.8,10.0,283.0,20.5,132.0,34.0,0.6110237311202525,166,98.0,7.0,0.59,274.0,3.0
2025-01-17 07:31:49,272.0,192.0,290.88,48.0,270.0,32.0,295.0,16.0,281.44,18.879999999999995,224.0,64.0,1.1454169546467698,288,160.0,122.0,0.56,274.0,
2025-01-17 07:31:50,272.33,57.0,288.87,45.0,271.86,116.0,292.75,16.0,280.6,16.54000000000002,173.0,61.0,1.3779404921811695,234,112.0,-54.0,0.48,274.0,
2025-01-17 07:31:51,275.83,12.0,287.52,29.0,273.76,111.0,288.62,56.0,281.68,11.689999999999998,123.0,85.0,1.0753232072231338,208,38.0,-26.0,0.18,274.0,
2025-01-17 07:31:52,274.17,12.0,286.78,18.0,271.09,11.0,287.95,38.0,280.47,12.609999999999957,23.0,56.0,1.0170644030703355,79,-33.0,-129.0,-0.42,277.0,1.0
2025-01-17 07:31:53,273.0,10.0,284.15,27.0,270.0,10.0,285.73,22.0,278.57,11.149999999999975,20.0,49.0,1.2245693120412375,69,-29.0,-10.0,-0.42,277.0,
2025-01-17 07:31:54,276.16,43.0,283.0,42.0,272.46,24.0,285.0,28.0,279.58,6.839999999999975,67.0,70.0,1.1686102857639384,137,-3.0,68.0,-0.02,277.0,
2025-01-17 07:31:55,276.02,46.0,283.65,31.0,269.55,55.0,285.53,19.0,279.83,7.6299999999999955,101.0,50.0,1.150013043401386,151,51.0,14.0,0.34,282.0,3.0
2025-01-17 07:31:56,277.0,50.0,285.0,20.0,269.32,38.0,287.0,10.0,281.0,8.0,88.0,30.0,0.9233904916086942,118,58.0,-33.0,0.49,282.0,
2025-01-17 07:31:57,281.0,40.0,285.29,14.0,273.92,12.0,287.85,26.0,283.14,4.2900000000000205,52.0,40.0,1.7472063415616157,92,12.0,-26.0,0.13,282.0,
2025-01-17 07:31:58,278.5,60.0,285.48,23.0,274.5,20.0,287.47,38.0,281.99,6.980000000000018,80.0,61.0,1.4905267525250578,141,19.0,49.0,0.13,281.0,5.0
2025-01-17 07:31:59,278.0,30.0,284.0,12.0,271.0,6.0,288.31,26.0,281.0,6.0,36.0,38.0,1.240995568079437,74,-2.0,-67.0,-0.03,281.0,
2025-01-17 07:32:00,278.0,56.0,284.0,24.0,270.3,23.0,289.0,72.0,281.0,6.0,79.0,96.0,0.9487254608118836,175,-17.0,101.0,-0.1,278.0,4.0
2025-01-17 07:32:01,278.38,16.0,284.0,26.0,269.44,34.0,289.0,78.0,281.19,5.6200000000000045,50.0,104.0,0.9207768459256094,154,-54.0,-21.0,-0.35,278.0,
2025-01-17 07:32:02,279.7,33.0,283.79,28.0,278.96,23.0,289.0,84.0,281.74,4.090000000000032,56.0,112.0,0.4545657268127405,168,-56.0,14.0,-0.33,278.0,
2025-01-17 07:32:03,281.0,30.0,286.83,48.0,280.0,45.0,290.61,93.0,283.92,5.829999999999984,75.0,141.0,1.2395160345847331,216,-66.0,48.0,-0.31,278.0,
2025-01-17 07:32:04,282.08,26.0,287.06,64.0,280.0,39.0,289.41,44.0,284.57,4.980000000000018,65.0,108.0,1.6464902064671905,173,-43.0,-43.0,-0.25,278.0,
2025-01-17 07:32:05,283.7,20.0,287.0,60.0,280.9,30.0,290.0,40.0,285.35,3.300000000000012,50.0,100.0,1.807686366600154,150,-50.0,-23.0,-0.33,278.0,
2025-01-17 07:32:06,284.0,30.0,286.0,30.0,283.0,45.0,287.0,52.0,285.0,2.0,75.0,82.0,1.4312686679976458,157,-7.0,7.0,-0.04,278.0,
2025-01-17 07:32:07,283.67,27.0,287.33,30.0,281.75,36.0,289.85,39.0,285.5,3.659999999999968,63.0,69.0,0.6396639742798272,132,-6.0,-25.0,-0.05,284.0,2.0
2025-01-17 07:32:08,283.0,36.0,290.0,48.0,278.0,36.0,292.0,12.0,286.5,7.0,72.0,60.0,0.7193955796300675,132,12.0,0.0,0.09,284.0,
2025-01-17 07:32:09,283.0,19.0,287.96,28.0,278.0,39.0,292.9,40.0,285.48,4.95999999999998,58.0,68.0,0.5592673779072236,126,-10.0,-6.0,-0.08,283.0,2.0
2025-01-17 07:32:10,281.0,10.0,284.92,38.0,276.59,34.0,287.23,22.0,282.96,3.920000000000016,44.0,60.0,1.3089385012258643,104,-16.0,-22.0,-0.15,279.67,3.0
2025-01-17 07:32:11,275.23,39.0,284.0,15.0,272.34,106.0,285.0,75.0,279.62,8.769999999999982,145.0,90.0,2.7818914428841093,235,55.0,131.0,0.23,276.5,2.0
2025-01-17 07:32:12,274.45,31.0,282.12,16.0,273.54,46.0,286.53,36.0,278.29,7.670000000000016,77.0,52.0,3.573723548344554,129,25.0,-106.0,0.19,274.14,7.0
2025-01-17 07:32:13,269.38,32.0,278.82,38.0,169.2,54.0,280.21,28.0,274.1,9.439999999999998,86.0,66.0,4.376928146542195,152,20.0,23.0,0.13,272.83,6.0
2025-01-17 07:32:14,269.0,20.0,284.58,19.0,175.24,42.0,286.41,46.0,276.79,15.579999999999984,62.0,65.0,3.292593202931976,127,-3.0,-25.0,-0.02,277.75,4.0
2025-01-17 07:32:15,272.25,32.0,285.17,58.0,232.86,63.0,293.44,68.0,278.71,12.920000000000016,95.0,126.0,2.159090086122898,221,-31.0,94.0,-0.14,277.75,
2025-01-17 07:32:16,282.0,28.0,285.0,35.0,267.29,14.0,287.0,31.0,283.5,3.0,42.0,66.0,3.4324146019957924,108,-24.0,-113.0,-0.22,277.75,
2025-01-17 07:32:17,282.0,40.0,285.0,50.0,269.62,52.0,287.0,13.0,283.5,3.0,92.0,63.0,4.1522945463916265,155,29.0,47.0,0.19,277.75,
2025-01-17 07:32:18,282.0,32.0,285.0,40.0,275.0,48.0,287.0,32.0,283.5,3.0,80.0,72.0,3.221730901238222,152,8.0,-3.0,0.05,277.75,
2025-01-17 07:32:19,282.0,40.0,286.15,40.0,275.0,60.0,308.26,35.0,284.07,4.149999999999977,100.0,75.0,2.2196463682291645,175,25.0,23.0,0.14,285.0,5.0
2025-01-17 07:32:20,282.4,53.0,286.07,43.0,276.4,60.0,287.03,32.0,284.23,3.670000000000016,113.0,75.0,0.3604857833431786,188,38.0,13.0,0.2,285.0,
2025-01-17 07:32:21,283.0,122.0,285.86,42.0,282.0,56.0,287.07,42.0,284.43,2.8600000000000136,178.0,84.0,0.4266497392387433,262,94.0,74.0,0.36,285.0,
2025-01-17 07:32:22,283.0,114.0,284.0,18.0,282.0,24.0,287.0,9.0,283.5,1.0,138.0,27.0,0.4266497392387433,165,111.0,-97.0,0.67,285.0,
2025-01-17 07:32:23,283.0,222.0,284.0,36.0,282.0,48.0,287.0,12.0,283.5,1.0,270.0,48.0,0.4266497392387433,318,222.0,153.0,0.7,283.0,1.0
2025-01-17 07:32:24,283.0,84.0,284.91,11.0,282.0,20.0,290.6,5.0,283.95,1.910000000000025,104.0,16.0,0.4212718836956684,120,88.0,-174.5,0.73,283.0,3.0
2025-01-17 07:32:25,283.0,135.0,289.0,9.0,281.64,59.0,291.27,11.0,286.0,6.0,194.0,20.0,1.0376078257185566,214,174.0,94.0,0.81,283.0,
2025-01-17 07:32:26,283.0,118.0,289.0,8.0,282.0,96.0,291.0,32.0,286.0,6.0,214.0,40.0,1.3001922934674988,254,174.0,40.0,0.69,283.0,2.0
2025-01-17 07:32:27,283.0,78.0,289.0,6.0,282.0,72.0,291.0,24.0,286.0,6.0,150.0,30.0,1.256184699792229,180,120.0,-74.0,0.67,283.0,
2025-01-17 07:32:28,283.0,112.0,289.0,9.0,282.0,108.0,291.0,36.0,286.0,6.0,220.0,45.0,0.916787870770502,265,175.0,85.0,0.66,283.0,1.0
2025-01-17 07:32:29,283.14,56.0,289.0,8.0,282.5,96.0,291.0,32.0,286.07,5.860000000000014,152.0,40.0,0.0313049515532402,192,112.0,-73.0,0.58,283.0,
2025-01-17 07:32:30,284.0,14.0,289.0,7.0,283.0,84.0,291.0,28.0,286.5,5.0,98.0,35.0,0.2178990591804311,133,63.0,-59.0,0.47,283.0,
2025-01-17 07:32:31,284.0,22.0,289.0,11.0,283.0,132.0,291.0,44.0,286.5,5.0,154.0,55.0,0.2626404386070171,209,99.0,76.0,0.47,283.0,
2025-01-17 07:32:32,283.11,37.0,289.0,5.0,282.4,60.0,291.0,20.0,286.05,5.889999999999986,97.0,25.0,0.2532390175144458,122,72.0,-87.0,0.59,283.67,3.0
2025-01-17 07:32:33,283.0,88.0,289.0,8.0,282.0,96.0,291.0,32.0,286.0,6.0,184.0,40.0,0.2532390175144458,224,144.0,102.0,0.64,283.67,
2025-01-17 07:32:34,283.0,74.0,288.2,15.0,282.0,84.0,290.5,16.0,285.6,5.199999999999989,158.0,31.0,0.3801315561640502,189,127.0,-35.0,0.67,283.67,
2025-01-17 07:32:35,283.0,72.0,286.4,15.0,282.0,108.0,287.86,21.0,284.7,3.3999999999999773,180.0,36.0,0.6778642931972468,216,144.0,27.0,0.67,283.67,
2025-01-17 07:32:36,283.0,184.0,285.75,24.0,282.0,144.0,286.25,24.0,284.38,2.75,328.0,48.0,0.7645783151462537,376,280.0,160.0,0.74,283.67,
2025-01-17 07:32:37,283.0,240.0,285.33,39.0,282.0,180.0,291.39,56.0,284.17,2.329999999999984,420.0,95.0,0.7935363885745468,515,325.0,139.0,0.63,283.0,1.0
2025-01-17 07:32:38,283.0,76.0,292.75,32.0,282.0,108.0,295.86,42.0,287.88,9.75,184.0,74.0,1.5181501901959082,258,110.0,-174.5,0.43,283.0,5.0
2025-01-17 07:32:39,283.0,81.0,294.0,36.0,282.0,108.0,297.15,41.0,288.5,11.0,189.0,77.0,2.086882842900336,266,112.0,8.0,0.42,283.0,
2025-01-17 07:32:40,283.0,121.0,292.91,22.0,282.0,168.0,293.78,32.0,287.95,9.910000000000023,289.0,54.0,2.1154975774015137,343,235.0,77.0,0.69,283.0,5.0
2025-01-17 07:32:41,283.0,28.0,292.0,7.0,282.0,84.0,293.73,22.0,287.5,9.0,112.0,29.0,1.7310257074900806,141,83.0,-174.5,0.59,283.0,
2025-01-17 07:32:42,283.0,32.0,292.0,40.0,282.0,96.0,298.0,24.0,287.5,9.0,128.0,64.0,0.4114365078495244,192,64.0,51.0,0.33,283.0,
2025-01-17 07:32:43,283.0,52.0,292.0,65.0,282.0,156.0,298.0,39.0,287.5,9.0,208.0,104.0,0.4421538193789903,312,104.0,120.0,0.33,283.0,
2025-01-17 07:32:44,282.54,39.0,292.0,60.0,280.97,110.0,298.0,36.0,287.27,9.45999999999998,149.0,96.0,0.247850761530944,245,53.0,-67.0,0.22,282.6,5.0
2025-01-17 07:32:45,283.0,26.0,292.0,60.0,281.36,28.0,298.0,36.0,287.5,9.0,54.0,96.0,0.1028591269235758,150,-42.0,-95.0,-0.28,282.6,
2025-01-17 07:32:46,283.0,39.0,292.0,25.0,282.0,13.0,298.0,42.0,287.5,9.0,52.0,67.0,0.1028591269235758,119,-15.0,-31.0,-0.13,282.6,
2025-01-17 07:32:47,283.0,33.0,292.0,22.0,282.0,11.0,298.0,39.0,287.5,9.0,44.0,61.0,0.1028591269235758,105,-17.0,-14.0,-0.16,282.6,
2025-01-17 07:32:48,283.0,45.0,291.2,41.0,282.0,15.0,293.9,41.0,287.1,8.199999999999989,60.0,82.0,0.1827019430424682,142,-22.0,37.0,-0.15,282.6,
2025-01-17 07:32:49,283.0,32.0,291.0,36.0,282.0,12.0,292.0,27.0,287.0,8.0,44.0,63.0,0.2489979919427053,107,-19.0,-35.0,-0.18,283.0,1.0
2025-01-17 07:32:50,283.0,16.0,290.25,24.0,282.0,8.0,292.0,11.0,286.62,7.25,24.0,35.0,0.3710525569128007,59,-11.0,-48.0,-0.19,283.0,
2025-01-17 07:32:51,283.0,30.0,289.0,45.0,282.0,15.0,291.22,18.0,286.0,6.0,45.0,63.0,0.566286146741704,108,-18.0,49.0,-0.17,283.0,
2025-01-17 07:32:52,283.0,26.0,287.54,39.0,282.0,13.0,290.0,13.0,285.27,4.5400000000000205,39.0,52.0,0.7640811475174779,91,-13.0,-17.0,-0.14,283.0,
2025-01-17 07:32:53,281.0,21.0,286.0,27.0,278.0,72.0,290.44,9.0,283.5,5.0,93.0,36.0,1.3828304306716852,129,57.0,38.0,0.44,281.56,9.0
2025-01-17 07:32:54,281.0,13.0,285.69,39.0,278.0,104.0,291.0,13.0,283.35,4.689999999999998,117.0,52.0,1.47107783614314,169,65.0,40.0,0.38,281.56,
2025-01-17 07:32:55,281.0,9.0,284.11,27.0,278.0,72.0,291.0,9.0,282.56,3.1100000000000136,81.0,36.0,1.437577823977376,117,45.0,-52.0,0.38,281.56,
2025-01-17 07:32:56,281.0,13.0,283.23,39.0,278.0,104.0,284.64,33.0,282.12,2.230000000000018,117.0,72.0,1.2088631022541207,189,45.0,72.0,0.24,281.56,
2025-01-17 07:32:57,278.54,39.0,282.83,29.0,277.21,76.0,283.82,33.0,280.68,4.289999999999964,115.0,62.0,1.1364506148493028,177,53.0,-12.0,0.3,281.0,1.0
2025-01-17 07:32:58,278.0,107.0,280.62,48.0,275.0,80.0,282.31,48.0,279.31,2.6200000000000045,187.0,96.0,1.6081759853919249,283,91.0,106.0,0.32,278.0,3.0
2025-01-17 07:32:59,278.0,47.0,279.0,39.0,275.0,65.0,281.44,27.0,278.5,1.0,112.0,66.0,1.7483363520762225,178,46.0,-105.0,0.26,278.0,3.0
2025-01-17 07:33:00,278.0,26.0,279.0,39.0,275.0,65.0,285.46,13.0,278.5,1.0,91.0,52.0,1.563208239484131,143,39.0,-35.0,0.27,278.0,
2025-01-17 07:33:01,276.5,52.0,280.25,32.0,274.62,74.0,287.36,14.0,278.38,3.75,126.0,46.0,0.9715348681292822,172,80.0,29.0,0.47,278.0,2.0
2025-01-17 07:33:02,276.67,108.0,286.45,22.0,275.04,57.0,287.77,13.0,281.56,9.779999999999973,165.0,35.0,1.3436517405901742,200,130.0,28.0,0.65,278.0,
2025-01-17 07:33:03,278.67,36.0,284.43,28.0,276.52,63.0,285.86,21.0,281.55,5.759999999999991,99.0,49.0,1.6959127336013209,148,50.0,-52.0,0.34,278.0,
2025-01-17 07:33:04,282.2,40.0,284.48,29.0,275.51,84.0,285.95,59.0,283.34,2.2800000000000296,124.0,88.0,2.159185031439247,212,36.0,64.0,0.17,284.0,5.0
2025-01-17 07:33:05,282.27,33.0,284.0,15.0,277.0,42.0,286.08,48.0,283.14,1.7300000000000182,75.0,63.0,1.985668653122053,138,12.0,-74.0,0.09,283.0,3.0
2025-01-17 07:33:06,277.1,42.0,281.87,15.0,275.39,31.0,283.53,15.0,279.48,4.769999999999982,73.0,30.0,1.554728272075735,103,43.0,-35.0,0.42,279.0,5.0
2025-01-17 07:33:07,275.0,17.0,279.82,17.0,272.82,17.0,281.0,17.0,277.41,4.819999999999993,34.0,34.0,2.527593717350828,68,0.0,-35.0,0.0,279.0,
2025-01-17 07:33:08,275.59,27.0,277.16,19.0,273.84,19.0,281.0,19.0,276.38,1.57000000000005,46.0,38.0,3.2049024946152738,84,8.0,16.0,0.1,279.0,
2025-01-17 07:33:09,276.0,26.0,281.94,34.0,275.0,13.0,284.57,58.0,278.97,5.939999999999998,39.0,92.0,2.5852717458694925,131,-53.0,47.0,-0.4,279.0,2.0
2025-01-17 07:33:10,277.67,24.0,281.0,24.0,275.0,12.0,286.0,60.0,279.33,3.329999999999984,36.0,84.0,1.3582820031167844,120,-48.0,-11.0,-0.4,279.0,
2025-01-17 07:33:11,278.21,28.0,281.0,26.0,275.8,15.0,286.73,55.0,279.61,2.7900000000000205,43.0,81.0,1.3871193171428853,124,-38.0,4.0,-0.31,281.0,2.0
2025-01-17 07:33:12,279.0,42.0,286.44,63.0,278.0,28.0,288.54,35.0,282.72,7.439999999999998,70.0,98.0,2.2570268053329,168,-28.0,44.0,-0.17,281.0,
2025-01-17 07:33:13,280.85,59.0,286.0,65.0,278.0,26.0,288.0,52.0,283.42,5.149999999999977,85.0,117.0,2.090227260369428,202,-32.0,34.0,-0.16,281.0,5.0
2025-01-17 07:33:14,281.53,38.0,286.0,55.0,279.67,27.0,288.0,44.0,283.76,4.470000000000027,65.0,99.0,2.133323697892952,164,-34.0,-38.0,-0.21,281.0,
2025-01-17 07:33:15,282.33,42.0,286.0,60.0,280.45,33.0,288.0,48.0,284.17,3.670000000000016,75.0,108.0,1.826534970919488,183,-33.0,19.0,-0.18,282.6,5.0
2025-01-17 07:33:16,281.0,22.0,286.0,55.0,278.0,22.0,288.0,44.0,283.5,5.0,44.0,99.0,0.5315825429714566,143,-55.0,-40.0,-0.38,282.6,
2025-01-17 07:33:17,281.0,14.0,286.0,35.0,278.0,14.0,288.0,28.0,283.5,5.0,28.0,63.0,0.307571129971645,91,-35.0,-52.0,-0.38,279.5,4.0
2025-01-17 07:33:18,276.55,29.0,285.21,70.0,268.21,66.0,287.58,95.0,280.88,8.659999999999968,95.0,165.0,1.3047681786401786,260,-70.0,169.0,-0.27,276.0,5.0
2025-01-17 07:33:19,278.75,16.0,285.0,40.0,275.0,8.0,288.0,72.0,281.88,6.25,24.0,112.0,1.359110002903373,136,-88.0,-124.0,-0.65,276.0,
2025-01-17 07:33:20,279.0,29.0,287.33,82.0,275.0,19.0,293.4,139.0,283.16,8.329999999999984,48.0,221.0,1.1628757457235066,269,-173.0,133.0,-0.64,279.0,1.0
2025-01-17 07:33:21,280.12,16.0,283.39,64.0,275.0,16.0,286.18,102.0,281.76,3.269999999999982,32.0,166.0,1.0774414137167785,198,-134.0,-71.0,-0.68,279.0,
2025-01-17 07:33:22,272.84,25.0,282.87,39.0,270.32,53.0,283.52,27.0,277.86,10.03000000000003,78.0,66.0,1.989552713549425,144,12.0,-54.0,0.08,276.0,3.0
2025-01-17 07:33:23,271.0,8.0,280.75,8.0,270.0,64.0,283.0,40.0,275.88,9.75,72.0,48.0,3.086797693401981,120,24.0,-24.0,0.2,276.0,
2025-01-17 07:33:24,271.0,14.0,278.57,42.0,270.0,112.0,284.51,61.0,274.79,7.569999999999993,126.0,103.0,3.646943926082723,229,23.0,109.0,0.1,276.0,
2025-01-17 07:33:25,270.41,51.0,275.55,44.0,269.11,135.0,283.74,68.0,272.98,5.139999999999986,186.0,112.0,3.357734355185285,298,74.0,69.0,0.25,272.45,11.0
2025-01-17 07:33:26,273.14,28.0,275.14,14.0,270.0,42.0,286.0,70.0,274.14,2.0,70.0,84.0,1.852943604104444,154,-14.0,-144.0,-0.09,272.45,
2025-01-17 07:33:27,269.46,37.0,281.88,16.0,267.8,90.0,286.5,40.0,275.67,12.420000000000016,127.0,56.0,1.1845969778754053,183,71.0,29.0,0.39,274.0,2.0
2025-01-17 07:33:28,268.0,182.0,285.88,24.0,265.0,36.0,287.38,52.0,276.94,17.879999999999995,218.0,76.0,1.5025411807972362,294,142.0,111.0,0.48,274.0,
2025-01-17 07:33:29,268.0,294.0,283.96,45.0,265.0,42.0,285.83,71.0,275.98,15.95999999999998,336.0,116.0,1.5725838610362128,452,220.0,158.0,0.49,274.0,
2025-01-17 07:33:30,268.0,231.0,283.97,62.0,265.0,33.0,284.89,56.0,275.98,15.970000000000027,264.0,118.0,1.0148990097500272,382,146.0,-70.0,0.38,274.0,
2025-01-17 07:33:31,268.0,273.0,284.0,75.0,265.0,39.0,285.77,65.0,276.0,16.0,312.0,140.0,0.4817468214649165,452,172.0,70.0,0.38,274.0,
2025-01-17 07:33:32,269.95,83.0,282.36,66.0,268.04,160.0,284.29,70.0,276.16,12.410000000000023,243.0,136.0,0.413908202372878,379,107.0,-73.0,0.28,274.0,
2025-01-17 07:33:33,271.58,66.0,280.24,68.0,269.27,60.0,284.0,85.0,275.91,8.660000000000025,126.0,153.0,0.0926282893698125,279,-27.0,-100.0,-0.1,274.0,
2025-01-17 07:33:34,272.0,9.0,280.0,36.0,271.0,18.0,284.0,45.0,276.0,8.0,27.0,81.0,0.0916515138531667,108,-54.0,-171.0,-0.5,274.0,
2025-01-17 07:33:35,266.62,29.0,280.0,28.0,264.32,38.0,284.0,35.0,273.31,13.379999999999995,67.0,63.0,1.2141787347799058,130,4.0,22.0,0.03,270.5,4.0
2025-01-17 07:33:36,266.0,78.0,278.57,49.0,263.0,91.0,282.13,61.0,272.29,12.569999999999991,169.0,110.0,1.804170169355402,279,59.0,149.0,0.21,270.5,
2025-01-17 07:33:37,266.0,84.0,275.77,44.0,263.0,98.0,276.75,48.0,270.89,9.769999999999982,182.0,92.0,2.2476877007253733,274,90.0,-5.0,0.33,275.0,2.0
2025-01-17 07:33:49,272.11,9.0,274.94,35.0,269.0,27.0,277.82,85.0,273.53,2.829999999999984,36.0,120.0,3.1672827470866696,156,-84.0,36.0,-0.54,274.0,2.0
2025-01-17 07:33:50,269.68,25.0,275.0,37.0,261.43,61.0,278.0,110.0,272.34,5.319999999999993,86.0,147.0,1.9550959055742516,233,-61.0,77.0,-0.26,275.0,1.0
2025-01-17 07:33:59,267.0,48.0,276.0,66.0,259.76,25.0,277.0,13.0,271.5,9.0,73.0,79.0,0.9863417257689676,152,-6.0,17.0,-0.04,275.0,
2025-01-17 07:34:00,268.57,14.0,275.83,24.0,267.88,25.0,276.4,10.0,272.2,7.259999999999991,39.0,34.0,1.367289289065398,73,5.0,-79.0,0.07,275.33,6.0
2025-01-17 07:34:01,269.0,22.0,274.9,42.0,267.36,66.0,276.29,45.0,271.95,5.899999999999977,88.0,87.0,1.3645988421485054,175,1.0,102.0,0.01,275.33,
2025-01-17 07:34:08,267.75,40.0,276.55,44.0,263.67,90.0,289.19,54.0,272.15,8.800000000000011,130.0,98.0,1.9699314708874816,228,32.0,22.0,0.14,273.65,17.0
2025-01-17 07:34:09,268.46,26.0,277.0,52.0,261.5,109.0,316.62,52.0,272.73,8.54000000000002,135.0,104.0,2.589542430622237,239,31.0,11.0,0.13,273.65,
2025-01-17 07:34:10,269.0,16.0,277.0,32.0,263.0,72.0,290.08,26.0,273.0,8.0,88.0,58.0,2.4590994286512413,146,30.0,-93.0,0.21,273.65,
2025-01-17 07:34:11,273.4,10.0,277.0,20.0,270.6,10.0,283.0,15.0,275.2,3.6000000000000227,20.0,35.0,2.293671728908211,55,-15.0,-91.0,-0.27,273.65,
2025-01-17 07:34:12,274.0,22.0,277.29,42.0,265.64,44.0,284.69,32.0,275.64,3.2900000000000205,66.0,74.0,1.5682251113895072,140,-8.0,85.0,-0.06,278.2,5.0
2025-01-17 07:34:13,274.0,14.0,281.86,14.0,267.0,7.0,400.0,18.0,277.93,7.860000000000014,21.0,32.0,2.1294013243145438,53,-11.0,-87.0,-0.21,278.2,
2025-01-17 07:34:14,275.29,28.0,278.0,28.0,269.82,17.0,280.14,28.0,276.64,2.7099999999999795,45.0,56.0,1.830196710736984,101,-11.0,48.0,-0.11,278.2,
2025-01-17 07:34:15,275.13,23.0,278.17,24.0,267.38,21.0,281.5,24.0,276.65,3.0400000000000205,44.0,48.0,1.058050093328497,92,-4.0,-9.0,-0.04,276.0,2.0
2025-01-17 07:34:16,268.0,12.0,281.0,24.0,265.0,108.0,287.0,24.0,274.5,13.0,120.0,48.0,1.28127670703578,168,72.0,76.0,0.43,276.0,
2025-01-17 07:35:21,271.73,75.0,363.89,38.0,270.65,43.0,427.81,69.0,317.81,92.15999999999995,118.0,107.0,21.82635677340563,225,11.0,71.0,0.05,273.75,4.0
2025-01-17 07:35:22,276.07,28.0,398.33,15.0,274.93,41.0,400.73,55.0,337.2,122.26,69.0,70.0,32.56390056488914,139,-1.0,-86.0,-0.01,276.17,6.0
2025-01-17 07:35:23,276.0,42.0,395.36,14.0,275.0,16.0,397.0,14.0,335.68,119.36,58.0,28.0,33.794931276746,86,30.0,-53.0,0.35,276.17,
2025-01-17 07:35:24,277.73,33.0,379.38,24.0,276.64,33.0,386.93,15.0,328.55,101.64999999999998,66.0,39.0,27.24724444783329,105,27.0,19.0,0.26,276.17,
2025-01-17 07:35:25,278.51,43.0,299.37,27.0,276.89,38.0,338.35,34.0,288.94,20.860000000000014,81.0,61.0,19.817556105634736,142,20.0,37.0,0.14,278.0,1.0
2025-01-17 07:35:26,280.25,48.0,290.0,12.0,279.0,60.0,292.0,12.0,285.12,9.75,108.0,24.0,25.8650095689134,132,84.0,-10.0,0.64,278.0,
2025-01-17 07:35:27,281.45,88.0,287.15,26.0,279.63,92.0,288.33,27.0,284.3,5.699999999999989,180.0,53.0,25.37878681103539,233,127.0,101.0,0.55,282.0,1.0
2025-01-17 07:35:28,280.53,57.0,284.0,28.0,277.89,74.0,285.0,14.0,282.26,3.4700000000000277,131.0,42.0,19.557225774633416,173,89.0,-60.0,0.51,281.43,7.0
2025-01-17 07:35:29,278.0,75.0,283.73,30.0,275.8,30.0,284.58,19.0,280.87,5.730000000000018,105.0,49.0,3.087413156671291,154,56.0,-19.0,0.36,281.43,
2025-01-17 07:35:30,278.0,36.0,280.88,17.0,275.0,18.0,282.54,13.0,279.44,2.8799999999999955,54.0,30.0,2.3521522059567466,84,24.0,-70.0,0.29,278.0,3.0
2025-01-17 07:35:31,278.0,20.0,280.5,20.0,275.79,38.0,376.08,13.0,279.25,2.5,58.0,33.0,2.105927349171207,91,25.0,7.0,0.27,280.33,3.0
2025-01-17 07:35:32,278.0,22.0,280.18,22.0,276.0,55.0,511.88,26.0,279.09,2.180000000000007,77.0,48.0,1.360430079051237,125,29.0,34.0,0.23,280.33,
2025-01-17 07:35:33,278.87,92.0,280.0,32.0,276.8,50.0,528.61,28.0,279.43,1.1299999999999957,142.0,60.0,0.7156675205620211,202,82.0,77.0,0.41,280.33,
2025-01-17 07:35:34,279.0,88.0,280.0,19.0,278.0,22.0,456.36,11.0,279.5,1.0,110.0,30.0,0.1690266250843938,140,80.0,-62.0,0.57,280.0,1.0
2025-01-17 07:35:35,279.0,41.0,371.5,10.0,278.0,20.0,637.0,10.0,325.25,92.5,61.0,20.0,20.542260829810985,81,41.0,-59.0,0.51,279.0,5.0
2025-01-17 07:35:36,276.0,18.0,361.5,6.0,275.0,42.0,631.67,6.0,318.75,85.5,60.0,12.0,23.479096660646608,72,48.0,-9.0,0.67,278.6,5.0
2025-01-17 07:35:37,276.0,18.0,344.0,6.0,275.0,42.0,365.0,6.0,310.0,68.0,60.0,12.0,21.78911953246359,72,48.0,0.0,0.67,278.6,
2025-01-17 07:35:38,275.1,31.0,348.2,5.0,274.37,19.0,407.6,5.0,311.65,73.09999999999997,50.0,10.0,17.588298667011156,60,40.0,-12.0,0.67,278.6,
2025-01-17 07:35:39,275.0,35.0,370.6,5.0,274.0,15.0,527.6,5.0,322.8,95.60000000000002,50.0,10.0,6.708334368528967,60,40.0,0.0,0.67,278.6,
2025-01-17 07:35:40,275.56,32.0,425.38,8.0,274.89,46.0,527.38,8.0,350.47,149.82,78.0,16.0,16.356742646382468,94,62.0,34.0,0.66,278.6,
2025-01-17 07:35:41,275.07,45.0,422.0,8.0,274.07,15.0,591.25,8.0,348.53,146.93,60.0,16.0,19.63646989659767,76,44.0,-18.0,0.58,275.6,5.0
2025-01-17 07:35:42,275.0,42.0,303.0,7.0,273.0,7.0,428.86,7.0,289.0,28.0,49.0,14.0,25.885052636608386,63,35.0,-13.0,0.56,275.6,
2025-01-17 07:35:43,282.05,59.0,334.83,6.0,274.33,6.0,511.5,6.0,308.44,52.77999999999997,65.0,12.0,26.3192889341636,77,53.0,14.0,0.69,275.0,5.0
2025-01-17 07:35:45,283.0,58.0,392.42,19.0,275.0,36.0,527.0,7.0,337.71,109.42000000000002,94.0,26.0,40.666505013339744,120,68.0,-10.0,0.57,283.0,1.0
2025-01-17 07:35:48,283.05,110.0,432.6,20.0,277.0,96.0,486.13,30.0,357.83,149.55,206.0,50.0,23.747903696957952,256,156.0,24.0,0.61,283.75,4.0
2025-01-17 07:35:49,283.0,110.0,389.8,10.0,275.0,80.0,575.3,20.0,336.4,106.8,190.0,30.0,24.1179441495329,220,160.0,-36.0,0.73,283.75,
2025-01-17 07:35:52,282.33,45.0,372.12,16.0,281.61,61.0,597.38,8.0,327.23,89.79000000000002,106.0,24.0,66.52103975435135,130,82.0,31.0,0.63,282.75,4.0
2025-01-17 07:35:53,282.0,104.0,320.71,28.0,279.67,36.0,429.75,20.0,301.36,38.70999999999998,140.0,48.0,76.92782104024519,188,92.0,58.0,0.49,282.0,2.0
2025-01-17 07:35:54,282.0,96.0,298.91,44.0,281.0,132.0,300.9,40.0,290.45,16.910000000000025,228.0,84.0,85.25737299494976,312,144.0,124.0,0.46,282.0,
2025-01-17 07:35:55,282.0,112.0,285.2,45.0,281.0,154.0,287.51,53.0,283.6,3.1999999999999886,266.0,98.0,68.68784441223923,364,168.0,52.0,0.46,282.0,
2025-01-17 07:35:56,282.0,39.0,283.69,26.0,281.0,88.0,286.4,30.0,282.85,1.6899999999999975,127.0,56.0,18.40855426153778,183,71.0,-174.5,0.39,282.0,5.0
2025-01-17 07:35:57,281.0,47.0,282.67,18.0,278.0,10.0,285.88,16.0,281.83,1.670000000000016,57.0,34.0,8.192098021873244,91,23.0,-92.0,0.25,281.43,7.0
2025-01-17 07:35:58,281.0,59.0,283.58,33.0,278.0,18.0,329.0,10.0,282.29,2.579999999999984,77.0,43.0,3.5535165681306515,120,34.0,29.0,0.28,281.0,4.0
2025-01-17 07:35:59,281.0,12.0,325.0,8.0,278.0,8.0,326.0,4.0,303.0,44.0,20.0,12.0,9.128068251277456,32,8.0,-88.0,0.25,281.0,
2025-01-17 07:36:00,281.0,24.0,323.62,16.0,278.0,16.0,327.41,17.0,302.31,42.620000000000005,40.0,33.0,11.144639069973504,73,7.0,41.0,0.1,281.0,
2025-01-17 07:36:01,281.0,36.0,317.67,24.0,278.0,24.0,320.78,36.0,299.33,36.670000000000016,60.0,60.0,10.76325322567393,120,0.0,47.0,0.0,281.0,
2025-01-17 07:36:02,281.0,33.0,303.35,23.0,278.0,22.0,318.9,21.0,292.17,22.350000000000023,55.0,44.0,8.694481008086703,99,11.0,-21.0,0.11,281.0,
2025-01-17 07:36:03,281.0,30.0,317.0,10.0,278.0,20.0,318.0,20.0,299.0,36.0,50.0,30.0,4.289017369978886,80,20.0,-19.0,0.25,281.0,
2025-01-17 07:36:04,281.0,24.0,316.09,44.0,278.0,24.0,317.5,16.0,298.55,35.089999999999975,48.0,60.0,3.717071427882515,108,-12.0,28.0,-0.11,281.0,
2025-01-17 07:36:05,278.83,18.0,314.21,72.0,275.08,187.0,315.17,24.0,296.52,35.379999999999995,205.0,96.0,2.9717721985341563,301,109.0,173.5,0.36,280.0,3.0
2025-01-17 07:36:06,281.0,13.0,310.26,38.0,278.0,13.0,311.35,52.0,295.63,29.25999999999999,26.0,90.0,2.7330989736891143,116,-64.0,-174.5,-0.55,280.0,
2025-01-17 07:36:07,281.0,7.0,306.12,8.0,278.0,7.0,307.88,17.0,293.56,25.120000000000005,14.0,25.0,2.2213666964237504,39,-11.0,-77.0,-0.28,280.0,
2025-01-17 07:36:08,281.0,9.0,304.56,9.0,278.0,9.0,307.0,18.0,292.78,23.56,18.0,27.0,2.317297995506967,45,-9.0,6.0,-0.2,280.0,
2025-01-17 07:36:09,281.0,10.0,303.23,26.0,278.0,10.0,306.25,16.0,292.12,22.230000000000015,20.0,42.0,1.8807764354065608,62,-22.0,17.0,-0.35,280.0,
2025-01-17 07:36:10,281.88,56.0,300.43,58.0,279.5,14.0,302.03,39.0,291.15,18.55000000000001,70.0,97.0,1.69294713443176,167,-27.0,105.0,-0.16,280.0,
2025-01-17 07:36:11,282.0,65.0,294.11,28.0,281.0,10.0,295.76,34.0,288.05,12.110000000000014,75.0,62.0,2.138123008617789,137,13.0,-30.0,0.09,282.0,5.0
2025-01-17 07:36:12,282.0,32.0,286.94,63.0,281.0,18.0,288.46,56.0,284.47,4.939999999999998,50.0,119.0,3.4467274333751545,169,-69.0,32.0,-0.41,282.0,1.0
2025-01-17 07:36:13,279.13,23.0,282.68,41.0,276.34,79.0,284.05,63.0,280.91,3.550000000000012,102.0,104.0,4.675745929793589,206,-2.0,37.0,-0.01,280.25,4.0
2025-01-17 07:36:14,276.0,22.0,280.58,38.0,274.81,54.0,282.11,57.0,278.29,4.579999999999984,76.0,95.0,5.20218031213661,171,-19.0,-35.0,-0.11,275.56,9.0
2025-01-17 07:36:15,270.33,18.0,275.63,27.0,227.26,19.0,276.41,27.0,272.98,5.300000000000011,37.0,54.0,5.77490259657964,91,-17.0,-80.0,-0.19,275.0,1.0
2025-01-17 07:36:17,269.75,103.0,300.23,26.0,258.25,24.0,285.52,46.0,284.99,30.480000000000015,127.0,72.0,6.0086912052445065,199,55.0,102.0,0.28,274.86,7.0
2025-01-17 07:36:18,274.04,47.0,426.63,27.0,278.88,107.0,520.85,40.0,350.34,152.58999999999995,154.0,67.0,33.47537856395325,221,87.0,22.0,0.39,274.86,
2025-01-17 07:36:19,283.45,20.0,291.5,34.0,281.56,45.0,326.43,14.0,287.48,8.050000000000011,65.0,48.0,32.826552971641426,113,17.0,-108.0,0.15,284.5,2.0
2025-01-17 07:36:20,282.0,54.0,291.0,18.0,273.57,7.0,345.2,10.0,286.5,9.0,61.0,28.0,31.267927657585183,89,33.0,-24.0,0.37,284.5,
2025-01-17 07:36:21,282.07,72.0,290.08,36.0,280.77,44.0,339.57,42.0,286.08,8.009999999999991,116.0,78.0,28.670246249378124,194,38.0,105.0,0.2,282.0,2.0
2025-01-17 07:36:22,283.0,11.0,287.27,22.0,282.0,77.0,290.0,33.0,285.14,4.269999999999982,88.0,55.0,28.651892084118646,143,33.0,-51.0,0.23,282.0,
2025-01-17 07:36:23,282.3,20.0,284.5,24.0,281.73,44.0,286.0,16.0,283.4,2.1999999999999886,64.0,40.0,1.5455096246823872,104,24.0,-39.0,0.23,283.0,1.0
2025-01-17 07:36:24,282.0,45.0,283.42,36.0,276.0,11.0,285.28,25.0,282.71,1.420000000000016,56.0,61.0,1.655771723392525,117,-5.0,13.0,-0.04,282.0,4.0
2025-01-17 07:36:25,278.25,16.0,284.15,26.0,261.51,47.0,438.36,14.0,281.2,5.899999999999977,63.0,40.0,1.9402267908640487,103,23.0,-14.0,0.22,282.0,3.0
2025-01-17 07:36:26,274.2,15.0,280.75,16.0,271.0,56.0,437.17,12.0,277.48,6.550000000000011,71.0,28.0,2.889339024757603,99,43.0,-4.0,0.43,276.0,1.0
2025-01-17 07:36:27,273.0,72.0,276.64,14.0,181.25,24.0,311.83,18.0,274.82,3.6399999999999855,96.0,32.0,3.657064396478162,128,64.0,29.0,0.5,276.0,
2025-01-17 07:36:28,273.0,54.0,276.0,8.0,200.0,48.0,277.0,24.0,274.5,3.0,102.0,32.0,3.7066184049601127,134,70.0,6.0,0.52,273.0,5.0
2025-01-17 07:36:29,273.83,24.0,443.21,19.0,218.4,40.0,467.0,22.0,358.52,169.38,64.0,41.0,36.555714737917256,105,23.0,-29.0,0.22,276.75,4.0
2025-01-17 07:36:30,278.0,6.0,327.0,18.0,276.0,6.0,676.38,8.0,302.5,49.0,12.0,26.0,36.02985817346467,38,-14.0,-67.0,-0.37,276.75,
2025-01-17 07:36:31,278.0,5.0,327.0,15.0,276.0,5.0,365.0,10.0,302.5,49.0,10.0,25.0,34.23594485332597,35,-15.0,-3.0,-0.43,276.75,
2025-01-17 07:36:32,278.0,5.0,337.36,11.0,276.0,5.0,439.5,8.0,307.68,59.360000000000014,10.0,19.0,30.53123318832656,29,-9.0,-6.0,-0.31,276.75,
2025-01-17 07:36:33,274.0,20.0,292.75,8.0,272.0,12.0,393.33,12.0,283.38,18.75,32.0,20.0,28.180232078532857,52,12.0,23.0,0.23,277.0,2.0
2025-01-17 07:36:34,273.0,20.0,299.0,5.0,127.0,14.0,601.0,5.0,286.0,26.0,34.0,10.0,10.94689545030831,44,24.0,-8.0,0.55,277.0,
2025-01-17 07:36:35,280.35,26.0,379.5,8.0,275.0,20.0,601.0,8.0,329.92,99.14999999999998,46.0,16.0,18.806176644921152,62,30.0,18.0,0.48,283.6,5.0
2025-01-17 07:36:36,279.0,5.0,460.0,5.0,273.57,14.0,601.0,5.0,369.5,181.0,19.0,10.0,35.66099101258924,29,9.0,-33.0,0.31,283.6,
2025-01-17 07:36:37,280.0,24.0,404.67,6.0,279.0,4.0,565.75,4.0,342.33,124.67000000000002,28.0,10.0,37.14678424843753,38,18.0,9.0,0.47,283.6,
2025-01-17 07:36:38,280.0,42.0,374.86,14.0,279.0,7.0,394.23,13.0,327.43,94.86,49.0,27.0,30.205644009025225,76,22.0,38.0,0.29,283.6,
2025-01-17 07:36:39,280.23,47.0,362.09,23.0,279.88,48.0,376.08,26.0,321.16,81.85999999999996,95.0,49.0,19.180541441783056,144,46.0,68.0,0.32,281.0,4.0
2025-01-17 07:36:40,280.79,28.0,284.98,59.0,279.48,25.0,359.62,26.0,282.88,4.189999999999998,53.0,85.0,31.655749082906954,138,-32.0,-6.0,-0.23,280.4,5.0
2025-01-17 07:36:41,278.95,37.0,306.43,68.0,276.0,188.0,354.43,40.0,292.69,27.480000000000015,225.0,108.0,24.77057669897849,333,117.0,173.5,0.35,282.2,5.0
2025-01-17 07:36:42,276.33,109.0,294.05,38.0,274.2,70.0,304.34,56.0,285.19,17.720000000000027,179.0,94.0,20.90772943195853,273,85.0,-60.0,0.31,280.0,6.0
2025-01-17 07:36:43,278.71,28.0,283.32,19.0,277.81,31.0,284.48,25.0,281.02,4.610000000000014,59.0,44.0,16.576820262040354,103,15.0,-170.0,0.15,280.0,
2025-01-17 07:36:44,279.48,31.0,281.41,17.0,277.31,49.0,283.87,15.0,280.45,1.9300000000000068,80.0,32.0,4.966762527038868,112,48.0,9.0,0.43,280.5,2.0
2025-01-17 07:36:45,278.36,11.0,283.08,13.0,276.04,93.0,433.24,29.0,280.72,4.71999999999997,104.0,42.0,5.224282725886663,146,62.0,34.0,0.42,279.67,3.0
2025-01-17 07:36:46,278.0,12.0,280.57,30.0,276.0,156.0,281.33,18.0,279.28,2.569999999999993,168.0,48.0,2.255253865976021,216,120.0,70.0,0.56,279.0,1.0
2025-01-17 07:36:47,276.02,165.0,279.95,41.0,275.07,71.0,411.12,59.0,277.99,3.930000000000007,236.0,100.0,1.251147473322304,336,136.0,120.0,0.4,277.0,2.0
2025-01-17 07:36:48,276.0,156.0,279.93,42.0,274.55,33.0,464.11,45.0,277.96,3.930000000000007,189.0,87.0,1.3085297092543349,276,102.0,-60.0,0.37,276.0,3.0
2025-01-17 07:36:49,277.0,22.0,279.0,33.0,276.0,99.0,556.06,34.0,278.0,2.0,121.0,67.0,1.2163469899669015,188,54.0,-88.0,0.29,276.0,
2025-01-17 07:36:50,276.1,60.0,342.22,27.0,275.69,39.0,483.55,33.0,309.16,66.12,99.0,60.0,13.8090846908837,159,39.0,-29.0,0.25,277.0,2.0
2025-01-17 07:36:51,280.38,48.0,365.76,29.0,275.96,94.0,483.15,39.0,323.07,85.38,142.0,68.0,21.45678051339466,210,74.0,51.0,0.35,277.0,
2025-01-17 07:36:52,283.58,48.0,343.15,27.0,276.7,90.0,396.62,26.0,313.37,59.56999999999999,138.0,53.0,21.000965930165872,191,85.0,-19.0,0.45,277.0,
2025-01-17 07:36:53,285.0,53.0,394.33,9.0,283.0,27.0,397.0,27.0,339.67,109.32999999999998,80.0,36.0,22.6493803447242,116,44.0,-75.0,0.38,285.0,2.0
2025-01-17 07:36:54,285.0,50.0,392.75,16.0,283.0,30.0,393.43,14.0,338.88,107.75,80.0,30.0,14.1209613695375,110,50.0,-6.0,0.45,285.0,
2025-01-17 07:36:55,284.71,28.0,390.74,19.0,280.67,54.0,391.57,23.0,337.73,106.03000000000004,82.0,42.0,11.78153555356715,124,40.0,14.0,0.32,284.67,6.0
2025-01-17 07:36:56,283.0,26.0,390.0,13.0,276.0,117.0,391.0,26.0,336.5,107.0,143.0,39.0,11.166451987984583,182,104.0,58.0,0.57,284.67,
2025-01-17 07:36:57,277.27,44.0,388.38,13.0,275.82,44.0,390.09,11.0,332.83,111.11,88.0,24.0,2.681449235014892,112,64.0,-70.0,0.57,283.0,2.0
2025-01-17 07:36:58,276.0,99.0,341.92,24.0,275.0,22.0,346.1,21.0,308.96,65.92000000000002,121.0,45.0,12.51744582572526,166,76.0,54.0,0.46,283.0,
2025-01-17 07:36:59,276.0,99.0,311.33,18.0,275.0,22.0,312.67,15.0,293.67,35.329999999999984,121.0,33.0,19.669666240177374,154,88.0,-12.0,0.57,283.0,
2025-01-17 07:37:00,276.0,72.0,310.0,16.0,275.0,16.0,312.0,8.0,293.0,34.0,88.0,24.0,20.829360767915578,112,64.0,-42.0,0.57,283.0,
2025-01-17 07:37:01,276.76,63.0,309.14,28.0,275.77,70.0,312.0,14.0,292.95,32.379999999999995,133.0,42.0,17.357882071266268,175,91.0,63.0,0.52,278.0,4.0
2025-01-17 07:37:02,276.43,28.0,307.0,10.0,275.43,14.0,312.0,5.0,291.71,30.569999999999997,42.0,15.0,7.247073202334351,57,27.0,-118.0,0.47,278.0,
2025-01-17 07:37:03,279.0,52.0,305.19,16.0,276.0,96.0,307.17,24.0,292.09,26.19,148.0,40.0,0.7817160609806353,188,108.0,131.0,0.57,278.0,
2025-01-17 07:37:04,279.0,44.0,304.24,34.0,276.0,99.0,305.39,23.0,291.62,25.24000000000001,143.0,57.0,0.6640256019125663,200,86.0,12.0,0.43,278.0,
2025-01-17 07:37:05,276.1,121.0,301.61,31.0,275.26,35.0,302.51,55.0,288.86,25.50999999999999,156.0,86.0,1.5381904953535337,242,70.0,42.0,0.29,278.0,
2025-01-17 07:37:06,276.1,80.0,298.61,18.0,275.69,52.0,300.33,18.0,287.36,22.50999999999999,132.0,36.0,2.100468995247683,168,96.0,-74.0,0.57,278.0,
2025-01-17 07:37:07,277.54,48.0,294.8,50.0,275.86,70.0,296.03,34.0,286.17,17.25999999999999,118.0,84.0,2.5927109364519776,202,34.0,34.0,0.17,276.4,5.0
2025-01-17 07:37:08,281.0,26.0,292.68,25.0,276.0,93.0,294.04,55.0,286.84,11.680000000000009,119.0,80.0,2.168155898453469,199,39.0,-3.0,0.2,276.4,
2025-01-17 07:37:09,285.0,43.0,289.21,58.0,281.0,30.0,289.15,41.0,287.1,4.20999999999998,73.0,99.0,0.9949773866773106,172,-26.0,-27.0,-0.15,285.0,3.0
2025-01-17 07:37:10,276.0,72.0,285.23,13.0,271.0,24.0,286.75,20.0,280.62,9.230000000000018,96.0,33.0,2.8288195417877984,129,63.0,-43.0,0.49,282.33,3.0
2025-01-17 07:37:11,276.85,123.0,281.09,68.0,273.31,48.0,282.6,40.0,278.97,4.239999999999952,171.0,108.0,3.843559548127468,279,63.0,150.0,0.23,278.71,7.0
2025-01-17 07:37:12,277.0,27.0,278.0,31.0,275.0,21.0,283.36,11.0,277.5,1.0,48.0,42.0,4.487725481800681,90,6.0,-174.5,0.07,277.0,6.0
2025-01-17 07:37:13,276.0,12.0,278.0,15.0,272.2,15.0,378.0,16.0,277.0,2.0,27.0,31.0,4.087238676662356,58,-4.0,-32.0,-0.07,277.0,2.0
2025-01-17 07:37:14,275.17,36.0,277.55,33.0,273.81,63.0,453.8,41.0,276.36,2.3799999999999955,99.0,74.0,1.710584695361833,173,25.0,115.0,0.14,277.0,3.0
2025-01-17 07:37:15,275.0,33.0,277.0,22.0,274.0,66.0,528.45,33.0,276.0,2.0,99.0,55.0,1.1621875924336966,154,44.0,-19.0,0.29,277.0,
2025-01-17 07:37:16,274.62,24.0,277.0,16.0,273.38,48.0,584.8,10.0,275.81,2.3799999999999955,72.0,26.0,0.7053226212218492,98,46.0,-56.0,0.47,277.0,
2025-01-17 07:37:17,273.5,36.0,277.0,18.0,271.8,45.0,326.71,21.0,275.25,3.5,81.0,39.0,0.6505612961186518,120,42.0,22.0,0.35,274.75,4.0
2025-01-17 07:37:18,273.0,42.0,277.0,7.0,267.0,21.0,351.29,21.0,275.0,4.0,63.0,28.0,0.5542833210623176,91,35.0,-29.0,0.38,274.75,
2025-01-17 07:37:19,273.82,68.0,277.0,10.0,270.67,54.0,544.65,20.0,275.41,3.180000000000007,122.0,30.0,0.4082033806915526,152,92.0,61.0,0.61,274.75,
2025-01-17 07:37:20,274.0,91.0,276.04,57.0,270.0,78.0,354.79,14.0,275.02,2.0400000000000205,169.0,71.0,0.3328212733708198,240,98.0,88.0,0.41,274.75,
2025-01-17 07:37:21,274.0,72.0,276.26,46.0,270.0,72.0,351.33,12.0,275.13,2.259999999999991,144.0,58.0,0.1707922715121727,202,86.0,-38.0,0.43,274.4,5.0
2025-01-17 07:37:22,274.0,48.0,278.17,60.0,270.0,72.0,326.31,13.0,276.08,4.170000000000016,120.0,73.0,0.4510764901966758,193,47.0,-9.0,0.24,274.4,
2025-01-17 07:37:23,276.18,38.0,278.38,29.0,273.65,46.0,360.4,20.0,277.28,2.1999999999999886,84.0,49.0,0.9323250506168692,133,35.0,-60.0,0.26,276.67,6.0
2025-01-17 07:37:24,278.0,36.0,282.0,12.0,274.36,14.0,553.87,45.0,280.0,4.0,50.0,57.0,2.0553637147733737,107,-7.0,-26.0,-0.07,276.67,
2025-01-17 07:37:25,279.0,39.0,282.0,13.0,272.0,26.0,496.23,52.0,280.5,3.0,65.0,65.0,2.371058835205503,130,0.0,23.0,0.0,276.67,
2025-01-17 07:37:26,280.53,64.0,442.12,51.0,279.88,75.0,562.14,56.0,361.32,161.59000000000003,139.0,107.0,37.09969919015504,246,32.0,116.0,0.13,281.5,2.0
2025-01-17 07:37:27,284.0,70.0,415.11,27.0,279.71,21.0,624.43,28.0,349.56,131.11,91.0,55.0,41.95004553036836,146,36.0,-100.0,0.25,281.5,
2025-01-17 07:37:28,284.0,69.0,316.24,34.0,280.0,27.0,564.74,31.0,300.12,32.24000000000001,96.0,65.0,38.64631418389046,161,31.0,15.0,0.19,284.0,3.0
2025-01-17 07:37:29,284.08,53.0,367.71,21.0,281.6,35.0,394.4,30.0,325.89,83.63,88.0,51.0,33.5812822864161,139,37.0,-22.0,0.27,284.0,
2025-01-17 07:37:30,284.0,25.0,368.4,10.0,280.55,11.0,369.5,12.0,326.2,84.39999999999998,36.0,22.0,23.73506309239464,58,14.0,-81.0,0.24,284.5,4.0
2025-01-17 07:37:31,284.0,25.0,367.6,10.0,283.0,5.0,368.6,10.0,325.8,83.60000000000002,30.0,20.0,17.49113432570805,50,10.0,-8.0,0.2,284.5,
2025-01-17 07:37:32,284.0,49.0,309.46,26.0,283.0,11.0,317.03,29.0,296.73,25.45999999999998,60.0,55.0,15.131638047480983,115,5.0,65.0,0.04,284.0,3.0
2025-01-17 07:37:33,284.0,4.0,296.0,4.0,283.0,2.0,367.0,4.0,290.0,12.0,6.0,8.0,18.0133014741878,14,-2.0,-101.0,-0.14,284.0,
2025-01-17 07:37:34,284.0,17.0,296.0,26.0,283.0,13.0,367.0,26.0,290.0,12.0,30.0,52.0,18.69284836508296,82,-22.0,68.0,-0.27,284.0,1.0
2025-01-17 07:37:35,284.0,11.0,295.0,22.0,283.0,11.0,328.27,22.0,289.5,11.0,22.0,44.0,15.603514988616917,66,-22.0,-16.0,-0.33,284.0,
2025-01-17 07:37:36,284.0,8.0,293.0,16.0,283.0,8.0,296.0,16.0,288.5,9.0,16.0,32.0,3.2908327213641817,48,-16.0,-18.0,-0.33,284.0,
2025-01-17 07:37:37,284.0,11.0,291.36,22.0,283.0,11.0,293.82,22.0,287.68,7.360000000000014,22.0,44.0,1.01856762171357,66,-22.0,18.0,-0.33,284.0,
2025-01-17 07:37:38,284.0,9.0,288.56,18.0,283.0,9.0,289.67,18.0,286.28,4.560000000000002,18.0,36.0,1.48260581410034,54,-18.0,-12.0,-0.33,284.0,
2025-01-17 07:37:39,283.47,15.0,287.23,26.0,281.59,17.0,289.0,26.0,285.35,3.759999999999991,32.0,52.0,1.6685382824511883,84,-20.0,30.0,-0.24,282.75,4.0
2025-01-17 07:37:40,282.0,16.0,285.25,16.0,279.0,24.0,286.25,16.0,283.62,3.25,40.0,32.0,1.9254038537425,72,8.0,-12.0,0.11,282.75,
2025-01-17 07:37:41,279.83,29.0,282.54,26.0,276.77,47.0,283.45,22.0,281.18,2.7100000000000364,76.0,48.0,2.5140445501239927,124,28.0,52.0,0.23,281.67,6.0
2025-01-17 07:37:42,279.0,27.0,284.78,18.0,275.5,48.0,295.0,9.0,281.89,5.779999999999973,75.0,27.0,2.179754573342944,102,48.0,-22.0,0.47,281.67,
2025-01-17 07:37:43,279.06,32.0,283.25,24.0,273.58,72.0,295.0,12.0,281.16,4.189999999999998,104.0,36.0,1.815833142117039,140,68.0,38.0,0.49,281.67,
2025-01-17 07:37:44,279.09,33.0,281.23,26.0,277.42,19.0,295.0,13.0,280.16,2.140000000000043,52.0,39.0,1.285309301301332,91,13.0,-49.0,0.14,281.67,
2025-01-17 07:37:45,272.39,108.0,291.38,21.0,270.4,30.0,314.71,63.0,281.88,18.99000000000001,138.0,84.0,0.7084348946883459,222,54.0,131.0,0.24,276.89,9.0
2025-01-17 07:37:46,272.34,44.0,291.0,13.0,271.35,49.0,345.53,57.0,281.67,18.660000000000025,93.0,70.0,0.7292256166729169,163,23.0,-59.0,0.14,272.6,5.0
2025-01-17 07:37:47,272.0,36.0,289.83,18.0,270.58,24.0,361.88,40.0,280.92,17.829999999999984,60.0,58.0,0.6775101475344745,118,2.0,-45.0,0.02,272.6,
2025-01-17 07:37:48,272.0,45.0,289.0,30.0,271.0,30.0,291.4,15.0,280.5,17.0,75.0,45.0,0.7385661784920268,120,30.0,2.0,0.25,272.6,
2025-01-17 07:37:49,272.0,33.0,288.8,25.0,222.24,34.0,291.5,12.0,280.4,16.80000000000001,67.0,37.0,0.6731121749101617,104,30.0,-16.0,0.29,272.6,
2025-01-17 07:37:50,272.0,24.0,287.75,40.0,258.5,24.0,289.0,16.0,279.88,15.75,48.0,56.0,0.6686404115910947,104,-8.0,0.0,-0.08,272.6,
2025-01-17 07:37:51,281.92,61.0,287.0,65.0,280.99,115.0,289.0,26.0,284.46,5.079999999999984,176.0,91.0,1.8420966315620029,267,85.0,163.0,0.32,272.6,
2025-01-17 07:37:52,283.0,46.0,285.4,50.0,282.0,130.0,289.0,20.0,284.2,2.3999999999999773,176.0,70.0,2.243506184527106,246,106.0,-21.0,0.43,283.0,4.0
2025-01-17 07:37:53,283.0,13.0,284.62,65.0,282.0,169.0,289.0,50.0,283.81,1.6200000000000043,182.0,115.0,2.219774763351156,297,67.0,51.0,0.23,283.0,
2025-01-17 07:37:54,282.12,74.0,284.91,55.0,281.13,127.0,290.43,42.0,283.52,2.7900000000000205,201.0,97.0,1.876240922698891,298,104.0,1.0,0.35,283.0,1.0
2025-01-17 07:37:55,282.0,130.0,288.2,20.0,271.0,20.0,291.7,40.0,285.1,6.199999999999989,150.0,60.0,0.6104260807082967,210,90.0,-88.0,0.43,283.0,
2025-01-17 07:37:56,282.0,190.0,285.46,52.0,273.25,32.0,287.41,44.0,283.73,3.4599999999999795,222.0,96.0,0.6251959692840721,318,126.0,108.0,0.4,282.0,3.0
2025-01-17 07:37:57,282.0,26.0,283.0,12.0,274.0,6.0,286.0,4.0,282.5,1.0,32.0,16.0,0.9273995902573255,48,16.0,-174.5,0.33,282.0,2.0
2025-01-17 07:37:58,282.0,96.0,284.4,30.0,278.29,42.0,291.27,30.0,283.2,2.3999999999999773,138.0,60.0,0.9543060305843212,198,78.0,150.0,0.39,283.0,4.0
2025-01-17 07:37:59,282.16,76.0,289.05,21.0,280.29,56.0,290.86,14.0,285.6,6.889999999999986,132.0,35.0,1.2970659196853085,167,97.0,-31.0,0.58,283.0,
2025-01-17 07:38:00,283.5,42.0,288.85,26.0,282.0,104.0,291.0,13.0,286.17,5.350000000000023,146.0,39.0,1.5766895699562509,185,107.0,18.0,0.58,283.0,1.0
2025-01-17 07:38:01,284.59,44.0,287.08,24.0,282.9,87.0,288.21,33.0,285.84,2.490000000000009,131.0,57.0,1.684731432605294,188,74.0,3.0,0.39,283.0,
2025-01-17 07:38:02,284.75,24.0,286.1,20.0,283.26,43.0,289.35,17.0,285.43,1.3500000000000227,67.0,37.0,1.1781213859393138,104,30.0,-84.0,0.29,285.0,2.0
2025-01-17 07:38:03,282.73,66.0,287.0,14.0,281.18,88.0,293.86,29.0,284.86,4.269999999999982,154.0,43.0,0.489131884063119,197,111.0,93.0,0.56,283.5,4.0
2025-01-17 07:38:04,282.0,70.0,287.0,10.0,279.0,40.0,295.18,34.0,284.5,5.0,110.0,44.0,0.6857477670451434,154,66.0,-43.0,0.43,283.5,
2025-01-17 07:38:05,282.0,42.0,287.0,6.0,279.0,24.0,295.0,24.0,284.5,5.0,66.0,30.0,0.5930261377104614,96,36.0,-58.0,0.38,283.5,
2025-01-17 07:38:06,282.0,25.0,286.2,10.0,279.0,40.0,295.0,40.0,284.1,4.199999999999989,65.0,50.0,0.4990190377211933,115,15.0,19.0,0.13,282.0,5.0
2025-01-17 07:38:07,282.0,28.0,283.82,11.0,279.0,44.0,291.0,44.0,282.91,1.8199999999999927,72.0,55.0,0.7560290999748329,127,17.0,12.0,0.13,282.0,
2025-01-17 07:38:08,282.0,38.0,291.63,38.0,279.0,56.0,292.75,32.0,286.82,9.629999999999995,94.0,70.0,1.418513306249984,164,24.0,37.0,0.15,282.0,3.0
2025-01-17 07:38:09,282.0,18.0,297.0,36.0,278.56,25.0,298.0,9.0,289.5,15.0,43.0,45.0,2.616711676896606,88,-2.0,-76.0,-0.02,282.0,
2025-01-17 07:38:10,282.0,11.0,297.0,36.0,278.0,18.0,298.0,9.0,289.5,15.0,29.0,45.0,3.030211213761482,74,-16.0,-14.0,-0.22,282.0,1.0
2025-01-17 07:38:11,282.0,25.0,297.0,32.0,278.0,16.0,299.0,8.0,289.5,15.0,41.0,40.0,2.8906712023342607,81,1.0,7.0,0.01,282.0,
2025-01-17 07:38:12,282.0,144.0,297.0,32.0,278.0,16.0,300.0,8.0,289.5,15.0,160.0,40.0,1.198532435941173,200,120.0,119.0,0.6,282.0,
2025-01-17 07:38:13,282.45,66.0,297.0,28.0,281.83,94.0,300.0,7.0,289.73,14.550000000000011,160.0,35.0,0.1028591269763694,195,125.0,-5.0,0.64,282.0,
2025-01-17 07:38:14,283.82,66.0,297.0,44.0,282.0,198.0,300.0,11.0,290.41,13.180000000000009,264.0,55.0,0.3940431448485277,319,209.0,124.0,0.66,282.0,
2025-01-17 07:38:15,285.0,90.0,295.39,36.0,282.11,210.0,297.18,51.0,290.19,10.389999999999986,300.0,87.0,0.4145238232019243,387,213.0,68.0,0.55,282.0,
2025-01-17 07:38:16,285.0,60.0,293.2,20.0,284.0,30.0,295.2,40.0,289.1,8.199999999999989,90.0,60.0,0.5263363943354413,150,30.0,-174.5,0.2,282.0,
2025-01-17 07:38:17,285.0,78.0,291.15,26.0,284.0,39.0,297.77,52.0,288.08,6.149999999999977,117.0,78.0,0.93987765161345,195,39.0,45.0,0.2,282.0,
2025-01-17 07:38:18,285.0,80.0,287.4,30.0,284.0,45.0,298.92,78.0,286.2,2.3999999999999773,125.0,108.0,1.724276659936946,233,17.0,38.0,0.07,285.0,1.0
2025-01-17 07:38:19,284.26,35.0,296.9,62.0,283.33,45.0,333.62,73.0,290.58,12.639999999999986,80.0,135.0,1.765247857951748,215,-55.0,-18.0,-0.26,284.83,6.0
2025-01-17 07:38:20,284.0,26.0,292.85,34.0,283.0,39.0,322.61,46.0,288.43,8.850000000000023,65.0,80.0,1.5933675031215109,145,-15.0,-70.0,-0.1,284.83,
2025-01-17 07:38:21,282.26,100.0,285.0,11.0,281.52,120.0,286.0,44.0,283.63,2.740000000000009,220.0,55.0,2.611863319548926,275,165.0,130.0,0.6,283.17,6.0
2025-01-17 07:38:22,282.0,279.0,284.0,10.0,278.0,46.0,285.8,25.0,283.0,2.0,325.0,35.0,3.196133601714181,360,290.0,85.0,0.81,282.0,2.0
2025-01-17 07:38:23,282.4,86.0,294.03,91.0,281.93,450.0,307.89,76.0,288.21,11.629999999999995,536.0,167.0,3.294609233278801,703,369.0,173.5,0.52,282.0,
2025-01-17 07:38:24,283.0,24.0,295.0,60.0,282.0,312.0,299.08,48.0,289.0,12.0,336.0,108.0,2.888568849795057,444,228.0,-174.5,0.51,282.0,
2025-01-17 07:38:25,283.64,28.0,287.9,40.0,282.12,148.0,295.73,66.0,285.77,4.259999999999991,176.0,106.0,2.6703688883761045,282,70.0,-162.0,0.25,282.0,
2025-01-17 07:38:26,284.0,18.0,287.0,18.0,283.0,18.0,290.9,31.0,285.5,3.0,36.0,49.0,2.3847913954907094,85,-13.0,-174.5,-0.15,282.0,
2025-01-17 07:38:27,284.0,16.0,287.0,16.0,283.0,16.0,295.5,40.0,285.5,3.0,32.0,56.0,1.6784606042459949,88,-24.0,3.0,-0.27,282.0,
2025-01-17 07:38:28,284.0,26.0,287.0,26.0,283.0,26.0,293.0,65.0,285.5,3.0,52.0,91.0,1.5395064144090425,143,-39.0,55.0,-0.27,282.0,
2025-01-17 07:38:29,284.0,26.0,287.0,26.0,283.0,26.0,293.0,65.0,285.5,3.0,52.0,91.0,0.1207476708161508,143,-39.0,0.0,-0.27,282.0,
2025-01-17 07:38:30,283.94,32.0,285.55,56.0,282.73,49.0,288.59,44.0,284.75,1.6100000000000136,81.0,100.0,0.3354101966366015,181,-19.0,38.0,-0.1,284.0,2.0
2025-01-17 07:38:31,282.39,36.0,284.52,23.0,281.92,99.0,291.07,41.0,283.46,2.1299999999999955,135.0,64.0,0.8898426827301353,199,71.0,18.0,0.36,282.4,5.0
2025-01-17 07:38:32,281.12,34.0,283.09,22.0,279.43,23.0,290.11,18.0,282.1,1.9699999999999704,57.0,40.0,1.468066755978489,97,17.0,-102.0,0.18,282.0,1.0
2025-01-17 07:38:33,280.09,33.0,282.33,12.0,277.0,20.0,293.41,34.0,281.21,2.240000000000009,53.0,46.0,1.7834040484450937,99,7.0,2.0,0.07,281.0,5.0
2025-01-17 07:38:34,278.0,26.0,281.54,13.0,276.0,26.0,296.67,49.0,279.77,3.5400000000000205,52.0,62.0,1.934443072310944,114,-10.0,15.0,-0.09,281.0,
2025-01-17 07:38:35,275.58,31.0,279.92,13.0,272.61,31.0,281.0,13.0,277.75,4.340000000000032,62.0,26.0,2.195465782018374,88,36.0,-26.0,0.41,276.4,5.0
2025-01-17 07:38:36,278.86,29.0,288.22,27.0,271.22,27.0,294.64,33.0,283.54,9.360000000000014,56.0,60.0,2.219330980276167,116,-4.0,28.0,-0.03,281.25,4.0
2025-01-17 07:38:37,279.33,18.0,287.0,40.0,271.7,30.0,296.0,54.0,283.17,7.670000000000016,48.0,94.0,2.410460536912664,142,-46.0,26.0,-0.32,278.6,5.0
2025-01-17 07:38:38,272.0,8.0,287.0,32.0,271.0,24.0,296.0,40.0,279.5,15.0,32.0,72.0,2.508152706677518,104,-40.0,-38.0,-0.38,278.6,
2025-01-17 07:38:39,277.93,91.0,286.98,41.0,271.77,13.0,295.33,54.0,282.45,9.050000000000011,104.0,95.0,2.5336673025503966,199,9.0,95.0,0.05,278.6,
2025-01-17 07:38:40,277.0,63.0,286.0,9.0,271.0,15.0,287.78,36.0,281.5,9.0,78.0,45.0,1.615385402933913,123,33.0,-76.0,0.27,278.6,
2025-01-17 07:38:41,271.0,30.0,284.75,40.0,270.0,12.0,295.08,50.0,277.88,13.75,42.0,90.0,2.179208571939241,132,-48.0,9.0,-0.36,271.0,1.0
2025-01-17 07:38:42,270.14,22.0,280.0,15.0,257.1,51.0,295.25,55.0,275.07,9.860000000000014,73.0,70.0,2.9457511775463376,143,3.0,11.0,0.02,271.0,
2025-01-17 07:38:44,268.46,13.0,276.21,33.0,212.53,77.0,286.37,41.0,272.34,7.75,90.0,74.0,4.391021521243203,164,16.0,68.0,0.1,272.5,2.0
2025-01-17 07:38:59,274.33,83.0,435.7,20.0,267.53,126.0,542.58,19.0,355.01,161.37,209.0,39.0,37.813856851688726,248,170.0,-10.0,0.69,274.0,1.0
2025-01-17 07:39:00,275.04,168.0,401.73,22.0,274.67,54.0,573.46,13.0,338.38,126.69,222.0,35.0,41.91888273797368,257,187.0,9.0,0.73,274.0,
2025-01-17 07:39:01,275.08,145.0,294.2,30.0,274.51,107.0,439.0,18.0,284.64,19.120000000000005,252.0,48.0,39.289005841329,300,204.0,43.0,0.68,276.0,7.0
2025-01-17 07:39:02,275.08,122.0,277.0,8.0,273.39,46.0,433.21,19.0,276.04,1.920000000000016,168.0,27.0,38.39944504807306,195,141.0,-105.0,0.72,276.2,5.0
2025-01-17 07:39:03,280.99,73.0,303.73,22.0,275.08,152.0,425.94,32.0,292.36,22.74000000000001,225.0,54.0,35.129604039897416,279,171.0,84.0,0.61,276.2,
2025-01-17 07:39:04,283.0,145.0,347.52,29.0,280.75,101.0,376.11,38.0,315.26,64.51999999999998,246.0,67.0,25.324633857175257,313,179.0,34.0,0.57,283.0,1.0
2025-01-17 07:39:05,283.0,159.0,349.55,29.0,282.0,176.0,380.52,29.0,316.28,66.55000000000001,335.0,58.0,18.157171585904923,393,277.0,80.0,0.7,283.0,
2025-01-17 07:39:06,283.0,133.0,352.0,36.0,282.0,144.0,550.41,17.0,317.5,69.0,277.0,53.0,18.5457305059678,330,224.0,-63.0,0.68,283.0,4.0
2025-01-17 07:39:07,283.0,142.0,350.93,56.0,282.0,224.0,359.52,54.0,316.96,67.93,366.0,110.0,10.82808016224364,476,256.0,146.0,0.54,283.0,2.0
2025-01-17 07:39:08,283.0,27.0,349.0,12.0,282.0,48.0,352.0,12.0,316.0,66.0,75.0,24.0,0.8656789242947013,99,51.0,-174.5,0.52,283.0,
2025-01-17 07:39:09,283.0,72.0,328.88,32.0,282.0,128.0,349.38,32.0,305.94,45.88,200.0,64.0,4.840896611163127,264,136.0,165.0,0.52,283.0,
2025-01-17 07:39:10,283.0,91.0,344.92,52.0,282.0,216.0,471.69,52.0,313.96,61.920000000000016,307.0,104.0,4.742121887928581,411,203.0,147.0,0.49,283.0,2.0
2025-01-17 07:39:11,283.0,28.0,284.0,12.0,282.0,64.0,348.0,16.0,283.5,1.0,92.0,28.0,13.978974211292506,120,64.0,-174.5,0.53,283.0,
2025-01-17 07:39:12,282.39,132.0,283.95,38.0,281.58,143.0,372.39,51.0,283.17,1.5600000000000025,275.0,89.0,16.127175202123603,364,186.0,173.5,0.51,283.0,7.0
2025-01-17 07:39:13,282.0,128.0,283.0,16.0,278.0,24.0,284.5,24.0,282.5,1.0,152.0,40.0,15.00484188520493,192,112.0,-172.0,0.58,283.0,
2025-01-17 07:39:14,282.0,151.0,283.0,20.0,278.0,30.0,286.0,30.0,282.5,1.0,181.0,50.0,13.889394515241008,231,131.0,39.0,0.57,282.0,1.0
2025-01-17 07:39:15,282.0,95.0,285.37,19.0,278.0,21.0,353.69,26.0,283.68,3.3700000000000045,116.0,45.0,0.5515432893396617,161,71.0,-70.0,0.44,282.0,2.0
2025-01-17 07:39:16,282.34,162.0,286.0,39.0,281.08,104.0,316.5,16.0,284.17,3.660000000000025,266.0,55.0,0.7335052828817444,321,211.0,160.0,0.66,282.0,
2025-01-17 07:39:17,283.11,99.0,286.0,27.0,282.0,144.0,324.4,15.0,284.56,2.8899999999999864,243.0,42.0,0.9491153776096052,285,201.0,-36.0,0.71,282.0,
2025-01-17 07:39:18,284.0,121.0,286.0,33.0,282.0,132.0,314.0,44.0,285.0,2.0,253.0,77.0,0.9608954157525528,330,176.0,45.0,0.53,282.0,
2025-01-17 07:39:19,284.0,73.0,286.0,24.0,282.0,56.0,314.0,32.0,285.0,2.0,129.0,56.0,0.566409745690802,185,73.0,-145.0,0.39,284.0,3.0
2025-01-17 07:39:20,284.0,54.0,286.0,24.0,282.0,56.0,324.75,32.0,285.0,2.0,110.0,56.0,0.3741390116161749,166,54.0,-19.0,0.33,284.0,2.0
2025-01-17 07:39:21,282.88,50.0,286.41,34.0,281.04,83.0,334.34,47.0,284.65,3.5300000000000296,133.0,81.0,0.2186778452724195,214,52.0,48.0,0.24,284.0,6.0
2025-01-17 07:39:22,283.38,26.0,290.0,30.0,282.07,60.0,378.9,40.0,286.69,6.6200000000000045,86.0,70.0,0.809240384565886,156,16.0,-58.0,0.1,284.0,5.0
2025-01-17 07:39:25,282.0,28.0,290.0,28.0,281.0,21.0,468.57,7.0,286.0,8.0,49.0,35.0,60.29857004937969,84,14.0,-14.0,0.17,284.0,
2025-01-17 07:39:26,282.0,32.0,290.0,32.0,281.0,24.0,464.0,20.0,286.0,8.0,56.0,52.0,60.04847458512121,108,4.0,24.0,0.04,284.0,
2025-01-17 07:39:27,282.5,24.0,290.0,24.0,281.57,21.0,460.0,30.0,286.25,7.5,45.0,54.0,60.12817326345404,99,-9.0,-9.0,-0.09,284.0,
2025-01-17 07:39:28,282.18,44.0,290.0,44.0,281.23,35.0,432.89,27.0,286.09,7.819999999999993,79.0,71.0,47.59034429377434,150,8.0,51.0,0.05,283.0,4.0
2025-01-17 07:39:29,282.0,48.0,289.8,45.0,281.0,36.0,325.1,29.0,285.9,7.800000000000011,84.0,74.0,0.1314153720495051,158,10.0,8.0,0.06,283.0,
2025-01-17 07:39:30,282.0,30.0,287.33,52.0,281.0,54.0,288.78,54.0,284.66,5.329999999999984,84.0,106.0,0.6391791611209595,190,-22.0,32.0,-0.12,282.0,3.0
2025-01-17 07:39:31,281.33,18.0,284.2,30.0,279.59,34.0,285.71,21.0,282.77,2.8700000000000045,52.0,51.0,1.4628157778791837,103,1.0,-87.0,0.01,282.0,1.0
2025-01-17 07:39:32,279.12,32.0,283.18,33.0,276.85,52.0,284.31,32.0,281.15,4.060000000000002,84.0,65.0,2.1203843991158164,149,19.0,46.0,0.13,281.0,3.0
2025-01-17 07:39:33,278.0,44.0,282.84,31.0,275.0,44.0,290.15,48.0,280.42,4.839999999999975,88.0,79.0,2.3073469613422435,167,9.0,18.0,0.05,282.0,2.0
2025-01-17 07:39:34,278.0,11.0,280.36,14.0,275.0,32.0,281.83,18.0,279.18,2.3600000000000136,43.0,32.0,2.1317434179603145,75,11.0,-92.0,0.15,278.0,3.0
2025-01-17 07:39:35,278.0,10.0,279.25,12.0,275.0,40.0,280.04,28.0,278.62,1.25,50.0,40.0,1.6456518465394565,90,10.0,15.0,0.11,278.0,
2025-01-17 07:39:36,275.13,46.0,277.77,13.0,274.07,107.0,285.12,50.0,276.45,2.6399999999999864,153.0,63.0,1.8154696362155296,216,90.0,126.0,0.42,278.0,1.0
2025-01-17 07:39:37,275.0,43.0,285.56,63.0,274.0,126.0,288.0,56.0,280.28,10.560000000000002,169.0,119.0,1.607295865738722,288,50.0,72.0,0.17,275.0,1.0
2025-01-17 07:39:38,274.5,60.0,281.14,51.0,273.18,98.0,282.69,58.0,277.82,6.639999999999986,158.0,109.0,1.440971894251077,267,49.0,-21.0,0.18,275.0,
2025-01-17 07:39:39,274.0,103.0,277.64,55.0,270.0,68.0,278.44,64.0,275.82,3.6399999999999855,171.0,119.0,1.7724333555941023,290,52.0,23.0,0.18,275.0,
2025-01-17 07:39:40,275.84,76.0,277.62,73.0,274.62,65.0,282.44,72.0,276.73,1.7800000000000296,141.0,145.0,1.7547506945498414,286,-4.0,-4.0,-0.01,276.0,2.0
2025-01-17 07:39:41,275.33,60.0,279.34,44.0,272.75,80.0,286.4,60.0,277.34,4.009999999999991,140.0,104.0,1.6750880573936582,244,36.0,-42.0,0.15,276.8,5.0
2025-01-17 07:39:42,280.5,56.0,286.0,32.0,273.0,36.0,288.0,32.0,283.25,5.5,92.0,64.0,2.9245290219148035,156,28.0,-88.0,0.18,275.0,1.0
2025-01-17 07:39:43,282.0,176.0,284.0,16.0,276.41,51.0,286.5,64.0,283.0,2.0,227.0,80.0,3.5994263431858617,307,147.0,151.0,0.48,275.0,
2025-01-17 07:39:44,282.0,116.0,288.69,26.0,281.0,44.0,290.73,44.0,285.35,6.689999999999998,160.0,70.0,3.857580848150481,230,90.0,-77.0,0.39,282.0,1.0
2025-01-17 07:39:45,282.0,90.0,291.0,36.0,281.0,36.0,294.0,36.0,286.5,9.0,126.0,72.0,3.529584961438706,198,54.0,-32.0,0.27,282.0,
2025-01-17 07:39:46,282.0,74.0,291.0,36.0,281.0,36.0,294.0,36.0,286.5,9.0,110.0,72.0,1.7068245369724415,182,38.0,-16.0,0.21,282.0,4.0
2025-01-17 07:39:47,282.0,84.0,290.35,46.0,281.0,56.0,294.59,88.0,286.17,8.350000000000023,140.0,134.0,1.476594053899133,274,6.0,92.0,0.02,282.0,
2025-01-17 07:39:48,282.0,60.0,287.83,24.0,281.0,40.0,293.41,51.0,284.92,5.829999999999984,100.0,75.0,0.7167775108146587,175,25.0,-99.0,0.14,282.0,
2025-01-17 07:39:49,282.3,23.0,284.64,28.0,281.54,78.0,285.17,36.0,283.47,2.339999999999975,101.0,64.0,1.3139140002337564,165,37.0,-10.0,0.22,282.17,6.0
2025-01-17 07:39:50,282.0,12.0,283.42,12.0,281.0,48.0,285.0,36.0,282.71,1.420000000000016,60.0,48.0,1.6513418785979943,108,12.0,-57.0,0.11,282.17,
2025-01-17 07:39:51,281.3,23.0,284.26,19.0,279.53,55.0,288.46,37.0,282.78,2.9599999999999795,78.0,56.0,1.499016344144636,134,22.0,26.0,0.16,282.0,1.0
2025-01-17 07:39:52,279.67,45.0,283.5,36.0,277.37,71.0,293.0,48.0,281.58,3.829999999999984,116.0,84.0,1.226160674632061,200,32.0,66.0,0.16,280.4,5.0
2025-01-17 07:39:53,278.0,52.0,281.31,39.0,275.0,39.0,293.0,72.0,279.65,3.3100000000000023,91.0,111.0,1.497087171815929,202,-20.0,2.0,-0.1,280.4,
2025-01-17 07:39:54,278.0,20.0,281.0,15.0,275.0,15.0,293.0,40.0,279.5,3.0,35.0,55.0,1.5971631100226031,90,-20.0,-112.0,-0.22,280.4,
2025-01-17 07:39:55,278.2,45.0,287.71,38.0,275.92,39.0,326.94,64.0,282.96,9.509999999999993,84.0,102.0,1.6573110752109823,186,-18.0,96.0,-0.1,280.0,3.0
2025-01-17 07:39:56,279.29,42.0,287.0,12.0,276.71,42.0,295.0,48.0,283.14,7.7099999999999795,84.0,60.0,1.7435825188435652,144,24.0,-42.0,0.17,280.0,
2025-01-17 07:39:57,281.0,30.0,287.0,10.0,278.0,40.0,302.25,16.0,284.0,6.0,70.0,26.0,2.1143083975655093,96,44.0,-48.0,0.46,280.0,
2025-01-17 07:39:58,281.0,24.0,287.0,8.0,278.0,32.0,294.0,8.0,284.0,6.0,56.0,16.0,1.862739917437339,72,40.0,-24.0,0.56,280.0,
2025-01-17 07:39:59,281.0,18.0,287.0,6.0,278.0,24.0,294.0,6.0,284.0,6.0,42.0,12.0,0.5242136968955221,54,30.0,-18.0,0.56,280.0,
2025-01-17 07:40:00,280.67,27.0,287.0,9.0,277.22,36.0,294.0,9.0,283.83,6.329999999999984,63.0,18.0,0.3729343105864087,81,45.0,27.0,0.56,280.25,4.0
2025-01-17 07:40:01,279.2,20.0,287.0,12.0,279.1,62.0,294.0,12.0,283.1,7.800000000000011,82.0,24.0,0.3904868755957932,106,58.0,25.0,0.55,278.0,3.0
2025-01-17 07:40:02,280.27,15.0,287.0,15.0,274.46,69.0,294.0,15.0,283.63,6.730000000000018,84.0,30.0,0.3745263675800427,114,54.0,8.0,0.47,280.5,4.0
2025-01-17 07:40:03,280.98,102.0,287.0,12.0,276.14,28.0,294.0,12.0,283.99,6.019999999999982,130.0,24.0,0.3726258176947851,154,106.0,40.0,0.69,280.5,
2025-01-17 07:40:04,281.88,164.0,287.0,11.0,280.0,11.0,294.0,11.0,284.44,5.1200000000000045,175.0,22.0,0.4912942092194287,197,153.0,43.0,0.78,280.5,
2025-01-17 07:40:05,282.0,228.0,286.17,24.0,280.0,12.0,290.67,12.0,284.08,4.170000000000016,240.0,36.0,0.5078090192310968,276,204.0,79.0,0.74,280.5,
2025-01-17 07:40:06,282.0,76.0,285.33,9.0,280.0,4.0,287.25,4.0,283.67,3.329999999999984,80.0,13.0,0.3311646116544451,93,67.0,-174.5,0.72,280.5,
2025-01-17 07:40:07,282.0,133.0,283.43,14.0,280.0,7.0,290.0,8.0,282.71,1.4300000000000068,140.0,22.0,0.6570159815503722,162,118.0,69.0,0.73,280.5,
2025-01-17 07:40:08,282.0,227.0,287.29,21.0,280.0,13.0,300.95,19.0,284.64,5.2900000000000205,240.0,40.0,0.7648986861097022,280,200.0,118.0,0.71,282.0,2.0
2025-01-17 07:40:09,283.0,75.0,288.0,36.0,282.0,204.0,289.17,12.0,285.5,5.0,279.0,48.0,1.0448684127735677,327,231.0,47.0,0.71,283.0,3.0
2025-01-17 07:40:10,283.0,41.0,288.0,39.0,282.0,221.0,290.0,13.0,285.5,5.0,262.0,52.0,1.2110450032973323,314,210.0,-13.0,0.67,283.0,4.0
2025-01-17 07:40:11,282.05,188.0,286.8,44.0,281.87,164.0,288.67,36.0,284.42,4.75,352.0,80.0,1.1418756499773384,432,272.0,118.0,0.63,282.33,3.0
2025-01-17 07:40:12,282.0,135.0,287.0,27.0,280.0,9.0,292.67,9.0,284.5,5.0,144.0,36.0,0.5425126726727302,180,108.0,-174.5,0.6,282.33,
2025-01-17 07:40:13,282.0,135.0,287.0,27.0,280.0,9.0,294.0,9.0,284.5,5.0,144.0,36.0,0.5632761312274489,180,108.0,0.0,0.6,282.33,
2025-01-17 07:40:14,282.0,135.0,286.38,32.0,278.74,19.0,288.47,19.0,284.19,4.379999999999996,154.0,51.0,0.506971399598688,205,103.0,25.0,0.5,282.33,
2025-01-17 07:40:15,282.0,135.0,285.62,32.0,280.79,86.0,286.48,31.0,283.81,3.620000000000005,221.0,63.0,0.2938196726083618,284,158.0,79.0,0.56,282.33,
2025-01-17 07:40:16,282.0,141.0,283.79,38.0,281.0,110.0,285.36,36.0,282.89,1.7900000000000205,251.0,74.0,0.6711706191515355,325,177.0,41.0,0.54,282.0,8.0
2025-01-17 07:40:17,282.0,34.0,284.0,21.0,281.0,85.0,293.0,7.0,283.0,2.0,119.0,28.0,0.7134213341447071,147,91.0,-174.5,0.62,282.0,3.0
2025-01-17 07:40:18,282.0,49.0,285.65,20.0,281.0,150.0,295.25,20.0,283.82,3.649999999999977,199.0,40.0,0.5674240037335945,239,159.0,92.0,0.67,282.0,3.0
2025-01-17 07:40:19,282.0,84.0,293.14,14.0,281.0,180.0,315.78,37.0,287.57,11.139999999999986,264.0,51.0,1.9240504151429516,315,213.0,76.0,0.68,282.0,
2025-01-17 07:40:20,282.0,73.0,294.8,15.0,281.0,165.0,337.83,35.0,288.4,12.800000000000011,238.0,50.0,2.6418232340582453,288,188.0,-27.0,0.65,282.0,4.0
2025-01-17 07:40:21,282.0,23.0,295.0,8.0,281.0,120.0,296.0,24.0,288.5,13.0,143.0,32.0,2.6407612538826366,175,111.0,-113.0,0.63,282.0,1.0
2025-01-17 07:40:22,282.0,14.0,295.0,7.0,281.0,105.0,296.0,21.0,288.5,13.0,119.0,28.0,2.015966269560502,147,91.0,-28.0,0.62,282.0,
2025-01-17 07:40:23,281.18,34.0,295.0,5.0,280.37,57.0,296.0,15.0,288.09,13.819999999999991,91.0,20.0,0.3963205773160132,111,71.0,-36.0,0.64,281.67,3.0
2025-01-17 07:40:24,281.0,70.0,295.0,5.0,278.0,30.0,296.0,15.0,288.0,14.0,100.0,20.0,0.236685445272708,120,80.0,9.0,0.67,281.67,
2025-01-17 07:40:25,281.0,70.0,295.0,5.0,278.0,30.0,296.0,15.0,288.0,14.0,100.0,20.0,0.2600384587019624,120,80.0,0.0,0.67,281.67,
2025-01-17 07:40:26,281.0,154.0,295.0,11.0,278.0,66.0,296.0,33.0,288.0,14.0,220.0,44.0,0.2170714168293019,264,176.0,144.0,0.67,281.67,
2025-01-17 07:40:27,281.78,46.0,295.0,8.0,280.62,96.0,296.0,24.0,288.39,13.220000000000027,142.0,32.0,0.1689082591358945,174,110.0,-90.0,0.63,281.67,
2025-01-17 07:40:28,283.0,24.0,295.0,8.0,281.0,112.0,296.0,24.0,289.0,12.0,136.0,32.0,0.4375157140080521,168,104.0,-6.0,0.62,281.67,
2025-01-17 07:40:29,281.07,162.0,295.0,15.0,278.32,148.0,296.0,45.0,288.04,13.930000000000009,310.0,60.0,0.4314858051013455,370,250.0,173.5,0.68,282.2,5.0
2025-01-17 07:40:30,281.0,132.0,293.67,12.0,278.0,132.0,294.79,24.0,287.33,12.670000000000016,264.0,36.0,0.6097294482015839,300,228.0,-70.0,0.76,282.2,
2025-01-17 07:40:31,281.0,159.0,292.0,61.0,278.0,144.0,538.76,38.0,286.5,11.0,303.0,99.0,0.967352055874565,402,204.0,102.0,0.51,282.2,
2025-01-17 07:40:32,281.0,247.0,291.24,42.0,278.0,156.0,321.02,49.0,286.12,10.240000000000007,403.0,91.0,1.1643538980935098,494,312.0,92.0,0.63,282.2,
2025-01-17 07:40:33,281.88,144.0,290.0,32.0,280.45,264.0,294.95,61.0,285.94,8.120000000000005,408.0,93.0,0.8816915560481512,501,315.0,7.0,0.63,281.0,1.0
2025-01-17 07:40:34,281.55,124.0,288.48,23.0,280.08,234.0,290.71,24.0,285.01,6.930000000000007,358.0,47.0,0.8448372624403195,405,311.0,-96.0,0.77,282.2,10.0
2025-01-17 07:40:35,281.0,168.0,287.59,17.0,278.0,144.0,288.26,19.0,284.29,6.589999999999975,312.0,36.0,0.9022582778831568,348,276.0,-57.0,0.79,282.2,
2025-01-17 07:40:36,282.64,14.0,286.71,14.0,281.0,166.0,288.0,28.0,284.68,4.069999999999993,180.0,42.0,0.7950283013888781,222,138.0,-126.0,0.62,282.2,
2025-01-17 07:40:37,281.47,34.0,283.91,22.0,279.04,92.0,285.69,13.0,282.69,2.4399999999999977,126.0,35.0,1.1920444622623834,161,91.0,-61.0,0.57,283.0,1.0
2025-01-17 07:40:38,281.0,85.0,288.39,56.0,278.0,192.0,290.69,42.0,284.7,7.389999999999986,277.0,98.0,0.9215910155870828,375,179.0,173.5,0.48,281.0,3.0
2025-01-17 07:40:39,281.0,52.0,289.38,65.0,278.0,156.0,291.0,65.0,285.19,8.379999999999995,208.0,130.0,0.960234346402365,338,78.0,-37.0,0.23,281.0,
2025-01-17 07:40:40,281.0,36.0,288.0,45.0,278.0,108.0,294.33,45.0,284.5,7.0,144.0,90.0,0.963727139812255,234,54.0,-104.0,0.23,281.0,
2025-01-17 07:40:41,281.0,36.0,286.12,40.0,278.0,96.0,297.0,40.0,283.56,5.1200000000000045,132.0,80.0,0.9979829657920424,212,52.0,-22.0,0.25,281.0,
2025-01-17 07:40:42,281.84,134.0,285.41,85.0,280.1,120.0,294.88,85.0,283.62,3.57000000000005,254.0,170.0,0.707304743382065,424,84.0,173.5,0.2,281.0,2.0
2025-01-17 07:40:43,281.84,75.0,284.18,38.0,280.0,72.0,290.3,50.0,283.01,2.340000000000032,147.0,88.0,0.8633249677910195,235,59.0,-174.5,0.25,283.0,1.0
2025-01-17 07:40:44,281.68,94.0,287.74,58.0,279.64,132.0,325.2,82.0,284.71,6.060000000000002,226.0,140.0,0.707142135649915,366,86.0,131.0,0.23,283.0,5.0
2025-01-17 07:40:45,282.69,35.0,291.19,32.0,279.9,63.0,312.0,34.0,286.94,8.5,98.0,66.0,1.5643433127068709,164,32.0,-174.5,0.2,282.0,2.0
2025-01-17 07:40:46,283.46,41.0,288.69,52.0,279.16,75.0,289.36,50.0,286.08,5.230000000000018,116.0,102.0,1.642915092148659,218,14.0,54.0,0.06,282.0,
2025-01-17 07:40:47,278.12,99.0,287.0,22.0,279.12,17.0,289.0,44.0,282.56,8.879999999999995,116.0,66.0,1.8940564933523525,182,50.0,-36.0,0.27,281.25,4.0
2025-01-17 07:40:48,277.94,102.0,284.55,44.0,275.19,86.0,286.0,40.0,281.24,6.610000000000014,188.0,84.0,2.3820747259502237,272,104.0,90.0,0.38,281.25,
2025-01-17 07:40:49,277.92,88.0,282.62,52.0,275.08,149.0,283.8,50.0,280.27,4.699999999999989,237.0,102.0,2.9529849305427263,339,135.0,67.0,0.4,278.0,1.0
2025-01-17 07:40:50,278.0,92.0,281.26,46.0,275.0,156.0,282.23,26.0,279.63,3.259999999999991,248.0,72.0,2.556253117360444,320,176.0,-19.0,0.55,278.0,2.0
2025-01-17 07:40:51,278.0,46.0,280.0,36.0,275.0,117.0,281.0,18.0,279.0,2.0,163.0,54.0,1.400267831529914,217,109.0,-103.0,0.5,278.0,4.0
2025-01-17 07:40:52,278.0,16.0,280.0,32.0,276.46,48.0,281.0,16.0,279.0,2.0,64.0,48.0,0.9486147795700516,112,16.0,-105.0,0.14,278.0,
2025-01-17 07:40:53,275.61,36.0,278.67,60.0,274.9,96.0,284.33,39.0,277.14,3.0600000000000023,132.0,99.0,1.1693032113272408,231,33.0,119.0,0.14,277.29,7.0
2025-01-17 07:40:54,271.46,39.0,275.42,55.0,269.96,52.0,288.0,40.0,273.44,3.960000000000037,91.0,95.0,2.527314780557163,186,-4.0,-45.0,-0.02,273.0,3.0
2025-01-17 07:40:56,271.0,64.0,279.35,17.0,268.0,24.0,283.5,20.0,275.18,8.350000000000023,88.0,37.0,2.706514363535999,125,51.0,-13.0,0.41,273.0,3.0
2025-01-17 07:40:57,271.0,56.0,279.71,14.0,268.0,21.0,282.0,14.0,275.36,8.70999999999998,77.0,28.0,1.8590051102748244,105,49.0,-20.0,0.47,273.0,
2025-01-17 07:40:58,271.0,56.0,279.0,14.0,268.0,21.0,282.0,14.0,275.0,8.0,77.0,28.0,1.3229965986459122,105,49.0,0.0,0.47,273.0,
2025-01-17 07:40:59,271.13,60.0,277.62,16.0,268.55,44.0,282.0,16.0,274.38,6.490000000000009,104.0,32.0,1.2412493706054102,136,72.0,31.0,0.53,273.0,
2025-01-17 07:41:00,273.24,42.0,276.73,22.0,270.79,52.0,282.36,22.0,274.98,3.490000000000009,94.0,44.0,0.3690528417819516,138,50.0,2.0,0.36,275.0,2.0
2025-01-17 07:41:01,273.1,40.0,284.0,44.0,268.38,37.0,309.35,23.0,278.55,10.899999999999975,77.0,67.0,1.6566773976927514,144,10.0,6.0,0.07,274.0,2.0
2025-01-17 07:41:02,281.84,44.0,284.0,44.0,265.86,35.0,359.91,47.0,282.92,2.160000000000025,79.0,91.0,3.614412815385521,170,-12.0,26.0,-0.07,277.29,7.0
2025-01-17 07:41:03,281.73,33.0,284.0,44.0,266.74,38.0,577.44,39.0,282.86,2.269999999999982,71.0,83.0,4.111875484498525,154,-12.0,-16.0,-0.08,283.0,3.0
2025-01-17 07:41:04,269.6,15.0,283.09,44.0,267.51,43.0,324.36,28.0,276.35,13.489999999999952,58.0,72.0,3.6593810952153034,130,-14.0,-24.0,-0.11,283.0,
2025-01-17 07:41:05,269.16,32.0,282.14,42.0,256.88,40.0,283.29,35.0,275.65,12.97999999999996,72.0,77.0,3.4770576641779933,149,-5.0,19.0,-0.03,269.33,3.0
2025-01-17 07:41:06,273.3,37.0,280.26,61.0,272.92,52.0,281.35,34.0,276.78,6.95999999999998,89.0,95.0,3.653788444891089,184,-6.0,35.0,-0.03,269.33,
2025-01-17 07:41:07,276.0,9.0,278.16,19.0,275.0,36.0,279.15,26.0,277.08,2.160000000000025,45.0,45.0,2.90997079023517,90,0.0,-94.0,0.0,269.33,
2025-01-17 07:41:08,274.3,47.0,276.6,43.0,270.18,49.0,278.14,42.0,275.45,2.300000000000012,96.0,85.0,0.7033988911170367,181,11.0,91.0,0.06,275.2,5.0
2025-01-17 07:41:09,268.0,6.0,275.43,14.0,264.83,18.0,276.25,16.0,271.71,7.430000000000007,24.0,30.0,2.143951958423143,54,-6.0,-127.0,-0.11,275.2,
2025-01-17 07:41:20,273.5,28.0,278.0,40.0,264.44,16.0,280.0,30.0,275.75,4.5,44.0,70.0,3.142451272499687,114,-26.0,56.0,-0.23,275.2,
2025-01-17 07:41:21,276.0,40.0,278.0,32.0,266.95,42.0,280.0,22.0,277.0,2.0,82.0,54.0,4.109440351195285,136,28.0,22.0,0.21,276.0,5.0
2025-01-17 07:41:23,283.0,48.0,418.0,40.0,279.0,30.0,525.17,24.0,350.5,135.0,78.0,64.0,50.98728537586568,142,14.0,-19.0,0.1,276.0,
2025-01-17 07:41:24,283.0,9.0,421.03,30.0,282.0,27.0,535.78,32.0,352.02,138.02999999999997,36.0,62.0,47.73033490349651,98,-26.0,-44.0,-0.27,283.0,5.0
2025-01-17 07:41:26,283.0,7.0,445.29,28.0,282.0,21.0,540.38,13.0,364.14,162.29000000000002,28.0,41.0,25.21630068031113,69,-13.0,-39.0,-0.19,283.0,
2025-01-17 07:41:27,283.0,8.0,392.14,14.0,282.0,24.0,449.85,26.0,337.57,109.14,32.0,40.0,28.60538096232726,72,-8.0,3.0,-0.11,283.0,
2025-01-17 07:41:28,283.0,9.0,460.27,30.0,279.8,35.0,488.54,26.0,371.63,177.26999999999998,44.0,56.0,27.821623424952524,100,-12.0,28.0,-0.12,283.0,
2025-01-17 07:41:29,283.0,34.0,385.63,35.0,280.7,10.0,404.1,29.0,334.31,102.63,44.0,64.0,31.18721965805662,108,-20.0,8.0,-0.19,283.0,
2025-01-17 07:41:30,282.1,29.0,331.21,56.0,277.03,34.0,334.0,28.0,306.66,49.10999999999996,63.0,84.0,25.942618796102924,147,-21.0,39.0,-0.14,282.67,6.0
2025-01-17 07:41:31,280.09,44.0,328.8,40.0,278.0,11.0,332.15,26.0,304.45,48.71000000000004,55.0,66.0,27.39629135485194,121,-11.0,-26.0,-0.09,282.67,
2025-01-17 07:41:32,281.0,36.0,326.23,26.0,278.0,9.0,327.53,30.0,303.62,45.23000000000002,45.0,56.0,29.46627614748676,101,-11.0,-20.0,-0.11,282.67,
2025-01-17 07:41:33,281.0,44.0,324.64,44.0,278.0,11.0,325.82,44.0,302.82,43.63999999999999,55.0,88.0,13.458260288758408,143,-33.0,42.0,-0.23,282.67,
2025-01-17 07:41:34,281.0,48.0,321.82,44.0,278.0,28.0,323.5,48.0,301.41,40.81999999999999,76.0,92.0,1.9561876188092724,168,-16.0,25.0,-0.1,282.67,
2025-01-17 07:41:35,276.47,43.0,318.0,36.0,274.9,79.0,318.71,28.0,297.23,41.52999999999997,122.0,64.0,2.8441220086321515,186,58.0,18.0,0.31,280.4,5.0
2025-01-17 07:41:36,275.0,165.0,313.45,40.0,268.0,11.0,315.18,34.0,294.23,38.44999999999999,176.0,74.0,3.997357877397188,250,102.0,64.0,0.41,280.4,
2025-01-17 07:41:37,275.0,138.0,279.08,24.0,270.1,30.0,290.46,26.0,277.04,4.079999999999984,168.0,50.0,10.360228279338166,218,118.0,-32.0,0.54,275.0,6.0
2025-01-17 07:41:38,275.0,81.0,276.18,17.0,268.0,9.0,281.53,19.0,275.59,1.1800000000000068,90.0,36.0,11.957357567623708,126,54.0,-92.0,0.43,277.0,3.0
2025-01-17 07:41:39,275.0,108.0,277.5,54.0,268.0,12.0,280.42,38.0,276.25,2.5,120.0,92.0,10.710915927221944,212,28.0,86.0,0.13,277.0,
2025-01-17 07:41:40,274.96,55.0,276.69,49.0,272.23,31.0,280.16,38.0,275.83,1.7300000000000182,86.0,87.0,8.092114680355454,173,-1.0,-39.0,-0.01,275.57,7.0
2025-01-17 07:41:41,272.88,58.0,279.35,40.0,262.19,21.0,282.55,40.0,276.11,6.470000000000027,79.0,80.0,0.5519782604689843,159,-1.0,-14.0,-0.01,275.0,2.0
2025-01-17 07:41:42,266.8,10.0,279.29,28.0,216.11,18.0,281.73,22.0,273.04,12.490000000000007,28.0,50.0,1.3238882128154428,78,-22.0,-81.0,-0.28,273.0,1.0
2025-01-17 07:41:44,274.18,44.0,278.38,26.0,269.43,14.0,279.09,44.0,276.28,4.199999999999989,58.0,70.0,20.61210881981867,128,-12.0,-28.0,-0.09,273.0,
2025-01-17 07:41:46,276.15,39.0,448.54,37.0,273.18,22.0,754.22,36.0,362.35,172.39000000000004,61.0,73.0,67.48494832182938,134,-12.0,-42.0,-0.09,278.0,3.0
2025-01-17 07:41:47,273.0,12.0,357.2,50.0,266.56,18.0,471.02,43.0,315.1,84.19999999999999,30.0,93.0,64.86376006677357,123,-63.0,-11.0,-0.51,278.0,
2025-01-17 07:41:48,276.0,7.0,277.0,14.0,266.69,13.0,356.0,35.0,276.5,1.0,20.0,49.0,51.3486627868726,69,-29.0,-54.0,-0.42,278.0,
2025-01-17 07:41:49,274.45,22.0,276.33,36.0,261.62,13.0,322.78,36.0,275.39,1.8799999999999957,35.0,72.0,51.55745872325318,107,-37.0,38.0,-0.35,275.8,5.0
2025-01-17 07:42:14,272.44,64.0,287.47,47.0,251.67,136.0,411.53,38.0,279.95,15.03000000000003,200.0,85.0,6.055259697159664,285,115.0,79.0,0.4,272.6,5.0
2025-01-17 07:42:15,276.97,69.0,295.28,36.0,275.83,48.0,336.73,22.0,286.12,18.309999999999945,117.0,58.0,8.498221578662175,175,59.0,-110.0,0.34,272.6,
2025-01-17 07:42:16,278.47,76.0,306.62,32.0,276.63,59.0,369.85,26.0,292.55,28.149999999999977,135.0,58.0,10.35476846675154,193,77.0,18.0,0.4,279.0,1.0
2025-01-17 07:42:17,279.72,87.0,307.35,40.0,276.29,42.0,310.14,28.0,293.54,27.629999999999995,129.0,68.0,9.53422624023706,197,61.0,4.0,0.31,280.0,5.0
2025-01-17 07:42:18,280.0,20.0,304.65,17.0,278.0,24.0,305.61,23.0,292.32,24.649999999999977,44.0,40.0,5.796104726453671,84,4.0,-113.0,0.05,280.0,1.0
2025-01-17 07:42:19,279.26,19.0,302.0,16.0,276.57,21.0,305.0,24.0,290.63,22.74000000000001,40.0,40.0,2.938651051080309,80,0.0,-4.0,0.0,280.0,
2025-01-17 07:42:20,278.0,8.0,291.64,22.0,273.18,17.0,303.57,21.0,284.82,13.639999999999986,25.0,43.0,3.488046731340603,68,-18.0,-12.0,-0.26,278.0,2.0
2025-01-17 07:42:21,280.8,80.0,295.98,47.0,279.11,18.0,300.73,30.0,288.39,15.180000000000009,98.0,77.0,3.453889112293149,175,21.0,107.0,0.12,281.0,4.0
2025-01-17 07:42:22,281.87,179.0,295.0,51.0,280.0,32.0,297.0,54.0,288.43,13.129999999999995,211.0,105.0,2.8202428973438955,316,106.0,141.0,0.34,282.0,1.0
2025-01-17 07:42:23,282.0,132.0,291.57,46.0,280.0,36.0,293.15,41.0,286.78,9.569999999999991,168.0,87.0,2.160682762466639,255,81.0,-61.0,0.32,282.0,
2025-01-17 07:42:24,282.83,132.0,288.27,56.0,280.0,36.0,289.82,40.0,285.55,5.439999999999998,168.0,96.0,1.633104405732256,264,72.0,9.0,0.27,282.0,
2025-01-17 07:42:25,283.0,98.0,284.09,44.0,280.0,33.0,286.11,53.0,283.55,1.089999999999975,131.0,97.0,2.059878637207173,228,34.0,-36.0,0.15,283.0,7.0
2025-01-17 07:42:26,280.92,39.0,286.23,39.0,279.0,18.0,292.0,27.0,283.58,5.310000000000002,57.0,66.0,2.102634062318979,123,-9.0,-105.0,-0.07,283.0,4.0
2025-01-17 07:42:27,280.0,13.0,286.0,27.0,278.0,9.0,327.95,21.0,283.0,6.0,22.0,48.0,1.6046401465829097,70,-26.0,-53.0,-0.37,280.0,2.0
2025-01-17 07:42:28,280.74,34.0,284.43,42.0,278.71,14.0,480.76,76.0,282.58,3.6899999999999977,48.0,118.0,1.1393287497587892,166,-70.0,96.0,-0.42,280.0,
2025-01-17 07:42:29,281.7,57.0,417.31,58.0,280.0,14.0,498.9,58.0,349.51,135.61,71.0,116.0,29.66770011308608,187,-45.0,21.0,-0.24,281.0,1.0
2025-01-17 07:42:30,282.31,52.0,452.34,59.0,280.0,13.0,474.66,62.0,367.32,170.02999999999997,65.0,121.0,41.75631473202567,186,-56.0,-1.0,-0.3,281.0,
2025-01-17 07:42:32,281.89,19.0,449.81,26.0,278.6,10.0,484.26,38.0,365.85,167.92000000000002,29.0,64.0,38.09463544910143,93,-35.0,-71.0,-0.38,283.0,4.0
2025-01-17 07:42:33,274.46,26.0,364.32,22.0,272.21,58.0,423.68,38.0,319.39,89.86000000000001,84.0,60.0,22.59228341712996,144,24.0,51.0,0.17,278.0,4.0
2025-01-17 07:42:34,274.44,27.0,363.82,55.0,272.68,53.0,502.0,14.0,319.13,89.38,80.0,69.0,28.111773867899803,149,11.0,5.0,0.07,278.0,
2025-01-17 07:42:35,273.27,30.0,361.57,51.0,272.45,40.0,451.55,31.0,317.42,88.30000000000001,70.0,82.0,29.134250119060027,152,-12.0,3.0,-0.08,275.0,8.0
2025-01-17 07:42:36,272.0,60.0,343.59,34.0,271.0,24.0,357.41,46.0,307.79,71.58999999999997,84.0,80.0,22.82595408739733,164,4.0,12.0,0.02,275.0,
2025-01-17 07:42:37,272.0,45.0,308.92,37.0,271.0,18.0,310.42,19.0,290.46,36.920000000000016,63.0,56.0,12.346759493891296,119,7.0,-45.0,0.06,275.0,
2025-01-17 07:42:38,272.82,44.0,305.34,32.0,271.38,26.0,306.27,48.0,289.08,32.51999999999998,70.0,80.0,14.372756520584534,150,-10.0,31.0,-0.07,275.0,
2025-01-17 07:42:39,281.0,26.0,302.53,43.0,272.0,65.0,305.2,61.0,291.77,21.529999999999973,91.0,104.0,12.646237780463196,195,-13.0,45.0,-0.07,275.0,
2025-01-17 07:42:40,281.32,19.0,299.64,33.0,274.72,36.0,301.0,55.0,290.48,18.319999999999997,55.0,88.0,7.813931788800272,143,-33.0,-52.0,-0.23,275.0,
2025-01-17 07:42:41,283.0,10.0,297.09,44.0,281.0,48.0,298.44,36.0,290.05,14.089999999999977,58.0,80.0,0.9678171315022636,138,-22.0,-5.0,-0.16,275.0,
2025-01-17 07:42:42,277.79,28.0,294.0,42.0,276.33,61.0,296.0,70.0,285.89,16.20999999999998,89.0,112.0,2.214368984616334,201,-23.0,63.0,-0.11,281.29,7.0
2025-01-17 07:42:43,277.0,33.0,293.22,27.0,275.0,22.0,295.27,37.0,285.11,16.220000000000027,55.0,64.0,2.966142275756851,119,-9.0,-82.0,-0.08,281.29,
2025-01-17 07:42:44,278.73,33.0,289.78,45.0,275.75,40.0,290.86,43.0,284.25,11.049999999999956,73.0,88.0,2.9007723109604093,161,-15.0,42.0,-0.09,281.29,
2025-01-17 07:42:45,280.0,39.0,286.72,47.0,276.48,33.0,288.43,37.0,283.36,6.720000000000027,72.0,84.0,2.5922808489893487,156,-12.0,-5.0,-0.08,281.29,
2025-01-17 07:42:46,281.89,72.0,284.22,54.0,279.67,12.0,309.86,21.0,283.06,2.330000000000041,84.0,75.0,1.1834399013212369,159,9.0,3.0,0.06,282.1,10.0
2025-01-17 07:42:47,282.64,25.0,285.85,13.0,281.83,53.0,414.05,42.0,284.24,3.2100000000000364,78.0,55.0,0.8132219869382485,133,23.0,-26.0,0.17,284.0,1.0
2025-01-17 07:42:48,282.0,77.0,321.59,22.0,279.0,16.0,530.3,61.0,301.8,39.589999999999975,93.0,83.0,8.099513565642935,176,10.0,43.0,0.06,282.0,1.0
2025-01-17 07:42:49,282.76,34.0,450.91,34.0,281.8,30.0,551.76,29.0,366.84,168.15000000000003,64.0,63.0,36.085171469732586,127,1.0,-49.0,0.01,283.0,2.0
2025-01-17 07:42:50,283.0,14.0,311.18,22.0,282.0,28.0,569.0,27.0,297.09,28.180000000000007,42.0,49.0,34.62816310461757,91,-7.0,-36.0,-0.08,283.0,
2025-01-17 07:42:51,283.0,22.0,341.51,39.0,282.0,44.0,546.98,43.0,312.26,58.50999999999999,66.0,82.0,32.02914422834284,148,-16.0,57.0,-0.11,283.0,
2025-01-17 07:42:52,283.0,20.0,321.08,39.0,282.0,40.0,457.35,31.0,302.04,38.079999999999984,60.0,70.0,28.951695632552877,130,-10.0,-18.0,-0.08,283.0,
2025-01-17 07:42:53,283.0,16.0,347.0,22.0,282.0,32.0,422.48,29.0,315.0,64.0,48.0,51.0,27.91574967648149,99,-3.0,-31.0,-0.03,283.0,
2025-01-17 07:42:54,283.0,18.0,334.88,34.0,282.0,36.0,422.29,28.0,308.94,51.88,54.0,62.0,7.386120768035065,116,-8.0,17.0,-0.07,283.0,
2025-01-17 07:42:55,282.78,18.0,442.43,28.0,281.8,30.0,540.33,36.0,362.6,159.65000000000003,48.0,64.0,24.20956257349508,112,-16.0,-4.0,-0.14,282.5,4.0
2025-01-17 07:42:57,279.2,30.0,323.48,31.0,274.5,36.0,328.35,34.0,301.34,44.28000000000003,66.0,65.0,34.23924239815988,131,1.0,28.0,0.01,278.6,5.0
2025-01-17 07:42:58,275.0,20.0,322.89,28.0,273.0,72.0,323.25,20.0,298.95,47.88999999999999,92.0,48.0,36.98094130765137,140,44.0,9.0,0.31,274.6,5.0
2025-01-17 07:42:59,273.0,104.0,320.84,37.0,266.0,13.0,321.39,41.0,296.92,47.839999999999975,117.0,78.0,39.00340651789226,195,39.0,55.0,0.2,274.6,
2025-01-17 07:43:00,274.71,28.0,317.73,11.0,272.4,35.0,320.9,31.0,296.22,43.02000000000004,63.0,42.0,35.08351778257114,105,21.0,-90.0,0.2,274.6,
2025-01-17 07:43:01,281.57,14.0,317.0,55.0,272.89,65.0,318.0,11.0,299.29,35.43000000000001,79.0,66.0,2.035762756319096,145,13.0,40.0,0.09,274.6,
2025-01-17 07:43:02,279.43,40.0,315.87,68.0,277.81,47.0,316.38,66.0,297.65,36.44,87.0,134.0,1.3072604943229238,221,-47.0,76.0,-0.21,274.6,
2025-01-17 07:43:03,283.2,15.0,312.27,15.0,281.5,28.0,314.12,41.0,297.73,29.069999999999997,43.0,56.0,1.1440148600511733,99,-13.0,-122.0,-0.13,283.33,3.0
2025-01-17 07:43:04,277.36,14.0,309.31,26.0,275.81,37.0,312.33,24.0,293.33,31.94999999999999,51.0,50.0,2.244722700027636,101,1.0,2.0,0.01,283.33,
2025-01-17 07:43:05,278.41,17.0,305.48,50.0,276.0,51.0,307.26,43.0,291.95,27.069999999999997,68.0,93.0,3.165059241155055,161,-25.0,60.0,-0.16,283.33,
2025-01-17 07:43:06,279.0,32.0,302.09,47.0,275.13,89.0,303.56,27.0,290.54,23.08999999999997,121.0,74.0,3.300393915887041,195,47.0,34.0,0.24,283.33,
2025-01-17 07:43:07,279.52,25.0,296.31,71.0,277.17,72.0,297.35,62.0,287.91,16.79000000000002,97.0,133.0,3.641348651259295,230,-36.0,35.0,-0.16,283.33,
2025-01-17 07:43:08,275.36,94.0,294.33,81.0,271.52,65.0,296.5,80.0,284.85,18.96999999999997,159.0,161.0,3.378990973653644,320,-2.0,90.0,-0.01,277.25,8.0
2025-01-17 07:43:09,274.76,59.0,292.08,61.0,259.45,20.0,293.31,65.0,283.42,17.319999999999993,79.0,126.0,3.6265451879215367,205,-47.0,-115.0,-0.23,277.25,
2025-01-17 07:43:10,279.25,56.0,288.15,52.0,272.23,66.0,289.51,53.0,283.7,8.899999999999977,122.0,105.0,3.0615894564817614,227,17.0,22.0,0.07,283.0,1.0
2025-01-17 07:43:11,274.45,179.0,283.32,53.0,273.17,101.0,285.0,48.0,278.89,8.870000000000005,280.0,101.0,3.2498661510968323,381,179.0,154.0,0.47,283.0,3.0
2025-01-17 07:43:12,275.06,108.0,281.59,22.0,273.5,145.0,285.13,67.0,278.32,6.529999999999973,253.0,89.0,3.0045349057797206,342,164.0,-39.0,0.48,281.0,6.0
2025-01-17 07:43:13,277.5,112.0,280.73,45.0,270.35,172.0,345.05,78.0,279.12,3.230000000000018,284.0,123.0,2.6379347982941157,407,161.0,65.0,0.4,278.0,1.0
2025-01-17 07:43:14,278.11,54.0,280.75,59.0,268.34,177.0,339.47,55.0,279.43,2.6399999999999864,231.0,114.0,2.167110980095977,345,117.0,-62.0,0.34,278.0,3.0
2025-01-17 07:43:15,279.0,36.0,280.58,60.0,278.0,36.0,321.67,48.0,279.79,1.579999999999984,72.0,108.0,0.5561924127980483,180,-36.0,-165.0,-0.2,278.0,
2025-01-17 07:43:16,278.84,38.0,285.26,35.0,277.5,38.0,336.73,55.0,282.05,6.420000000000016,76.0,90.0,1.3995963704057472,166,-14.0,-14.0,-0.08,279.5,6.0
2025-01-17 07:43:17,278.33,18.0,303.0,24.0,268.0,6.0,467.76,29.0,290.67,24.670000000000016,24.0,53.0,4.866468945760205,77,-29.0,-89.0,-0.38,279.5,
2025-01-17 07:43:18,274.69,42.0,335.0,52.0,271.37,19.0,345.0,52.0,304.85,60.31,61.0,104.0,10.784735509044214,165,-43.0,88.0,-0.26,275.0,7.0
2025-01-17 07:43:19,270.0,36.0,339.89,36.0,268.0,9.0,554.22,36.0,304.94,69.88999999999999,45.0,72.0,12.05574137081704,117,-27.0,-48.0,-0.23,275.0,
2025-01-17 07:43:20,270.2,25.0,374.71,28.0,268.8,10.0,540.07,29.0,322.46,104.51,35.0,57.0,15.465194146858066,92,-22.0,-25.0,-0.24,275.0,
2025-01-17 07:43:21,270.15,52.0,292.15,52.0,268.84,19.0,439.68,56.0,281.15,22.0,71.0,108.0,15.743539309825271,179,-37.0,87.0,-0.21,271.0,4.0
2025-01-17 07:43:22,274.58,50.0,332.09,44.0,270.31,32.0,586.91,55.0,303.34,57.50999999999999,82.0,99.0,14.686816196848415,181,-17.0,2.0,-0.09,275.0,5.0
2025-01-17 07:43:25,274.0,180.0,457.66,35.0,272.0,40.0,463.43,35.0,365.83,183.66000000000005,220.0,70.0,49.40076973084458,290,150.0,63.0,0.52,275.0,
2025-01-17 07:43:26,274.0,91.0,455.71,14.0,272.0,28.0,458.0,35.0,364.86,181.71,119.0,49.0,34.39882657882239,168,70.0,-122.0,0.42,274.0,5.0
2025-01-17 07:43:27,275.6,10.0,455.0,16.0,274.32,38.0,458.0,40.0,365.3,179.39999999999998,48.0,56.0,12.3295186442891,104,-8.0,-64.0,-0.08,274.0,
2025-01-17 07:43:28,277.88,8.0,442.08,13.0,275.0,16.0,478.71,31.0,359.98,164.2,24.0,44.0,7.804647333472847,68,-20.0,-36.0,-0.29,274.0,
2025-01-17 07:43:29,278.17,30.0,326.93,29.0,274.36,116.0,381.09,22.0,302.55,48.75999999999999,146.0,51.0,27.57754213123268,197,95.0,129.0,0.48,274.0,
2025-01-17 07:43:30,275.87,62.0,314.21,28.0,274.0,107.0,345.33,21.0,295.04,38.339999999999975,169.0,49.0,35.53555796663307,218,120.0,21.0,0.55,276.6,5.0
2025-01-17 07:43:31,283.0,13.0,312.55,22.0,274.0,99.0,316.32,25.0,297.77,29.55000000000001,112.0,47.0,35.30922499857457,159,65.0,-59.0,0.41,283.0,1.0
2025-01-17 07:43:32,283.0,11.0,309.36,25.0,274.0,121.0,310.2,30.0,296.18,26.360000000000014,132.0,55.0,27.91687536240379,187,77.0,28.0,0.41,283.0,
2025-01-17 07:43:33,283.0,11.0,307.15,27.0,274.0,121.0,308.64,28.0,295.07,24.149999999999977,132.0,55.0,3.1271344710470275,187,77.0,0.0,0.41,283.0,
2025-01-17 07:43:34,275.42,38.0,304.18,17.0,273.61,82.0,305.17,23.0,289.8,28.75999999999999,120.0,40.0,2.993821971997523,160,80.0,-27.0,0.5,276.25,4.0
2025-01-17 07:43:35,274.09,91.0,300.09,22.0,272.43,46.0,301.67,12.0,287.09,26.0,137.0,34.0,4.53190578013467,171,103.0,11.0,0.6,276.25,
2025-01-17 07:43:36,282.0,12.0,296.59,32.0,276.0,40.0,297.64,22.0,289.3,14.589999999999977,52.0,54.0,3.9314335807719063,106,-2.0,-65.0,-0.02,276.25,
2025-01-17 07:43:37,279.78,18.0,291.77,22.0,276.85,26.0,292.86,35.0,285.78,11.990000000000007,44.0,57.0,3.562270343478245,101,-13.0,-5.0,-0.13,282.0,1.0
2025-01-17 07:43:38,274.92,52.0,287.78,27.0,273.69,58.0,288.44,16.0,281.35,12.859999999999957,110.0,43.0,3.390594343183696,153,67.0,52.0,0.44,276.5,4.0
2025-01-17 07:43:39,280.69,144.0,284.67,30.0,275.23,78.0,286.15,34.0,282.68,3.980000000000018,222.0,64.0,3.235869280430169,286,158.0,133.0,0.55,276.5,
2025-01-17 07:43:40,281.0,112.0,282.1,31.0,276.14,70.0,283.13,45.0,281.55,1.1000000000000227,182.0,76.0,3.3889039526126443,258,106.0,-28.0,0.41,281.0,7.0
2025-01-17 07:43:41,281.0,54.0,282.0,18.0,273.94,32.0,283.0,27.0,281.5,1.0,86.0,45.0,1.8701524002166772,131,41.0,-127.0,0.31,281.0,
2025-01-17 07:43:42,278.75,52.0,296.3,30.0,271.93,27.0,477.58,31.0,287.52,17.55000000000001,79.0,61.0,2.62563325695642,140,18.0,9.0,0.13,276.83,12.0
2025-01-17 07:43:43,271.08,72.0,362.0,21.0,247.48,61.0,573.67,33.0,316.54,90.92000000000002,133.0,54.0,15.06442896362234,187,79.0,47.0,0.42,276.83,
2025-01-17 07:43:44,273.27,22.0,386.69,13.0,271.0,121.0,575.51,47.0,329.98,113.42000000000002,143.0,60.0,22.41138817655005,203,83.0,16.0,0.41,276.83,
2025-01-17 07:43:45,275.38,26.0,359.8,49.0,271.54,89.0,386.3,40.0,317.59,84.42000000000002,115.0,89.0,20.977732956637503,204,26.0,1.0,0.13,276.83,
2025-01-17 07:43:46,276.33,18.0,331.6,20.0,275.0,18.0,335.57,28.0,303.97,55.27000000000004,36.0,48.0,16.0858586963826,84,-12.0,-120.0,-0.14,276.83,
2025-01-17 07:43:47,271.0,66.0,318.0,12.0,209.91,22.0,319.0,24.0,294.5,47.0,88.0,36.0,13.643127573983366,124,52.0,40.0,0.42,276.0,4.0
2025-01-17 07:43:48,271.0,88.0,318.0,16.0,219.0,24.0,320.5,32.0,294.5,47.0,112.0,48.0,15.457773772441916,160,64.0,36.0,0.4,276.0,
2025-01-17 07:43:49,271.0,88.0,317.12,16.0,236.47,60.0,323.0,32.0,294.06,46.120000000000005,148.0,48.0,10.206416119285262,196,100.0,36.0,0.51,276.0,
2025-01-17 07:43:50,271.25,59.0,316.0,18.0,243.89,110.0,330.78,36.0,293.63,44.75,169.0,54.0,4.396426958339568,223,115.0,27.0,0.52,272.5,2.0
2025-01-17 07:43:51,281.33,12.0,313.0,33.0,272.57,21.0,372.59,44.0,297.17,31.670000000000016,33.0,77.0,1.388297518551888,110,-44.0,-113.0,-0.4,282.0,1.0
2025-01-17 07:43:52,274.0,49.0,309.29,14.0,244.43,21.0,311.0,35.0,291.64,35.29000000000002,70.0,49.0,1.9880266597856295,119,21.0,9.0,0.18,274.0,9.0
2025-01-17 07:43:53,274.0,16.0,306.91,11.0,262.88,24.0,309.4,25.0,290.45,32.910000000000025,40.0,36.0,2.573956099085588,76,4.0,-43.0,0.05,274.0,
2025-01-17 07:43:54,274.0,15.0,304.55,11.0,265.0,33.0,307.0,22.0,289.27,30.55000000000001,48.0,33.0,3.0999064502048466,81,15.0,5.0,0.19,274.0,1.0
2025-01-17 07:43:55,279.04,25.0,301.5,22.0,263.12,24.0,302.84,19.0,290.27,22.45999999999998,49.0,41.0,3.139219648260181,90,8.0,9.0,0.09,274.0,
2025-01-17 07:43:56,281.0,36.0,299.0,6.0,274.0,6.0,300.0,18.0,290.0,18.0,42.0,24.0,0.8611794238282231,66,18.0,-24.0,0.27,274.0,
2025-01-17 07:43:57,281.31,78.0,297.58,19.0,279.33,24.0,299.37,30.0,289.44,16.269999999999982,102.0,49.0,0.5140330728910625,151,53.0,85.0,0.35,274.0,
2025-01-17 07:43:58,281.0,39.0,294.04,23.0,278.0,12.0,295.12,16.0,287.52,13.04000000000002,51.0,39.0,1.074686000665677,90,12.0,-61.0,0.13,281.0,3.0
2025-01-17 07:43:59,281.0,36.0,291.91,23.0,278.0,12.0,291.9,20.0,286.46,10.910000000000023,48.0,43.0,1.666229275948452,91,5.0,1.0,0.05,281.0,
2025-01-17 07:44:00,281.36,25.0,289.1,20.0,279.06,31.0,290.52,23.0,285.23,7.740000000000009,56.0,43.0,1.9989997498822545,99,13.0,8.0,0.13,281.5,4.0
2025-01-17 07:44:01,279.9,77.0,285.58,45.0,276.89,54.0,286.14,37.0,282.74,5.680000000000007,131.0,82.0,2.5094660786772263,213,49.0,114.0,0.23,280.0,3.0
2025-01-17 07:44:02,279.32,74.0,282.77,31.0,276.4,35.0,305.85,41.0,281.05,3.4499999999999886,109.0,72.0,2.666692708212618,181,37.0,-32.0,0.2,281.0,8.0
2025-01-17 07:44:03,279.62,140.0,284.2,30.0,277.2,30.0,333.17,48.0,281.91,4.579999999999984,170.0,78.0,2.2836527757161678,248,92.0,67.0,0.37,280.0,5.0
2025-01-17 07:44:04,280.0,84.0,283.28,18.0,274.77,113.0,288.0,48.0,281.64,3.2799999999999727,197.0,66.0,1.635521323626734,263,131.0,15.0,0.5,276.4,5.0
2025-01-17 07:44:05,275.44,27.0,284.0,20.0,274.13,76.0,308.0,20.0,279.72,8.560000000000002,103.0,40.0,1.1244420838973446,143,63.0,-120.0,0.44,276.4,
2025-01-17 07:44:06,277.5,60.0,282.17,48.0,275.0,60.0,323.0,33.0,279.83,4.670000000000016,120.0,81.0,1.0127931674533792,201,39.0,58.0,0.19,278.0,3.0
2025-01-17 07:44:07,276.64,33.0,283.44,27.0,272.94,96.0,560.67,15.0,280.04,6.800000000000011,129.0,42.0,1.0576719718516292,171,87.0,-30.0,0.51,278.0,3.0
2025-01-17 07:44:08,275.0,25.0,308.2,5.0,272.0,110.0,310.0,5.0,291.6,33.19999999999999,135.0,10.0,5.109714277730015,145,125.0,-26.0,0.86,278.0,
2025-01-17 07:44:09,275.0,25.0,341.8,5.0,272.0,110.0,732.07,14.0,308.4,66.80000000000001,135.0,19.0,12.5275225004799,154,116.0,9.0,0.75,278.0,
2025-01-17 07:44:10,275.0,45.0,314.22,27.0,272.0,198.0,393.22,9.0,294.61,39.22000000000003,243.0,36.0,11.842598110213231,279,207.0,125.0,0.74,278.0,
