DateTime,Bid1_Price,Bid1_Volume,Ask1_Price,Ask1_Volume,Bid2_Price,Bid2_Volume,Ask2_Price,Ask2_Volume,Mid-Price,Bid_Ask_Spread,Market_Depth_Bid,Market_Depth_Ask,Historical_Volatility,Total_volume,Cumulative_Volume_Difference,Total_Volume_Change_Corrected,Order_imbalance,Weighted_Avg_Price,Trade_Volume
2025-06-25 07:30:17,91.6,109.0,99.48,27.0,89.83,46.0,101.56,59.0,95.54,7.88000000000001,155.0,86.0,3.0911923265977537,241,69.0,-52.0,0.29,99.6,5.0
2025-06-25 07:30:19,92.97,62.0,101.92,24.0,91.36,42.0,102.86,42.0,97.44,8.950000000000003,104.0,66.0,1.739387823349531,170,38.0,109.0,0.22,100.33,6.0
2025-06-25 07:30:20,95.56,50.0,101.83,70.0,93.62,63.0,107.61,62.0,98.69,6.269999999999996,113.0,132.0,1.5828613331611057,245,-19.0,75.0,-0.08,101.33,6.0
2025-06-25 07:30:21,100.88,17.0,102.0,22.0,97.27,11.0,116.0,35.0,101.44,1.1200000000000043,28.0,57.0,2.1450361302356806,85,-29.0,-160.0,-0.34,102.0,3.0
2025-06-25 07:30:22,100.0,11.0,102.0,11.0,97.45,49.0,114.0,55.0,101.0,2.0,60.0,66.0,1.791334697932358,126,-6.0,41.0,-0.05,102.0,
2025-06-25 07:30:23,98.7,23.0,102.0,11.0,97.11,57.0,105.0,55.0,100.35,3.299999999999997,80.0,66.0,1.675747594363897,146,14.0,20.0,0.1,102.0,
2025-06-25 07:30:24,96.25,72.0,102.0,12.0,94.56,54.0,105.0,60.0,99.12,5.75,126.0,72.0,1.184757359131551,198,54.0,52.0,0.27,102.0,
2025-06-25 07:30:25,95.67,24.0,101.0,7.0,94.86,35.0,102.0,7.0,98.33,5.329999999999998,59.0,14.0,1.298834092567784,73,45.0,-125.0,0.62,102.0,
2025-06-25 07:30:26,97.73,22.0,101.0,11.0,96.0,41.0,102.0,11.0,99.36,3.269999999999996,63.0,22.0,1.0509852520451606,85,41.0,12.0,0.48,102.0,
2025-06-25 07:30:27,98.25,16.0,101.0,8.0,96.0,66.0,102.0,8.0,99.62,2.75,82.0,16.0,0.7358872196311496,98,66.0,13.0,0.67,102.0,
2025-06-25 07:30:28,99.1,20.0,101.0,10.0,96.0,150.0,102.0,10.0,100.05,1.9000000000000057,170.0,20.0,0.6406481093521397,190,150.0,92.0,0.79,102.0,
2025-06-25 07:30:29,97.71,103.0,104.5,40.0,95.28,53.0,181.92,12.0,101.1,6.790000000000006,156.0,52.0,1.010084154917998,208,104.0,18.0,0.5,102.38,8.0
2025-06-25 07:30:30,108.76,97.0,139.57,51.0,98.33,48.0,224.89,38.0,124.17,30.809999999999988,145.0,89.0,10.815005779009809,234,56.0,26.0,0.24,102.38,
2025-06-25 07:30:31,110.0,143.0,162.78,55.0,104.0,26.0,191.07,40.0,136.39,52.78,169.0,95.0,17.01105611065974,264,74.0,30.0,0.28,102.38,
2025-06-25 07:30:32,110.0,147.0,129.16,95.0,104.0,38.0,132.01,86.0,119.58,19.16,185.0,181.0,15.583621851161992,366,4.0,102.0,0.01,110.0,5.0
2025-06-25 07:30:33,110.0,60.0,125.21,38.0,104.0,20.0,126.74,42.0,117.61,15.209999999999994,80.0,80.0,12.736316186402286,160,0.0,-164.0,0.0,110.0,
2025-06-25 07:30:34,110.0,45.0,119.37,52.0,105.07,27.0,120.38,34.0,114.68,9.370000000000005,72.0,86.0,8.504571123814085,158,-14.0,-2.0,-0.09,110.0,3.0
2025-06-25 07:30:35,110.0,27.0,116.33,39.0,109.0,9.0,117.62,39.0,113.17,6.329999999999998,36.0,78.0,9.34161281578362,114,-42.0,-44.0,-0.37,110.0,
2025-06-25 07:30:36,109.83,30.0,112.15,46.0,108.08,13.0,113.57,46.0,110.99,2.3200000000000074,43.0,92.0,3.4317531962560803,135,-49.0,21.0,-0.36,109.75,4.0
2025-06-25 07:30:37,106.15,33.0,109.98,47.0,103.47,38.0,111.69,29.0,108.07,3.8299999999999983,71.0,76.0,3.6194723372356767,147,-5.0,12.0,-0.03,108.0,2.0
2025-06-25 07:30:38,106.58,62.0,108.0,65.0,105.58,59.0,109.0,13.0,107.29,1.4200000000000017,121.0,78.0,3.180896100160255,199,43.0,52.0,0.22,107.0,6.0
2025-06-25 07:30:39,104.67,18.0,108.04,23.0,103.68,56.0,158.0,18.0,106.36,3.3700000000000045,74.0,41.0,2.8263368518304874,115,33.0,-84.0,0.29,107.8,5.0
2025-06-25 07:30:40,103.25,48.0,107.0,10.0,102.88,64.0,188.2,20.0,105.12,3.75,112.0,30.0,2.207448753655543,142,82.0,27.0,0.58,103.67,3.0
2025-06-25 07:30:41,103.0,61.0,106.55,11.0,102.0,22.0,226.82,22.0,104.77,3.549999999999997,83.0,33.0,1.4006676979268475,116,50.0,-26.0,0.43,103.0,2.0
2025-06-25 07:30:42,103.0,68.0,104.56,36.0,102.0,16.0,251.22,18.0,103.78,1.5600000000000025,84.0,54.0,1.375946946657422,138,30.0,22.0,0.22,103.0,2.0
2025-06-25 07:30:43,103.0,46.0,104.0,18.0,102.0,8.0,280.0,8.0,103.5,1.0,54.0,26.0,1.142707311613975,80,28.0,-58.0,0.35,103.0,1.0
2025-06-25 07:30:44,103.0,85.0,104.0,20.0,102.0,10.0,262.4,20.0,103.5,1.0,95.0,40.0,0.7592628003637215,135,55.0,55.0,0.41,103.0,
2025-06-25 07:30:45,103.14,87.0,162.91,33.0,102.53,34.0,252.5,40.0,133.02,59.77,121.0,73.0,13.038910230537486,194,48.0,59.0,0.25,103.57,7.0
2025-06-25 07:30:46,104.87,38.0,329.06,18.0,103.87,46.0,378.82,22.0,216.96,224.19,84.0,40.0,49.09173779771919,124,44.0,-70.0,0.35,103.57,
2025-06-25 07:30:47,106.56,16.0,183.0,8.0,104.26,23.0,326.0,8.0,144.78,76.44,39.0,16.0,46.52496878021531,55,23.0,-69.0,0.42,106.6,5.0
2025-06-25 07:30:48,106.5,14.0,182.53,19.0,105.21,14.0,273.58,19.0,144.51,76.03,28.0,38.0,41.77662600067181,66,-10.0,11.0,-0.15,105.0,4.0
2025-06-25 07:30:49,104.47,34.0,179.94,16.0,103.91,44.0,181.88,32.0,142.2,75.47,78.0,48.0,34.24951941268675,126,30.0,60.0,0.24,105.0,
2025-06-25 07:30:50,105.58,24.0,161.38,24.0,104.0,60.0,174.92,26.0,133.48,55.8,84.0,50.0,34.17190190785416,134,34.0,8.0,0.25,105.0,
2025-06-25 07:30:51,106.14,29.0,147.22,23.0,104.14,49.0,149.76,29.0,126.68,41.08,78.0,52.0,7.968952252335849,130,26.0,-4.0,0.2,107.0,2.0
2025-06-25 07:30:52,99.67,61.0,125.45,11.0,89.94,53.0,145.78,23.0,112.56,25.78,114.0,34.0,12.93137193031,148,80.0,18.0,0.54,103.38,8.0
2025-06-25 07:30:53,99.0,28.0,100.27,15.0,68.0,42.0,107.57,7.0,99.63,1.269999999999996,70.0,22.0,16.934600674359306,92,48.0,-56.0,0.52,103.38,
2025-06-25 07:30:54,108.0,40.0,130.0,15.0,89.23,31.0,573.0,5.0,119.0,22.0,71.0,20.0,13.063870023848654,91,51.0,-1.0,0.56,100.6,5.0
2025-06-25 07:30:55,109.0,44.0,153.75,16.0,103.6,30.0,557.62,8.0,131.38,44.75,74.0,24.0,12.473018880768665,98,50.0,7.0,0.51,109.0,5.0
2025-06-25 07:30:58,109.0,90.0,234.06,32.0,108.0,30.0,463.52,25.0,171.53,125.06,120.0,57.0,85.53927361159904,177,63.0,69.0,0.36,109.0,
2025-06-25 07:30:59,109.0,48.0,265.11,19.0,108.0,16.0,327.35,17.0,187.05,156.11,64.0,36.0,73.91311947144433,100,28.0,-77.0,0.28,109.0,
2025-06-25 07:31:00,109.0,72.0,343.54,35.0,108.0,24.0,405.4,30.0,226.27,234.54,96.0,65.0,57.69894297125381,161,31.0,61.0,0.19,109.0,
2025-06-25 07:31:01,109.0,72.0,245.82,33.0,108.0,24.0,276.48,31.0,177.41,136.82,96.0,64.0,42.2559378076029,160,32.0,-1.0,0.2,109.0,
2025-06-25 07:31:02,109.0,72.0,242.83,24.0,108.0,24.0,245.0,36.0,175.92,133.83,96.0,60.0,22.32805589387499,156,36.0,-4.0,0.23,109.0,
2025-06-25 07:31:03,109.0,72.0,241.08,26.0,108.0,24.0,243.47,34.0,175.04,132.08,96.0,60.0,21.742586552662164,156,36.0,0.0,0.23,109.0,
2025-06-25 07:31:04,109.29,68.0,237.67,36.0,108.25,73.0,240.0,24.0,173.48,128.38,141.0,60.0,22.76638157459384,201,81.0,45.0,0.4,109.0,
2025-06-25 07:31:05,110.0,75.0,220.84,45.0,109.0,90.0,256.63,38.0,165.42,110.84,165.0,83.0,4.711483842698315,248,82.0,47.0,0.33,109.0,
2025-06-25 07:31:06,110.0,65.0,155.54,48.0,109.0,78.0,160.81,54.0,132.77,45.53999999999999,143.0,102.0,18.233103959556853,245,41.0,-3.0,0.17,109.0,
2025-06-25 07:31:07,110.0,60.0,149.64,36.0,109.0,72.0,155.06,48.0,129.82,39.63999999999999,132.0,84.0,22.245367607661805,216,48.0,-29.0,0.22,109.0,
2025-06-25 07:31:08,110.0,50.0,149.68,34.0,109.0,60.0,150.72,32.0,129.84,39.68000000000001,110.0,66.0,21.388688131814213,176,44.0,-40.0,0.25,109.0,
2025-06-25 07:31:09,109.59,59.0,147.54,39.0,108.51,82.0,148.47,45.0,128.57,37.94999999999999,141.0,84.0,15.804025752953311,225,57.0,49.0,0.25,110.0,5.0
2025-06-25 07:31:10,108.44,63.0,143.55,33.0,107.92,65.0,144.73,33.0,125.99,35.110000000000014,128.0,66.0,2.4517279620734014,194,62.0,-31.0,0.32,108.67,9.0
2025-06-25 07:31:11,108.0,63.0,140.44,27.0,107.0,9.0,141.89,27.0,124.22,32.44,72.0,54.0,2.493224819388093,126,18.0,-68.0,0.14,108.67,
2025-06-25 07:31:12,108.0,50.0,137.56,36.0,107.0,10.0,139.65,20.0,122.78,29.56,60.0,56.0,2.936639235591078,116,4.0,-10.0,0.03,108.0,3.0
2025-06-25 07:31:13,108.0,60.0,131.69,49.0,107.0,15.0,132.89,56.0,119.85,23.69,75.0,105.0,3.2865894176202146,180,-30.0,64.0,-0.17,108.0,
2025-06-25 07:31:14,108.66,82.0,125.82,60.0,107.84,43.0,127.92,38.0,117.24,17.159999999999997,125.0,98.0,3.4905486674752764,223,27.0,43.0,0.12,108.0,
2025-06-25 07:31:15,109.54,52.0,124.64,55.0,108.11,45.0,126.0,22.0,117.09,15.099999999999994,97.0,77.0,3.2158404811205377,174,20.0,-49.0,0.11,109.0,2.0
2025-06-25 07:31:16,111.08,48.0,121.98,42.0,109.0,60.0,123.21,33.0,116.53,10.900000000000006,108.0,75.0,2.6173211495752096,183,33.0,9.0,0.18,109.0,
2025-06-25 07:31:17,113.0,48.0,119.96,52.0,109.0,132.0,120.89,44.0,116.48,6.959999999999994,180.0,96.0,1.389269592272786,276,84.0,93.0,0.3,109.0,
2025-06-25 07:31:18,113.0,51.0,115.03,68.0,109.56,96.0,116.62,42.0,114.01,2.030000000000001,147.0,110.0,1.3069621264649858,257,37.0,-19.0,0.14,113.0,3.0
2025-06-25 07:31:19,109.83,41.0,115.39,23.0,108.83,88.0,123.0,11.0,112.61,5.560000000000002,129.0,34.0,1.9364865091226269,163,95.0,-94.0,0.58,110.67,6.0
2025-06-25 07:31:20,109.0,92.0,114.47,34.0,108.0,94.0,115.2,60.0,111.74,5.469999999999999,186.0,94.0,2.191786942203552,280,92.0,117.0,0.33,109.0,8.0
2025-06-25 07:31:21,109.0,18.0,112.47,15.0,108.0,54.0,114.91,46.0,110.73,3.469999999999999,72.0,61.0,2.2337255874466853,133,11.0,-147.0,0.08,109.0,
2025-06-25 07:31:22,106.18,79.0,110.29,41.0,105.1,101.0,237.12,26.0,108.23,4.109999999999999,180.0,67.0,2.171930017292015,247,113.0,114.0,0.46,108.08,12.0
2025-06-25 07:31:23,105.0,78.0,107.45,11.0,104.0,99.0,217.64,11.0,106.23,2.450000000000003,177.0,22.0,2.6304030109498675,199,155.0,-48.0,0.78,105.0,5.0
2025-06-25 07:31:24,105.0,45.0,106.33,12.0,104.0,110.0,213.54,26.0,105.67,1.3299999999999983,155.0,38.0,2.6787683737147137,193,117.0,-6.0,0.61,105.17,6.0
2025-06-25 07:31:25,105.0,6.0,106.67,6.0,104.0,33.0,296.67,15.0,105.83,1.6700000000000017,39.0,21.0,2.1555324168321426,60,18.0,-133.0,0.3,105.17,
2025-06-25 07:31:26,104.67,24.0,106.0,18.0,103.97,91.0,506.22,9.0,105.33,1.3299999999999983,115.0,27.0,1.1488777132550845,142,88.0,82.0,0.62,104.4,5.0
2025-06-25 07:31:27,104.0,24.0,106.0,6.0,103.0,9.0,495.27,11.0,105.0,2.0,33.0,17.0,0.4708715323888723,50,16.0,-92.0,0.32,104.4,
2025-06-25 07:31:28,104.03,33.0,106.0,10.0,103.4,20.0,523.0,30.0,105.02,1.9699999999999989,53.0,40.0,0.3750333318709805,93,13.0,43.0,0.14,104.4,
2025-06-25 07:31:30,109.0,21.0,341.38,21.0,103.81,32.0,421.56,18.0,225.19,232.38,53.0,39.0,89.9447873420134,92,14.0,-29.0,0.15,109.0,1.0
2025-06-25 07:31:31,109.0,30.0,165.11,19.0,104.07,15.0,231.74,35.0,137.05,56.110000000000014,45.0,54.0,85.42842834794523,99,-9.0,7.0,-0.09,109.0,
2025-06-25 07:31:32,109.0,26.0,117.76,25.0,104.0,13.0,202.22,23.0,113.38,8.760000000000005,39.0,48.0,83.79550029685372,87,-9.0,-12.0,-0.1,109.0,
2025-06-25 07:31:33,106.15,62.0,114.23,30.0,89.29,52.0,115.25,40.0,110.19,8.079999999999998,114.0,70.0,82.72608548698537,184,44.0,97.0,0.24,105.33,9.0
2025-06-25 07:31:34,106.91,45.0,109.57,28.0,99.91,46.0,149.89,18.0,108.24,2.6599999999999966,91.0,46.0,49.66114225428177,137,45.0,-47.0,0.33,108.0,4.0
2025-06-25 07:31:35,101.0,70.0,107.5,16.0,67.09,22.0,231.64,28.0,104.25,6.5,92.0,44.0,12.966386158063107,136,48.0,-1.0,0.35,108.0,
2025-06-25 07:31:36,101.0,51.0,109.82,11.0,55.74,43.0,245.66,41.0,105.41,8.819999999999993,94.0,52.0,3.678876187099863,146,42.0,10.0,0.29,108.0,
2025-06-25 07:31:37,101.0,24.0,110.88,8.0,83.12,8.0,178.12,40.0,105.94,9.879999999999995,32.0,48.0,2.3843091242560024,80,-16.0,-66.0,-0.2,108.0,
2025-06-25 07:31:38,101.68,28.0,106.32,19.0,72.81,31.0,221.59,39.0,104.0,4.639999999999986,59.0,58.0,1.6954851813007443,117,1.0,37.0,0.01,101.33,3.0
2025-06-25 07:31:39,102.0,52.0,107.65,40.0,101.0,10.0,225.71,14.0,104.83,5.650000000000006,62.0,54.0,0.8028262576737434,116,8.0,-1.0,0.07,102.75,4.0
2025-06-25 07:31:40,102.67,45.0,175.08,26.0,101.0,9.0,284.21,29.0,138.87,72.41000000000001,54.0,55.0,15.144116019101618,109,-1.0,-7.0,-0.01,102.75,
2025-06-25 07:31:41,109.0,88.0,202.65,23.0,103.0,55.0,359.31,32.0,155.83,93.65,143.0,55.0,24.00907182712422,198,88.0,89.0,0.44,102.75,
2025-06-25 07:31:42,109.0,42.0,264.26,27.0,103.0,45.0,408.48,33.0,186.63,155.26,87.0,60.0,35.14180729558469,147,27.0,-51.0,0.18,109.0,5.0
2025-06-25 07:31:43,109.0,24.0,346.26,34.0,103.0,40.0,431.93,27.0,227.63,237.26,64.0,61.0,46.77749373363229,125,3.0,-22.0,0.02,109.0,
2025-06-25 07:31:44,109.0,33.0,298.74,38.0,103.0,55.0,542.47,30.0,203.87,189.74,88.0,68.0,35.795581850278786,156,20.0,31.0,0.13,109.0,
2025-06-25 07:31:45,109.0,33.0,405.65,49.0,103.0,55.0,437.84,37.0,257.33,296.65,88.0,86.0,38.72678556245028,174,2.0,18.0,0.01,109.0,
2025-06-25 07:31:46,109.0,48.0,417.91,34.0,103.38,40.0,439.0,25.0,263.46,308.91,88.0,59.0,33.20880124304409,147,29.0,-27.0,0.2,109.0,4.0
2025-06-25 07:31:47,103.6,30.0,269.02,43.0,102.36,14.0,428.63,43.0,186.31,165.42,44.0,86.0,33.308101116695426,130,-42.0,-17.0,-0.32,106.0,6.0
2025-06-25 07:31:48,104.19,21.0,370.0,50.0,102.88,16.0,404.53,34.0,237.1,265.81,37.0,84.0,33.56992150720652,121,-47.0,-9.0,-0.39,106.0,
2025-06-25 07:31:49,108.0,21.0,180.58,19.0,105.29,14.0,363.75,24.0,144.29,72.58000000000001,35.0,43.0,51.02752855077353,78,-8.0,-43.0,-0.1,106.0,
2025-06-25 07:31:50,108.94,48.0,112.5,30.0,107.88,17.0,114.0,6.0,110.72,3.5600000000000023,65.0,36.0,63.22565404960244,101,29.0,23.0,0.29,109.0,5.0
2025-06-25 07:31:51,109.0,32.0,111.0,20.0,108.0,12.0,184.5,12.0,110.0,2.0,44.0,32.0,54.27966774032438,76,12.0,-25.0,0.16,109.0,
2025-06-25 07:31:52,109.0,80.0,111.0,50.0,108.0,30.0,226.23,30.0,110.0,2.0,110.0,80.0,54.9427021541534,190,30.0,114.0,0.16,109.0,
2025-06-25 07:31:53,109.0,64.0,110.38,40.0,108.0,24.0,310.0,8.0,109.69,1.3799999999999957,88.0,48.0,15.293794493192792,136,40.0,-54.0,0.29,109.0,
2025-06-25 07:31:54,109.0,57.0,112.86,42.0,108.0,27.0,156.96,23.0,110.93,3.86,84.0,65.0,0.5292164018761387,149,19.0,13.0,0.13,108.89,9.0
2025-06-25 07:31:55,108.92,26.0,300.2,15.0,107.8,10.0,650.0,10.0,204.56,191.28,36.0,25.0,42.22176014805652,61,11.0,-88.0,0.18,108.89,
2025-06-25 07:31:57,108.0,14.0,345.28,29.0,107.0,28.0,340.98,40.0,226.64,237.28,42.0,69.0,81.65934159666,111,-27.0,-7.0,-0.24,108.89,
2025-06-25 07:31:58,110.03,215.0,240.18,38.0,109.5,76.0,250.65,26.0,175.11,130.15,291.0,64.0,69.82790509531276,355,227.0,164.0,0.64,108.89,
2025-06-25 07:31:59,111.0,36.0,235.42,19.0,110.0,191.0,239.71,17.0,173.21,124.42,227.0,36.0,52.55204249122963,263,191.0,-92.0,0.73,108.89,
2025-06-25 07:32:00,110.65,62.0,232.2,20.0,109.25,200.0,233.75,28.0,171.42,121.54999999999998,262.0,48.0,56.33925212496174,310,214.0,47.0,0.69,111.0,4.0
2025-06-25 07:32:01,110.0,121.0,227.0,29.0,107.0,275.0,228.24,17.0,168.5,117.0,396.0,46.0,24.530029147964928,442,350.0,132.0,0.79,111.0,
2025-06-25 07:32:02,110.0,110.0,223.5,24.0,107.01,202.0,223.83,18.0,166.75,113.5,312.0,42.0,3.400921933830711,354,270.0,-88.0,0.76,111.0,
2025-06-25 07:32:03,110.0,74.0,221.0,9.0,108.0,9.0,222.78,27.0,165.5,111.0,83.0,36.0,3.2060146599806765,119,47.0,-164.0,0.39,110.0,5.0
2025-06-25 07:32:04,110.0,78.0,218.73,22.0,108.0,13.0,220.11,18.0,164.36,108.73,91.0,40.0,2.765877799182609,131,51.0,12.0,0.39,110.0,
2025-06-25 07:32:05,110.0,54.0,215.29,21.0,108.0,9.0,217.6,15.0,162.64,105.29,63.0,36.0,2.23769971176018,99,27.0,-32.0,0.27,110.0,
2025-06-25 07:32:06,110.0,69.0,213.94,85.0,108.0,17.0,216.0,17.0,161.97,103.94,86.0,102.0,1.9757859195803087,188,-16.0,89.0,-0.09,110.0,3.0
2025-06-25 07:32:07,110.0,30.0,211.0,16.0,108.0,10.0,211.78,41.0,160.5,101.0,40.0,57.0,1.971035260976316,97,-17.0,-91.0,-0.18,110.0,
2025-06-25 07:32:08,110.0,15.0,209.11,9.0,108.57,7.0,210.5,8.0,159.56,99.11,22.0,17.0,1.8705293368488287,39,5.0,-58.0,0.13,110.0,
2025-06-25 07:32:09,111.9,21.0,208.0,20.0,109.93,29.0,210.0,10.0,159.95,96.1,50.0,30.0,1.3254923613556546,80,20.0,41.0,0.25,110.0,
2025-06-25 07:32:10,112.54,26.0,205.43,42.0,109.89,37.0,206.34,41.0,158.98,92.89,63.0,83.0,1.138318935980723,146,-20.0,66.0,-0.14,111.5,4.0
2025-06-25 07:32:11,110.0,13.0,200.6,53.0,109.0,26.0,204.14,35.0,155.3,90.6,39.0,88.0,2.0649261488034942,127,-49.0,-19.0,-0.39,111.5,
2025-06-25 07:32:12,110.0,12.0,156.76,34.0,109.0,24.0,172.0,32.0,133.38,46.75999999999999,36.0,66.0,11.362098397743846,102,-30.0,-25.0,-0.29,111.5,
2025-06-25 07:32:13,107.04,294.0,152.41,37.0,105.73,30.0,154.1,31.0,129.72,45.36999999999999,324.0,68.0,14.689536412018384,392,256.0,164.0,0.65,108.0,8.0
2025-06-25 07:32:14,107.0,275.0,146.91,45.0,104.0,22.0,148.08,38.0,126.96,39.91,297.0,83.0,15.083995491911775,380,214.0,-12.0,0.56,108.0,
2025-06-25 07:32:15,107.0,450.0,142.31,62.0,104.71,68.0,143.37,73.0,124.65,35.31,518.0,135.0,12.34278007581824,653,383.0,164.0,0.59,108.0,
2025-06-25 07:32:16,107.01,273.0,135.37,51.0,105.82,112.0,137.06,31.0,121.19,28.36,385.0,82.0,4.669609191358114,467,303.0,-164.0,0.65,107.0,2.0
2025-06-25 07:32:17,109.55,29.0,130.04,50.0,107.01,325.0,130.39,49.0,119.8,20.489999999999995,354.0,99.0,4.0731474316573015,453,255.0,-14.0,0.56,107.0,
2025-06-25 07:32:18,110.71,45.0,125.85,40.0,107.1,79.0,126.89,56.0,118.28,15.14,124.0,96.0,3.56383641600126,220,28.0,-164.0,0.13,107.0,
2025-06-25 07:32:19,106.06,52.0,114.82,51.0,105.84,62.0,114.69,52.0,110.44,8.759999999999991,114.0,103.0,5.269456328694367,217,11.0,-3.0,0.05,110.0,1.0
2025-06-25 07:32:20,106.0,61.0,107.22,36.0,105.0,66.0,122.96,27.0,106.61,1.2199999999999989,127.0,63.0,6.382627202024059,190,64.0,-27.0,0.34,106.9,10.0
2025-06-25 07:32:21,105.12,66.0,108.42,36.0,104.6,40.0,188.0,60.0,106.77,3.299999999999997,106.0,96.0,6.292753769218829,202,10.0,12.0,0.05,105.0,5.0
2025-06-25 07:32:22,105.0,62.0,132.34,32.0,104.0,22.0,202.94,53.0,118.67,27.340000000000003,84.0,85.0,5.971752674049538,169,-1.0,-33.0,-0.01,105.67,3.0
2025-06-25 07:32:23,105.74,73.0,202.0,60.0,104.59,34.0,337.83,48.0,153.87,96.26,107.0,108.0,19.95002807015613,215,-1.0,46.0,-0.0,105.67,
2025-06-25 07:32:24,107.83,108.0,233.75,60.0,105.0,21.0,584.6,43.0,170.79,125.92,129.0,103.0,29.32443554444,232,26.0,17.0,0.11,105.67,
2025-06-25 07:32:25,109.91,99.0,317.32,47.0,105.0,11.0,572.92,26.0,213.61,207.41,110.0,73.0,42.73827932895771,183,37.0,-49.0,0.2,105.67,
2025-06-25 07:32:26,111.4,90.0,164.0,50.0,105.0,10.0,232.14,28.0,137.7,52.6,100.0,78.0,36.15157700571322,178,22.0,-5.0,0.12,105.67,
2025-06-25 07:32:27,112.0,36.0,164.0,20.0,105.0,4.0,227.0,16.0,138.0,52.0,40.0,36.0,31.505122281940324,76,4.0,-102.0,0.05,105.67,
2025-06-25 07:32:28,112.0,63.0,163.14,35.0,108.37,19.0,217.78,27.0,137.57,51.13999999999999,82.0,62.0,33.44310586653119,144,20.0,68.0,0.14,105.67,
2025-06-25 07:32:29,112.0,135.0,162.93,75.0,109.0,60.0,245.47,45.0,137.47,50.93000000000001,195.0,120.0,33.95527720399309,315,75.0,164.0,0.24,105.67,
2025-06-25 07:32:30,112.33,108.0,161.88,51.0,110.59,68.0,236.15,53.0,137.11,49.55,176.0,104.0,0.3253459697210571,280,72.0,-35.0,0.26,113.0,5.0
2025-06-25 07:32:31,113.0,84.0,159.12,33.0,112.0,135.0,161.89,72.0,136.06,46.120000000000005,219.0,105.0,0.7329188222536992,324,114.0,44.0,0.35,113.0,3.0
2025-06-25 07:32:32,113.0,36.0,153.21,58.0,112.0,108.0,157.33,30.0,133.1,40.21000000000001,144.0,88.0,1.8660305463774631,232,56.0,-92.0,0.24,113.0,
2025-06-25 07:32:33,112.3,69.0,155.61,41.0,111.17,87.0,156.4,50.0,133.96,43.31000000000002,156.0,91.0,1.930686406440406,247,65.0,15.0,0.26,112.75,4.0
2025-06-25 07:32:34,112.0,120.0,154.24,42.0,109.88,32.0,155.4,63.0,133.12,42.24000000000001,152.0,105.0,1.8205219031952824,257,47.0,10.0,0.18,112.75,
2025-06-25 07:32:35,112.0,116.0,150.06,51.0,110.0,30.0,152.76,54.0,131.03,38.06,146.0,105.0,1.8138302015386596,251,41.0,-6.0,0.16,112.0,1.0
2025-06-25 07:32:36,112.0,49.0,147.45,20.0,110.0,14.0,148.28,29.0,129.72,35.44999999999999,63.0,49.0,1.7515935601656554,112,14.0,-139.0,0.12,112.0,
2025-06-25 07:32:37,112.0,63.0,145.22,18.0,110.0,18.0,148.0,45.0,128.61,33.22,81.0,63.0,2.2468132988777234,144,18.0,32.0,0.12,112.0,
2025-06-25 07:32:38,112.0,82.0,142.46,61.0,110.0,28.0,144.55,55.0,127.23,30.460000000000008,110.0,116.0,2.261740480252719,226,-6.0,82.0,-0.03,112.0,2.0
2025-06-25 07:32:39,112.0,55.0,136.76,37.0,110.0,22.0,137.45,55.0,124.38,24.75999999999999,77.0,92.0,2.5505156341441717,169,-15.0,-57.0,-0.09,112.0,
2025-06-25 07:32:40,111.77,53.0,129.75,53.0,109.45,44.0,132.83,47.0,120.76,17.980000000000004,97.0,100.0,3.610657834801561,197,-3.0,28.0,-0.02,112.0,5.0
2025-06-25 07:32:41,109.0,84.0,125.7,61.0,108.0,42.0,126.76,67.0,117.35,16.700000000000003,126.0,128.0,4.636586028535866,254,-2.0,57.0,-0.01,109.5,4.0
2025-06-25 07:32:42,109.0,66.0,120.03,40.0,107.03,115.0,121.35,46.0,114.51,11.03,181.0,86.0,5.138553298352951,267,95.0,13.0,0.36,109.5,
2025-06-25 07:32:43,109.06,64.0,114.84,45.0,108.55,22.0,115.49,39.0,111.95,5.780000000000001,86.0,84.0,4.932205389074342,170,2.0,-97.0,0.01,109.5,
2025-06-25 07:32:44,110.0,28.0,111.5,70.0,109.0,84.0,112.29,49.0,110.75,1.5,112.0,119.0,4.070771425665417,231,-7.0,61.0,-0.03,110.0,2.0
2025-06-25 07:32:45,108.76,51.0,110.85,59.0,107.26,19.0,118.69,65.0,109.81,2.089999999999989,70.0,124.0,3.0604052019322685,194,-54.0,-37.0,-0.28,108.44,9.0
2025-06-25 07:32:46,107.0,78.0,117.24,38.0,106.0,87.0,158.91,45.0,112.12,10.239999999999997,165.0,83.0,1.7697231421931874,248,82.0,54.0,0.33,108.44,
2025-06-25 07:32:47,108.7,30.0,114.56,45.0,107.0,71.0,115.33,30.0,111.63,5.859999999999999,101.0,75.0,0.963701198512341,176,26.0,-72.0,0.15,108.44,
2025-06-25 07:32:48,109.0,36.0,111.72,50.0,107.0,154.0,114.45,40.0,110.36,2.719999999999999,190.0,90.0,0.9377792917387936,280,100.0,104.0,0.36,109.0,2.0
2025-06-25 07:32:49,107.32,60.0,113.83,59.0,106.39,46.0,203.28,43.0,110.57,6.510000000000005,106.0,102.0,0.9499842104025272,208,4.0,-72.0,0.02,107.45,11.0
2025-06-25 07:32:50,108.91,23.0,112.21,48.0,106.76,25.0,113.12,48.0,110.56,3.299999999999997,48.0,96.0,0.7790827940688458,144,-48.0,-64.0,-0.33,108.33,3.0
2025-06-25 07:32:51,107.87,15.0,110.13,38.0,105.33,24.0,111.05,58.0,109.0,2.259999999999991,39.0,96.0,0.9388982905587172,135,-57.0,-9.0,-0.42,108.33,
2025-06-25 07:32:52,108.0,16.0,110.0,36.0,104.52,27.0,213.5,40.0,109.0,2.0,43.0,76.0,0.8240266986051225,119,-33.0,-16.0,-0.28,109.0,2.0
2025-06-25 07:32:53,107.0,13.0,108.46,39.0,104.0,39.0,211.15,39.0,107.73,1.4599999999999935,52.0,78.0,1.2061799202498855,130,-26.0,11.0,-0.2,109.0,
2025-06-25 07:32:54,105.88,8.0,108.0,18.0,103.79,19.0,109.0,18.0,106.94,2.1200000000000045,27.0,36.0,1.3841531707199082,63,-9.0,-67.0,-0.14,107.0,1.0
2025-06-25 07:32:55,104.0,24.0,107.12,24.0,103.0,32.0,108.65,23.0,105.56,3.1200000000000045,56.0,47.0,1.4597534038370648,103,9.0,40.0,0.09,107.0,
2025-06-25 07:32:56,103.43,49.0,105.87,38.0,102.33,84.0,232.04,47.0,104.65,2.4399999999999977,133.0,85.0,1.7234935451036142,218,48.0,115.0,0.22,104.0,3.0
2025-06-25 07:32:57,103.07,28.0,107.53,15.0,102.02,82.0,257.97,33.0,105.3,4.460000000000008,110.0,48.0,1.2625490089552012,158,62.0,-60.0,0.39,103.0,2.0
2025-06-25 07:32:58,104.83,24.0,107.0,12.0,103.0,24.0,258.5,38.0,105.92,2.1700000000000017,48.0,50.0,0.8462741872547701,98,-2.0,-60.0,-0.02,103.0,
2025-06-25 07:32:59,105.0,11.0,370.03,29.0,103.0,18.0,462.61,33.0,237.52,265.03,29.0,62.0,59.10668828482964,91,-33.0,-7.0,-0.36,105.0,1.0
2025-06-25 07:33:00,101.77,30.0,202.0,18.0,84.85,13.0,283.67,24.0,151.88,100.23,43.0,42.0,57.5779669665404,85,1.0,-6.0,0.01,103.25,4.0
2025-06-25 07:33:01,104.86,35.0,153.0,11.0,103.31,51.0,328.78,27.0,128.93,48.14,86.0,38.0,54.69169406774687,124,48.0,39.0,0.39,103.25,
2025-06-25 07:33:02,105.0,24.0,138.62,16.0,104.0,40.0,225.86,14.0,121.81,33.620000000000005,64.0,30.0,52.062096288951125,94,34.0,-30.0,0.36,103.25,
2025-06-25 07:33:03,106.83,18.0,151.7,10.0,104.0,50.0,419.71,35.0,129.27,44.86999999999999,68.0,45.0,48.10480506144909,113,23.0,19.0,0.2,107.0,2.0
2025-06-25 07:33:04,105.42,19.0,150.0,7.0,104.27,11.0,448.0,35.0,127.71,44.58,30.0,42.0,11.557469446207415,72,-12.0,-41.0,-0.17,106.75,4.0
2025-06-25 07:33:05,104.0,44.0,149.18,11.0,102.0,11.0,514.4,40.0,126.59,45.18000000000001,55.0,51.0,3.0162426958084443,106,4.0,34.0,0.04,106.75,
2025-06-25 07:33:06,103.0,16.0,114.24,17.0,96.4,10.0,284.93,15.0,108.62,11.239999999999997,26.0,32.0,8.402166387308545,58,-6.0,-48.0,-0.1,104.0,4.0
2025-06-25 07:33:07,102.0,11.0,106.17,12.0,76.64,11.0,157.54,13.0,104.08,4.170000000000002,22.0,25.0,11.926580817653376,47,-3.0,-11.0,-0.06,104.0,
2025-06-25 07:33:08,102.0,13.0,104.77,13.0,84.31,169.0,179.58,19.0,103.38,2.769999999999996,182.0,32.0,12.10969157328201,214,150.0,164.0,0.7,104.0,
2025-06-25 07:33:09,103.0,10.0,232.8,10.0,102.0,10.0,300.53,38.0,167.9,129.8,20.0,48.0,27.270259991426883,68,-28.0,-146.0,-0.41,104.0,1.0
2025-06-25 07:33:10,103.27,11.0,222.63,19.0,73.43,23.0,301.15,47.0,162.95,119.36,34.0,66.0,33.006827778506945,100,-32.0,32.0,-0.32,105.5,2.0
2025-06-25 07:33:11,106.67,9.0,171.0,45.0,81.39,23.0,557.0,9.0,138.83,64.33,32.0,54.0,30.956567477677783,86,-22.0,-14.0,-0.26,105.5,
2025-06-25 07:33:12,104.77,13.0,320.61,31.0,100.0,8.0,516.27,11.0,212.69,215.84000000000003,21.0,42.0,40.18933129575582,63,-21.0,-23.0,-0.33,105.5,
2025-06-25 07:33:13,108.77,123.0,346.1,20.0,87.32,93.0,381.11,36.0,227.44,237.33000000000004,216.0,56.0,36.8511325470469,272,160.0,164.0,0.59,105.5,
2025-06-25 07:33:14,109.0,126.0,346.71,21.0,103.0,96.0,356.47,19.0,227.86,237.71,222.0,40.0,40.687437004559776,262,182.0,-10.0,0.69,109.0,2.0
2025-06-25 07:33:15,109.0,180.0,172.24,37.0,103.0,204.0,185.63,51.0,140.62,63.24000000000001,384.0,88.0,45.84051668556998,472,296.0,164.0,0.63,109.0,
2025-06-25 07:33:16,109.73,45.0,130.38,29.0,108.33,152.0,132.41,41.0,120.06,20.64999999999999,197.0,70.0,51.4513447832029,267,127.0,-164.0,0.48,109.62,8.0
2025-06-25 07:33:17,109.0,168.0,126.46,46.0,103.0,238.0,128.62,52.0,117.73,17.459999999999994,406.0,98.0,56.310303852847575,504,308.0,164.0,0.61,109.62,
2025-06-25 07:33:18,109.0,168.0,122.14,49.0,103.0,244.0,123.45,49.0,115.57,13.14,412.0,98.0,47.73559541893263,510,314.0,6.0,0.62,109.62,
2025-06-25 07:33:19,109.2,90.0,118.94,32.0,105.37,182.0,119.44,45.0,114.07,9.739999999999997,272.0,77.0,10.86473883717517,349,195.0,-161.0,0.56,109.62,
2025-06-25 07:33:20,111.15,39.0,117.08,24.0,109.0,156.0,118.48,21.0,114.12,5.929999999999993,195.0,45.0,2.571001750295544,240,150.0,-109.0,0.62,109.62,
2025-06-25 07:33:21,111.28,50.0,114.18,34.0,108.96,175.0,144.71,21.0,112.73,2.9000000000000057,225.0,55.0,1.9005472896044533,280,170.0,40.0,0.61,112.0,3.0
2025-06-25 07:33:22,109.0,156.0,116.36,28.0,108.0,91.0,283.73,30.0,112.68,7.359999999999999,247.0,58.0,1.193913732236499,305,189.0,25.0,0.62,112.0,
2025-06-25 07:33:23,109.0,204.0,111.8,60.0,108.0,119.0,113.67,42.0,110.4,2.799999999999997,323.0,102.0,1.5111750395050063,425,221.0,120.0,0.52,112.0,
2025-06-25 07:33:24,109.47,45.0,111.0,40.0,108.87,110.0,113.0,20.0,110.23,1.5300000000000011,155.0,60.0,1.6716369223078933,215,95.0,-164.0,0.44,110.0,1.0
2025-06-25 07:33:25,109.01,158.0,110.43,56.0,107.23,103.0,221.73,41.0,109.72,1.4200000000000017,261.0,97.0,1.439711776718889,358,164.0,143.0,0.46,110.0,2.0
2025-06-25 07:33:26,109.0,134.0,287.88,25.0,107.0,126.0,419.85,26.0,198.44,178.88,260.0,51.0,39.22931021570506,311,209.0,-47.0,0.67,109.0,5.0
2025-06-25 07:33:27,108.61,61.0,273.0,20.0,104.57,105.0,275.0,10.0,190.8,164.39,166.0,30.0,46.36380937757402,196,136.0,-115.0,0.69,109.0,
2025-06-25 07:33:28,109.67,12.0,202.15,20.0,105.96,49.0,215.5,22.0,155.91,92.48,61.0,42.0,42.43975435838455,103,19.0,-93.0,0.18,109.0,
2025-06-25 07:33:29,111.0,7.0,179.86,14.0,107.0,33.0,182.0,21.0,145.43,68.86000000000001,40.0,35.0,35.997732567482906,75,5.0,-28.0,0.07,109.0,
2025-06-25 07:33:30,111.0,13.0,174.25,24.0,107.65,74.0,397.51,37.0,142.62,63.25,87.0,61.0,26.15770918868887,148,26.0,73.0,0.18,109.0,
2025-06-25 07:33:31,109.12,51.0,177.0,18.0,107.89,54.0,364.08,13.0,143.06,67.88,105.0,31.0,20.42235613243534,136,74.0,-12.0,0.54,111.0,1.0
2025-06-25 07:33:32,109.0,56.0,155.22,18.0,107.0,50.0,207.85,13.0,132.11,46.22,106.0,31.0,8.48383344956868,137,75.0,1.0,0.55,109.0,3.0
2025-06-25 07:33:33,109.0,45.0,165.05,19.0,107.0,45.0,288.6,10.0,137.03,56.05000000000001,90.0,29.0,5.403087080551349,119,61.0,-18.0,0.51,109.0,
2025-06-25 07:33:34,109.0,87.0,173.71,34.0,107.0,55.0,279.93,15.0,141.35,64.71000000000001,142.0,49.0,4.641920938579302,191,93.0,72.0,0.49,109.0,
2025-06-25 07:33:35,109.0,90.0,171.82,22.0,107.13,46.0,173.0,55.0,140.41,62.81999999999999,136.0,77.0,4.33390355222875,213,59.0,22.0,0.28,109.0,1.0
2025-06-25 07:33:36,109.0,71.0,118.73,22.0,108.0,22.0,153.16,25.0,113.86,9.730000000000004,93.0,47.0,11.269335384130748,140,46.0,-73.0,0.33,109.0,4.0
2025-06-25 07:33:37,108.62,26.0,111.11,18.0,107.24,33.0,114.0,18.0,109.86,2.489999999999995,59.0,36.0,15.34202300871764,95,23.0,-45.0,0.24,109.0,4.0
2025-06-25 07:33:38,108.0,18.0,110.53,15.0,107.0,45.0,138.7,23.0,109.27,2.530000000000001,63.0,38.0,16.46610306053079,101,25.0,6.0,0.25,108.0,1.0
2025-06-25 07:33:39,104.59,37.0,108.54,13.0,104.13,71.0,183.97,38.0,106.57,3.950000000000003,108.0,51.0,13.895547128487662,159,57.0,58.0,0.36,107.43,7.0
2025-06-25 07:33:40,104.0,90.0,105.86,14.0,103.0,22.0,137.15,20.0,104.93,1.8599999999999997,112.0,34.0,3.422348608780484,146,78.0,-13.0,0.53,104.0,4.0
2025-06-25 07:33:41,104.1,61.0,249.5,14.0,102.84,50.0,436.23,26.0,176.8,145.4,111.0,40.0,30.986373295370047,151,71.0,5.0,0.47,104.29,7.0
2025-06-25 07:33:42,104.82,22.0,417.22,18.0,102.79,53.0,797.0,36.0,261.02,312.40000000000003,75.0,54.0,68.2006698647456,129,21.0,-22.0,0.16,104.29,
2025-06-25 07:33:44,112.0,28.0,302.5,24.0,111.0,21.0,494.38,26.0,207.25,190.5,49.0,50.0,73.35537383177879,99,-1.0,-22.0,-0.01,104.29,
2025-06-25 07:33:45,112.0,25.0,215.25,32.0,111.0,24.0,229.0,32.0,163.62,103.25,49.0,64.0,55.05882399761201,113,-15.0,14.0,-0.13,112.0,1.0
2025-06-25 07:33:46,111.18,17.0,213.38,32.0,108.2,10.0,249.0,32.0,162.28,102.2,27.0,64.0,58.213372862255774,91,-37.0,-22.0,-0.41,111.75,4.0
2025-06-25 07:33:47,112.0,22.0,211.73,44.0,107.0,11.0,249.0,44.0,161.86,99.73,33.0,88.0,56.46235719486054,121,-55.0,30.0,-0.45,111.75,
2025-06-25 07:33:48,105.65,49.0,194.35,34.0,102.86,99.0,323.38,32.0,150.0,88.69999999999999,148.0,66.0,22.074560471276016,214,82.0,93.0,0.38,108.2,5.0
2025-06-25 07:33:49,109.0,21.0,211.0,28.0,103.0,57.0,347.5,24.0,160.0,102.0,78.0,52.0,5.494517267242183,130,26.0,-84.0,0.2,108.2,
2025-06-25 07:33:50,109.0,33.0,208.0,26.0,103.0,77.0,210.2,40.0,158.5,99.0,110.0,66.0,5.001851657138845,176,44.0,46.0,0.25,108.2,
2025-06-25 07:33:51,109.0,68.0,200.22,36.0,103.0,72.0,202.93,28.0,154.61,91.22,140.0,64.0,4.73237572473095,204,76.0,28.0,0.37,108.2,
2025-06-25 07:33:52,109.0,88.0,132.71,28.0,103.44,54.0,168.29,28.0,120.86,23.710000000000008,142.0,56.0,16.088579179033296,198,86.0,-6.0,0.43,108.2,
2025-06-25 07:33:53,109.0,108.0,125.5,32.0,107.0,32.0,195.49,55.0,117.25,16.5,140.0,87.0,21.298042867832358,227,53.0,29.0,0.23,109.0,5.0
2025-06-25 07:33:54,109.25,24.0,124.18,34.0,106.84,19.0,159.62,26.0,116.71,14.930000000000009,43.0,60.0,21.073272882967792,103,-17.0,-124.0,-0.17,109.0,3.0
2025-06-25 07:33:55,110.0,12.0,123.5,16.0,107.0,12.0,124.2,20.0,116.75,13.5,24.0,36.0,16.511074465340727,60,-12.0,-43.0,-0.2,109.0,
2025-06-25 07:33:56,110.0,18.0,123.0,24.0,107.0,24.0,124.0,48.0,116.5,13.0,42.0,72.0,1.835328308512384,114,-30.0,54.0,-0.26,110.0,1.0
2025-06-25 07:33:57,105.33,9.0,116.36,28.0,103.35,46.0,123.23,26.0,110.85,11.03,55.0,54.0,2.676232426383607,109,1.0,-5.0,0.01,107.0,4.0
2025-06-25 07:33:58,102.88,17.0,120.0,28.0,85.45,42.0,121.05,38.0,111.44,17.120000000000005,59.0,66.0,3.025731316562519,125,-7.0,16.0,-0.06,103.14,7.0
2025-06-25 07:34:12,92.32,22.0,323.48,29.0,88.13,23.0,281.54,59.0,207.9,231.16000000000005,45.0,88.0,66.95507635721152,133,-43.0,88.0,-0.32,103.14,
2025-06-25 07:34:13,106.43,23.0,248.09,33.0,105.17,24.0,343.16,55.0,177.26,141.66,47.0,88.0,58.00296345877533,135,-41.0,2.0,-0.3,103.14,
2025-06-25 07:34:14,108.47,19.0,252.68,28.0,103.38,24.0,487.5,30.0,180.58,144.21,43.0,58.0,55.77675035353016,101,-15.0,-34.0,-0.15,110.0,2.0
2025-06-25 07:34:15,107.0,18.0,397.5,30.0,104.0,18.0,793.0,10.0,252.25,290.5,36.0,40.0,59.31569480331513,76,-4.0,-25.0,-0.05,110.0,
2025-06-25 07:34:16,107.0,24.0,391.38,40.0,104.0,24.0,448.68,28.0,249.19,284.38,48.0,68.0,36.06848388829263,116,-20.0,40.0,-0.17,110.0,
2025-06-25 07:34:17,107.0,15.0,330.22,9.0,104.0,15.0,408.38,21.0,218.61,223.22000000000003,30.0,30.0,35.97542313858206,60,0.0,-56.0,0.0,107.0,3.0
2025-06-25 07:34:18,79.29,17.0,116.25,16.0,61.17,65.0,361.62,24.0,97.77,36.96,82.0,40.0,63.88201624870669,122,42.0,62.0,0.34,104.0,3.0
2025-06-25 07:34:20,104.08,52.0,289.12,8.0,77.43,46.0,572.25,16.0,196.6,185.04,98.0,24.0,71.60196694225674,122,74.0,11.0,0.61,104.0,
2025-06-25 07:34:21,107.21,84.0,119.5,12.0,106.14,84.0,160.17,12.0,113.36,12.290000000000006,168.0,24.0,59.2170704273694,192,144.0,70.0,0.75,104.0,
2025-06-25 07:34:22,107.0,132.0,117.33,12.0,103.0,36.0,121.0,12.0,112.17,10.329999999999998,168.0,24.0,42.34482105287525,192,144.0,0.0,0.75,104.0,
2025-06-25 07:34:23,107.0,121.0,116.45,11.0,103.0,33.0,154.73,11.0,111.73,9.450000000000005,154.0,22.0,40.732170946317446,176,132.0,-16.0,0.75,104.0,
2025-06-25 07:34:24,107.27,92.0,114.06,35.0,104.14,42.0,156.88,24.0,110.66,6.790000000000006,134.0,59.0,37.85558386816966,193,75.0,17.0,0.39,104.5,4.0
2025-06-25 07:34:25,108.78,36.0,110.64,11.0,106.7,37.0,114.0,44.0,109.71,1.8599999999999997,73.0,55.0,1.4024728161455509,128,18.0,-65.0,0.14,108.8,5.0
2025-06-25 07:34:26,105.39,46.0,111.5,16.0,103.23,39.0,123.52,50.0,108.45,6.109999999999999,85.0,66.0,1.5119788358397153,151,19.0,23.0,0.13,108.33,3.0
2025-06-25 07:34:27,105.36,56.0,111.08,37.0,104.24,34.0,133.85,26.0,108.22,5.719999999999999,90.0,63.0,1.4816308582191469,153,27.0,2.0,0.18,110.0,2.0
2025-06-25 07:34:28,107.03,39.0,110.04,25.0,105.05,38.0,111.17,24.0,108.53,3.010000000000005,77.0,49.0,1.040014422989983,126,28.0,-27.0,0.22,110.0,
2025-06-25 07:34:29,107.88,26.0,170.0,16.0,105.64,11.0,241.17,24.0,138.94,62.120000000000005,37.0,40.0,13.523821575280682,77,-3.0,-49.0,-0.04,106.62,8.0
2025-06-25 07:34:30,104.0,18.0,174.67,24.0,102.0,18.0,320.89,18.0,139.33,70.66999999999999,36.0,42.0,16.835202107489753,78,-6.0,1.0,-0.08,106.62,
2025-06-25 07:34:31,104.0,12.0,137.0,16.0,102.0,12.0,496.67,12.0,120.5,33.0,24.0,28.0,15.449738832744952,52,-4.0,-26.0,-0.08,106.62,
2025-06-25 07:34:32,104.0,15.0,137.0,20.0,102.0,15.0,379.33,12.0,120.5,33.0,30.0,32.0,13.321649672620406,62,-2.0,10.0,-0.03,106.62,
2025-06-25 07:34:33,104.0,21.0,143.0,26.0,102.0,35.0,216.25,16.0,123.5,39.0,56.0,42.0,9.737401090641558,98,14.0,36.0,0.14,106.62,
2025-06-25 07:34:34,104.0,30.0,214.0,27.0,102.29,35.0,537.62,26.0,159.0,110.0,65.0,53.0,16.71733471579807,118,12.0,20.0,0.1,106.62,
2025-06-25 07:34:35,102.4,10.0,213.0,12.0,73.5,12.0,701.17,12.0,157.7,110.6,22.0,24.0,20.225923959118088,46,-2.0,-72.0,-0.04,104.0,3.0
2025-06-25 07:34:36,102.23,31.0,196.46,35.0,65.24,17.0,411.08,24.0,149.34,94.23,48.0,59.0,18.66725260985202,107,-11.0,61.0,-0.1,109.0,1.0
2025-06-25 07:34:37,102.0,30.0,120.67,33.0,83.29,14.0,146.74,38.0,111.33,18.67,44.0,71.0,21.53829798289612,115,-27.0,8.0,-0.23,109.0,
2025-06-25 07:34:38,90.24,21.0,108.29,14.0,60.8,20.0,120.75,32.0,99.26,18.05000000000001,41.0,46.0,27.991117876927085,87,-5.0,-28.0,-0.06,102.0,3.0
2025-06-25 07:34:47,98.35,20.0,99.6,30.0,92.68,60.0,100.86,29.0,98.97,1.25,80.0,59.0,2.542091658462876,139,21.0,2.0,0.15,99.0,6.0
2025-06-25 07:34:48,100.0,74.0,101.48,33.0,99.0,5.0,102.29,28.0,100.74,1.480000000000004,79.0,61.0,3.028885933809096,140,18.0,1.0,0.13,100.5,6.0
2025-06-25 07:34:49,101.0,20.0,102.22,18.0,0.0,0.0,130.2,10.0,101.61,1.2199999999999989,20.0,28.0,3.2754587465005045,48,-8.0,-92.0,-0.17,102.0,4.0
2025-06-25 07:34:52,106.33,39.0,185.0,10.0,5.0,4.0,384.43,14.0,145.67,78.67,43.0,24.0,36.196461567396696,67,19.0,46.0,0.28,109.0,7.0
2025-06-25 07:34:54,109.3,10.0,340.21,14.0,108.73,22.0,510.0,8.0,224.76,230.91,32.0,22.0,115.50214703632147,54,10.0,6.0,0.19,109.0,
2025-06-25 07:34:55,110.67,6.0,256.5,30.0,109.0,42.0,437.0,12.0,183.58,145.82999999999998,48.0,42.0,99.43202889411454,90,6.0,36.0,0.07,109.0,
2025-06-25 07:34:56,109.25,24.0,403.41,22.0,105.47,51.0,417.37,27.0,256.33,294.16,75.0,49.0,70.29467383806562,124,26.0,34.0,0.21,111.0,1.0
2025-06-25 07:34:57,109.0,35.0,355.22,9.0,103.0,50.0,357.86,21.0,232.11,246.22000000000003,85.0,30.0,53.69467692425412,115,55.0,-9.0,0.48,111.0,
2025-06-25 07:34:58,108.52,63.0,297.86,22.0,103.38,80.0,394.18,38.0,203.19,189.34000000000003,143.0,60.0,27.830607790704597,203,83.0,88.0,0.41,109.0,7.0
2025-06-25 07:34:59,107.23,26.0,251.0,45.0,103.68,62.0,352.0,9.0,179.12,143.76999999999998,88.0,54.0,32.899612915656434,142,34.0,-61.0,0.24,109.0,
2025-06-25 07:35:00,110.92,106.0,304.81,32.0,108.45,29.0,488.71,31.0,207.87,193.89,135.0,63.0,29.478753026544855,198,72.0,56.0,0.36,109.0,
2025-06-25 07:35:01,112.0,112.0,333.0,28.0,110.0,16.0,387.12,24.0,222.5,221.0,128.0,52.0,20.27412562849574,180,76.0,-18.0,0.42,109.0,
2025-06-25 07:35:02,112.0,168.0,305.39,41.0,110.0,24.0,310.98,45.0,208.7,193.39,192.0,86.0,15.8003680336892,278,106.0,98.0,0.38,109.0,
2025-06-25 07:35:03,112.0,112.0,274.58,31.0,110.0,16.0,279.69,35.0,193.29,162.57999999999998,128.0,66.0,16.571944062180137,194,62.0,-84.0,0.32,109.0,
2025-06-25 07:35:04,112.0,168.0,233.91,44.0,110.0,24.0,260.57,46.0,172.95,121.91,192.0,90.0,18.80800547639296,282,102.0,88.0,0.36,109.0,
2025-06-25 07:35:05,112.0,154.0,256.73,44.0,110.0,22.0,258.36,44.0,184.36,144.73000000000002,176.0,88.0,19.60247560896397,264,88.0,-18.0,0.33,109.0,
2025-06-25 07:35:06,112.0,222.0,251.24,55.0,110.0,32.0,252.79,57.0,181.62,139.24,254.0,112.0,13.57167380981532,366,142.0,102.0,0.39,112.0,1.0
2025-06-25 07:35:07,112.0,208.0,244.42,59.0,110.0,32.0,246.3,53.0,178.21,132.42,240.0,112.0,7.5731057037405245,352,128.0,-14.0,0.36,112.0,
2025-06-25 07:35:08,112.0,195.0,231.44,50.0,110.0,30.0,236.62,52.0,171.72,119.44,225.0,102.0,5.437809301550351,327,123.0,-25.0,0.38,112.0,
2025-06-25 07:35:09,112.0,103.0,173.05,38.0,110.0,22.0,178.61,36.0,142.53,61.05000000000001,125.0,74.0,16.97019946848085,199,51.0,-128.0,0.26,112.0,4.0
2025-06-25 07:35:10,111.77,122.0,134.6,65.0,109.53,45.0,142.61,57.0,123.19,22.83,167.0,122.0,25.470931078388716,289,45.0,90.0,0.16,112.0,
2025-06-25 07:35:11,110.68,19.0,134.03,60.0,109.74,35.0,134.85,55.0,122.36,23.349999999999994,54.0,115.0,26.35031821439788,169,-61.0,-120.0,-0.36,112.0,
2025-06-25 07:35:12,111.73,15.0,125.96,51.0,110.0,30.0,128.33,54.0,118.85,14.22999999999999,45.0,105.0,22.149847629273424,150,-60.0,-19.0,-0.4,112.0,
2025-06-25 07:35:13,109.67,54.0,119.87,45.0,109.6,30.0,121.4,47.0,114.77,10.200000000000005,84.0,92.0,10.698644773990344,176,-8.0,26.0,-0.05,110.67,3.0
2025-06-25 07:35:14,109.0,196.0,118.21,42.0,108.0,28.0,121.0,42.0,113.61,9.209999999999994,224.0,84.0,4.325145084275391,308,140.0,132.0,0.45,110.67,
2025-06-25 07:35:15,109.0,182.0,114.54,41.0,108.0,23.0,117.31,48.0,111.77,5.540000000000006,205.0,89.0,4.281357261433796,294,116.0,-14.0,0.39,110.67,
2025-06-25 07:35:16,109.0,129.0,110.71,35.0,108.0,44.0,111.76,37.0,109.86,1.7099999999999935,173.0,72.0,3.395588314273712,245,101.0,-49.0,0.41,109.0,6.0
2025-06-25 07:35:17,109.0,72.0,110.0,45.0,108.0,60.0,112.0,60.0,109.5,1.0,132.0,105.0,2.296708514381487,237,27.0,-8.0,0.11,109.0,4.0
2025-06-25 07:35:18,109.0,18.0,221.89,36.0,108.0,48.0,306.65,52.0,165.44,112.89,66.0,88.0,24.3192399141098,154,-22.0,-83.0,-0.14,109.0,3.0
2025-06-25 07:35:19,104.93,58.0,211.52,46.0,106.74,38.0,414.47,66.0,158.23,106.59,96.0,112.0,28.31307560121348,208,-16.0,54.0,-0.08,107.2,10.0
2025-06-25 07:35:20,110.15,82.0,132.31,65.0,104.78,161.0,161.38,65.0,121.23,22.16,243.0,130.0,26.99555278189409,373,113.0,164.0,0.3,107.2,
2025-06-25 07:35:21,112.08,52.0,125.45,51.0,110.0,91.0,127.32,57.0,118.76,13.370000000000005,143.0,108.0,25.343391051712665,251,35.0,-122.0,0.14,107.2,
2025-06-25 07:35:22,113.0,65.0,121.06,51.0,110.0,119.0,124.0,85.0,117.03,8.060000000000002,184.0,136.0,23.643300742494255,320,48.0,69.0,0.15,113.0,3.0
2025-06-25 07:35:23,110.48,50.0,114.47,57.0,106.75,122.0,115.36,64.0,112.48,3.989999999999995,172.0,121.0,18.548343052683453,293,51.0,-27.0,0.17,113.0,1.0
2025-06-25 07:35:24,106.33,54.0,111.0,30.0,103.87,89.0,172.3,50.0,108.67,4.670000000000002,143.0,80.0,5.036886935402851,223,63.0,-70.0,0.28,110.0,7.0
2025-06-25 07:35:25,104.19,108.0,111.0,27.0,103.26,43.0,381.33,45.0,107.59,6.810000000000002,151.0,72.0,4.941197223349034,223,79.0,0.0,0.35,110.0,
2025-06-25 07:35:26,104.0,96.0,187.81,31.0,103.0,44.0,205.14,37.0,145.9,83.81,140.0,68.0,15.848347863421967,208,72.0,-15.0,0.35,105.14,7.0
2025-06-25 07:35:27,104.0,48.0,179.76,41.0,103.0,40.0,328.22,49.0,141.88,75.75999999999999,88.0,90.0,18.933368163114324,178,-2.0,-30.0,-0.01,104.0,6.0
2025-06-25 07:35:28,103.02,41.0,165.0,44.0,102.17,24.0,311.91,55.0,134.01,61.98,65.0,99.0,18.29372160059376,164,-34.0,-14.0,-0.21,104.0,
2025-06-25 07:35:29,105.7,10.0,340.05,43.0,102.93,29.0,424.21,39.0,222.87,234.35,39.0,82.0,43.14526914969969,121,-43.0,-43.0,-0.36,103.25,4.0
2025-06-25 07:35:30,103.6,10.0,403.5,16.0,93.73,44.0,460.57,28.0,253.55,299.9,54.0,44.0,54.72162068140916,98,10.0,-23.0,0.1,106.5,2.0
2025-06-25 07:35:31,106.85,13.0,349.82,17.0,95.93,55.0,382.5,16.0,228.33,242.97,68.0,33.0,54.43087561301971,101,35.0,3.0,0.35,106.5,
2025-06-25 07:35:32,105.89,9.0,239.33,18.0,101.07,15.0,271.0,14.0,172.61,133.44,24.0,32.0,48.146300792480645,56,-8.0,-45.0,-0.14,106.5,
2025-06-25 07:35:33,105.71,7.0,164.27,15.0,89.33,30.0,173.04,23.0,134.99,58.56000000000002,37.0,38.0,47.79967573111791,75,-1.0,19.0,-0.01,106.5,
2025-06-25 07:35:34,108.0,23.0,135.93,30.0,102.0,26.0,152.56,39.0,121.97,27.930000000000007,49.0,69.0,57.37413180171031,118,-20.0,43.0,-0.17,106.5,
2025-06-25 07:35:35,108.0,24.0,133.83,24.0,76.62,40.0,136.0,36.0,120.92,25.830000000000013,64.0,60.0,45.65443549097978,124,4.0,6.0,0.03,106.5,
2025-06-25 07:35:36,108.06,31.0,132.23,35.0,107.2,35.0,134.2,30.0,120.15,24.169999999999987,66.0,65.0,22.356543113818827,131,1.0,7.0,0.01,108.0,2.0
2025-06-25 07:35:37,111.15,54.0,131.0,42.0,109.19,59.0,132.0,43.0,121.07,19.849999999999994,113.0,85.0,6.277595080924144,198,28.0,67.0,0.14,108.0,
2025-06-25 07:35:38,112.71,51.0,128.57,35.0,109.82,33.0,129.42,31.0,120.64,15.86,84.0,66.0,0.6692906693238277,150,18.0,-48.0,0.12,108.0,
2025-06-25 07:35:39,113.0,52.0,121.32,31.0,112.0,13.0,122.44,34.0,117.16,8.319999999999993,65.0,65.0,1.619280704524168,130,0.0,-20.0,0.0,108.0,
2025-06-25 07:35:40,113.0,64.0,117.36,47.0,112.0,16.0,118.7,33.0,115.18,4.359999999999999,80.0,80.0,2.556706866272449,160,0.0,30.0,0.0,108.0,
2025-06-25 07:35:41,113.0,28.0,114.29,21.0,112.0,7.0,115.63,19.0,113.64,1.2900000000000065,35.0,40.0,3.2785240581769672,75,-5.0,-85.0,-0.07,113.0,3.0
2025-06-25 07:35:42,112.69,16.0,114.41,37.0,109.31,86.0,115.7,43.0,113.55,1.7199999999999989,102.0,80.0,2.962849979335064,182,22.0,107.0,0.12,113.0,1.0
2025-06-25 07:35:43,109.18,67.0,112.38,29.0,105.07,216.0,116.83,36.0,110.78,3.1999999999999886,283.0,65.0,2.348365388956028,348,218.0,164.0,0.63,109.6,5.0
2025-06-25 07:35:44,109.0,55.0,110.4,25.0,107.83,72.0,135.96,25.0,109.7,1.4000000000000057,127.0,50.0,2.2560141843630364,177,77.0,-164.0,0.44,109.0,5.0
2025-06-25 07:35:45,109.0,26.0,210.9,29.0,108.0,195.0,268.94,31.0,159.95,101.9,221.0,60.0,21.54959465976201,281,161.0,104.0,0.57,109.0,
2025-06-25 07:35:46,108.25,64.0,207.62,13.0,107.94,128.0,255.5,18.0,157.93,99.37,192.0,31.0,26.11732509274332,223,161.0,-58.0,0.72,108.4,5.0
2025-06-25 07:35:47,108.34,53.0,205.67,18.0,107.92,72.0,207.0,9.0,157.0,97.32999999999998,125.0,27.0,26.34425876732985,152,98.0,-71.0,0.64,108.0,1.0
2025-06-25 07:35:48,109.0,21.0,205.0,14.0,108.0,77.0,283.64,11.0,157.0,96.0,98.0,25.0,21.62058116702768,123,73.0,-29.0,0.59,108.0,
2025-06-25 07:35:49,109.3,30.0,169.04,23.0,108.0,110.0,194.44,27.0,139.17,59.74,140.0,50.0,8.493465135033487,190,90.0,67.0,0.47,108.0,
2025-06-25 07:35:50,108.0,90.0,160.2,20.0,107.0,20.0,237.47,32.0,134.1,52.19999999999999,110.0,52.0,11.471440624439108,162,58.0,-28.0,0.36,109.2,5.0
2025-06-25 07:35:51,108.0,34.0,159.33,12.0,107.0,12.0,403.0,6.0,133.67,51.33000000000001,46.0,18.0,11.894022448273509,64,28.0,-98.0,0.44,108.0,4.0
2025-06-25 07:35:52,108.85,33.0,158.0,16.0,107.95,37.0,299.75,16.0,133.42,49.150000000000006,70.0,32.0,10.080554052235245,102,38.0,38.0,0.37,108.0,
2025-06-25 07:35:53,109.0,20.0,158.0,10.0,108.0,25.0,260.6,25.0,133.5,49.0,45.0,35.0,2.4725634471209355,80,10.0,-22.0,0.12,108.0,
2025-06-25 07:35:54,109.0,16.0,157.4,10.0,108.0,25.0,243.26,19.0,133.2,48.400000000000006,41.0,29.0,0.3372239612470759,70,12.0,-10.0,0.17,109.0,1.0
2025-06-25 07:35:55,109.0,26.0,156.0,22.0,108.0,55.0,158.0,22.0,132.5,47.0,81.0,44.0,0.4562017098163183,125,37.0,55.0,0.3,109.0,2.0
2025-06-25 07:35:56,107.91,46.0,153.83,36.0,104.75,160.0,154.89,36.0,130.87,45.920000000000016,206.0,72.0,1.095134694930089,278,134.0,153.0,0.48,108.29,7.0
2025-06-25 07:35:57,109.97,64.0,149.9,20.0,107.82,11.0,151.3,20.0,129.93,39.93000000000001,75.0,40.0,1.5412494931191372,115,35.0,-163.0,0.3,108.29,
2025-06-25 07:35:58,110.0,56.0,117.71,14.0,108.0,8.0,127.73,15.0,113.86,7.709999999999994,64.0,29.0,8.049308665968914,93,35.0,-22.0,0.38,108.29,
2025-06-25 07:35:59,110.0,44.0,111.65,17.0,108.0,10.0,269.46,24.0,110.82,1.6500000000000057,54.0,41.0,10.372170939588536,95,13.0,2.0,0.14,110.0,6.0
2025-06-25 07:36:00,109.0,6.0,114.0,6.0,104.71,34.0,458.28,18.0,111.5,5.0,40.0,24.0,10.11384842678826,64,16.0,-31.0,0.25,110.0,1.0
2025-06-25 07:36:01,104.41,34.0,413.39,31.0,103.99,136.0,482.73,11.0,258.9,308.98,170.0,42.0,64.14931192148542,212,128.0,148.0,0.6,104.8,5.0
2025-06-25 07:36:02,107.05,21.0,139.0,15.0,104.21,117.0,146.37,51.0,123.02,31.950000000000003,138.0,66.0,64.62783920262251,204,72.0,-8.0,0.35,104.8,
2025-06-25 07:36:03,109.0,7.0,137.57,7.0,107.0,14.0,151.71,31.0,123.29,28.569999999999997,21.0,38.0,63.67278994986816,59,-17.0,-145.0,-0.29,104.8,
2025-06-25 07:36:04,109.0,10.0,137.0,10.0,107.0,20.0,226.79,34.0,123.0,28.0,30.0,44.0,62.230675072668376,74,-14.0,15.0,-0.19,104.8,
2025-06-25 07:36:05,111.75,16.0,136.88,16.0,107.0,32.0,365.62,52.0,124.31,25.129999999999995,48.0,68.0,60.5975670303687,116,-20.0,42.0,-0.17,104.8,
2025-06-25 07:36:06,104.43,84.0,136.0,8.0,98.75,16.0,363.25,8.0,120.21,31.569999999999997,100.0,16.0,1.5256900078477345,116,84.0,0.0,0.72,107.75,4.0
2025-06-25 07:36:07,104.06,176.0,127.52,27.0,103.8,45.0,271.11,19.0,115.79,23.459999999999997,221.0,46.0,3.4444302867161216,267,175.0,151.0,0.66,104.0,2.0
2025-06-25 07:36:08,109.0,12.0,126.97,32.0,104.11,190.0,155.0,12.0,117.98,17.97,202.0,44.0,3.503279891765424,246,158.0,-21.0,0.64,104.0,
2025-06-25 07:36:09,104.07,151.0,132.81,21.0,104.0,33.0,222.5,12.0,118.44,28.74000000000001,184.0,33.0,3.190600257012548,217,151.0,-29.0,0.7,105.0,5.0
2025-06-25 07:36:10,104.0,84.0,130.33,36.0,103.0,9.0,133.0,9.0,117.17,26.330000000000013,93.0,45.0,1.6292237415559183,138,48.0,-79.0,0.35,104.0,6.0
2025-06-25 07:36:11,104.12,82.0,127.94,17.0,103.64,25.0,129.21,38.0,116.03,23.819999999999997,107.0,55.0,1.165577110297736,162,52.0,24.0,0.32,104.0,
2025-06-25 07:36:12,105.04,47.0,124.47,19.0,104.12,82.0,127.11,18.0,114.76,19.429999999999996,129.0,37.0,1.4953695195670376,166,92.0,4.0,0.55,104.0,
2025-06-25 07:36:13,103.94,50.0,121.06,17.0,102.58,40.0,123.84,25.0,112.5,17.120000000000005,90.0,42.0,2.284130031335969,132,48.0,-34.0,0.36,104.0,
2025-06-25 07:36:14,104.21,28.0,117.24,58.0,103.52,23.0,117.45,53.0,110.73,13.03,51.0,111.0,2.617588584948338,162,-60.0,30.0,-0.37,104.0,
2025-06-25 07:36:15,109.8,25.0,113.03,33.0,108.09,23.0,114.2,10.0,111.42,3.230000000000004,48.0,43.0,2.243829316158557,91,5.0,-71.0,0.05,104.0,
2025-06-25 07:36:16,110.2,41.0,112.15,52.0,108.85,47.0,113.29,28.0,111.17,1.9500000000000028,88.0,80.0,1.6154349259729472,168,8.0,77.0,0.05,110.4,5.0
2025-06-25 07:36:17,108.05,37.0,113.25,16.0,104.62,24.0,114.96,25.0,110.65,5.200000000000003,61.0,41.0,0.7447348521814775,102,20.0,-66.0,0.2,110.0,1.0
2025-06-25 07:36:18,108.0,36.0,112.18,28.0,105.0,16.0,113.15,20.0,110.09,4.180000000000007,52.0,48.0,0.5128547553197568,100,4.0,-2.0,0.04,110.0,
2025-06-25 07:36:19,105.73,33.0,109.0,40.0,104.83,24.0,138.69,86.0,107.36,3.269999999999996,57.0,126.0,1.63479968193493,183,-69.0,83.0,-0.38,107.67,6.0
2025-06-25 07:36:20,104.0,75.0,108.27,11.0,103.0,11.0,129.8,15.0,106.14,4.269999999999996,86.0,26.0,2.205395656125053,112,60.0,-71.0,0.54,107.67,
2025-06-25 07:36:21,104.0,55.0,233.94,31.0,103.0,10.0,448.1,10.0,168.97,129.94,65.0,41.0,27.080896772449165,106,24.0,-6.0,0.23,105.0,5.0
2025-06-25 07:36:22,107.69,26.0,229.0,28.0,103.8,15.0,581.0,21.0,168.35,121.31,41.0,49.0,33.33112314339317,90,-8.0,-16.0,-0.09,104.0,1.0
2025-06-25 07:36:23,110.0,36.0,227.75,12.0,104.0,27.0,259.17,35.0,168.88,117.75,63.0,47.0,33.953236222781946,110,16.0,20.0,0.15,104.0,
2025-06-25 07:36:24,111.27,90.0,226.2,15.0,110.0,60.0,266.6,45.0,168.73,114.93,150.0,60.0,27.993219357552004,210,90.0,100.0,0.43,104.0,
2025-06-25 07:36:25,112.73,66.0,197.38,26.0,110.0,44.0,257.15,20.0,155.06,84.64999999999999,110.0,46.0,6.11911513211004,156,64.0,-54.0,0.41,104.0,
2025-06-25 07:36:26,113.0,78.0,142.7,40.0,110.0,52.0,143.28,25.0,127.85,29.69999999999999,130.0,65.0,17.734433455851462,195,65.0,39.0,0.33,104.0,
2025-06-25 07:36:27,113.0,72.0,139.43,21.0,110.0,48.0,139.96,27.0,126.21,26.430000000000007,120.0,48.0,21.138347381004724,168,72.0,-27.0,0.43,104.0,
2025-06-25 07:36:28,113.0,96.0,133.11,19.0,110.0,64.0,134.07,28.0,123.05,20.110000000000014,160.0,47.0,20.476471864069637,207,113.0,39.0,0.55,104.0,
2025-06-25 07:36:29,113.0,90.0,125.46,41.0,110.0,60.0,126.72,25.0,119.23,12.459999999999994,150.0,66.0,14.238096782928606,216,84.0,9.0,0.39,104.0,
2025-06-25 07:36:30,113.0,79.0,119.88,33.0,110.0,60.0,122.54,37.0,116.44,6.879999999999996,139.0,70.0,4.745785498739576,209,69.0,-7.0,0.33,113.0,1.0
2025-06-25 07:36:31,113.0,70.0,116.83,41.0,110.0,56.0,117.62,29.0,114.91,3.8299999999999983,126.0,70.0,4.664656471815313,196,56.0,-13.0,0.29,113.0,
2025-06-25 07:36:32,110.37,41.0,113.85,13.0,109.13,31.0,116.92,37.0,112.11,3.4799999999999898,72.0,50.0,4.185083033829827,122,22.0,-74.0,0.18,113.0,5.0
2025-06-25 07:36:33,110.0,35.0,111.44,25.0,109.0,30.0,113.0,34.0,110.72,1.4399999999999975,65.0,59.0,3.3963024011491987,124,6.0,2.0,0.05,110.0,1.0
2025-06-25 07:36:34,109.25,24.0,110.97,34.0,105.43,56.0,113.15,20.0,110.11,1.7199999999999989,80.0,54.0,2.7259622154485026,134,26.0,10.0,0.19,109.6,5.0
2025-06-25 07:36:35,105.0,70.0,107.45,20.0,104.0,154.0,108.83,36.0,106.22,2.450000000000003,224.0,56.0,3.1648902034753386,280,168.0,146.0,0.6,109.0,1.0
2025-06-25 07:36:36,105.0,48.0,160.29,21.0,104.0,186.0,190.09,32.0,132.64,55.28999999999999,234.0,53.0,10.449791863958437,287,181.0,7.0,0.63,105.0,4.0
2025-06-25 07:36:37,107.99,95.0,178.0,14.0,105.05,41.0,275.88,17.0,142.99,70.01,136.0,31.0,16.284134303058554,167,105.0,-120.0,0.63,105.0,
2025-06-25 07:36:38,110.5,80.0,149.94,16.0,108.0,128.0,184.0,20.0,130.22,39.44,208.0,36.0,15.66898305570741,244,172.0,77.0,0.7,105.0,
2025-06-25 07:36:39,108.82,55.0,146.64,11.0,107.72,53.0,223.95,22.0,127.73,37.81999999999999,108.0,33.0,13.46840190965668,141,75.0,-103.0,0.53,111.0,5.0
2025-06-25 07:36:40,108.0,96.0,145.25,12.0,105.0,12.0,176.0,36.0,126.62,37.25,108.0,48.0,6.548423474397556,156,60.0,15.0,0.38,111.0,
2025-06-25 07:36:41,108.0,78.0,144.0,11.0,106.09,11.0,284.07,28.0,126.0,36.0,89.0,39.0,7.0503737489612455,128,50.0,-28.0,0.39,108.0,2.0
2025-06-25 07:36:42,108.0,59.0,144.0,10.0,107.0,10.0,240.3,30.0,126.0,36.0,69.0,40.0,1.7714908975335155,109,29.0,-19.0,0.27,108.0,1.0
2025-06-25 07:36:43,109.47,57.0,143.9,10.0,107.92,38.0,287.33,24.0,126.69,34.43000000000001,95.0,34.0,0.7080042373069476,129,61.0,20.0,0.47,108.0,
2025-06-25 07:36:44,110.0,48.0,142.03,31.0,108.0,55.0,186.17,12.0,126.02,32.03,103.0,43.0,0.3560617924529741,146,60.0,17.0,0.41,110.0,2.0
2025-06-25 07:36:45,110.21,87.0,141.27,44.0,108.47,36.0,142.2,20.0,125.74,31.060000000000016,123.0,64.0,0.3548239000475404,187,59.0,41.0,0.32,110.0,
2025-06-25 07:36:46,111.0,72.0,136.83,30.0,110.0,50.0,137.42,36.0,123.92,25.830000000000013,122.0,66.0,1.0415277240886245,188,56.0,1.0,0.3,111.0,2.0
2025-06-25 07:36:47,111.0,70.0,132.12,24.0,110.0,50.0,134.27,30.0,121.56,21.120000000000005,120.0,54.0,2.07455537406111,174,66.0,-14.0,0.38,111.0,
2025-06-25 07:36:48,111.0,91.0,126.38,53.0,110.0,65.0,127.8,41.0,118.69,15.379999999999995,156.0,94.0,3.0802240178348943,250,62.0,76.0,0.25,111.0,
2025-06-25 07:36:49,111.0,79.0,116.81,47.0,110.0,85.0,120.64,44.0,113.9,5.810000000000002,164.0,91.0,4.657533682116386,255,73.0,5.0,0.29,111.0,4.0
2025-06-25 07:36:50,110.41,59.0,112.22,37.0,109.73,52.0,113.8,65.0,111.31,1.8100000000000025,111.0,102.0,5.236537978478785,213,9.0,-42.0,0.04,111.33,3.0
2025-06-25 07:36:51,109.93,54.0,114.24,46.0,107.86,14.0,195.0,48.0,112.08,4.309999999999988,68.0,94.0,4.435985797999403,162,-26.0,-51.0,-0.16,110.0,5.0
2025-06-25 07:36:54,108.2,15.0,394.39,18.0,104.39,49.0,547.55,22.0,251.29,286.19,64.0,40.0,104.21671962789834,104,24.0,-4.0,0.23,109.0,5.0
2025-06-25 07:36:55,110.0,45.0,216.86,42.0,105.0,15.0,395.57,35.0,163.43,106.86,60.0,77.0,92.32557462588557,137,-17.0,33.0,-0.12,109.0,
2025-06-25 07:36:56,110.0,24.0,215.38,8.0,105.0,8.0,282.0,20.0,162.69,105.38,32.0,28.0,77.42757925958911,60,4.0,-77.0,0.07,109.0,
2025-06-25 07:36:57,110.0,39.0,208.83,29.0,105.0,13.0,213.7,23.0,159.41,98.83,52.0,52.0,73.72646960217189,104,0.0,44.0,0.0,109.0,
2025-06-25 07:36:58,109.29,17.0,136.21,19.0,104.2,10.0,197.0,23.0,122.75,26.92,27.0,42.0,47.5159413249912,69,-15.0,-35.0,-0.22,107.8,5.0
2025-06-25 07:36:59,105.75,48.0,135.75,32.0,103.33,36.0,136.12,40.0,120.75,30.0,84.0,72.0,22.02343025053153,156,12.0,87.0,0.08,107.8,
2025-06-25 07:37:00,107.0,90.0,131.2,56.0,104.0,30.0,132.38,64.0,119.1,24.19999999999999,120.0,120.0,22.077710479124285,240,0.0,84.0,0.0,107.8,
2025-06-25 07:37:01,108.97,58.0,127.55,31.0,104.0,24.0,128.98,50.0,118.26,18.58,82.0,81.0,17.612326081470364,163,1.0,-77.0,0.01,109.0,2.0
2025-06-25 07:37:02,110.0,56.0,127.0,56.0,104.0,28.0,128.0,70.0,118.5,17.0,84.0,126.0,1.879539837313316,210,-42.0,47.0,-0.2,109.0,
2025-06-25 07:37:03,110.15,52.0,125.31,36.0,107.87,62.0,126.32,63.0,117.73,15.159999999999997,114.0,99.0,1.1614516778792712,213,15.0,3.0,0.07,109.0,
2025-06-25 07:37:04,112.47,68.0,121.27,37.0,108.0,85.0,122.75,56.0,116.87,8.799999999999997,153.0,93.0,0.841884790246979,246,60.0,33.0,0.24,109.0,
2025-06-25 07:37:05,113.0,52.0,117.84,19.0,108.0,65.0,120.0,54.0,115.42,4.840000000000003,117.0,73.0,1.2500119999623178,190,44.0,-56.0,0.23,109.0,
2025-06-25 07:37:06,109.86,58.0,113.47,40.0,107.09,35.0,116.28,25.0,111.67,3.61,93.0,65.0,2.696195467700889,158,28.0,-32.0,0.18,112.0,6.0
2025-06-25 07:37:07,108.0,105.0,112.98,41.0,104.47,19.0,114.43,14.0,110.49,4.980000000000004,124.0,55.0,3.200184369696855,179,69.0,21.0,0.39,108.0,2.0
2025-06-25 07:37:08,108.05,83.0,112.26,31.0,107.44,16.0,133.3,40.0,110.15,4.210000000000008,99.0,71.0,3.0410853325832856,170,28.0,-9.0,0.16,108.0,3.0
2025-06-25 07:37:09,110.0,18.0,111.94,34.0,108.0,46.0,154.32,34.0,110.97,1.9399999999999975,64.0,68.0,2.134877045652528,132,-4.0,-38.0,-0.03,110.0,1.0
2025-06-25 07:37:10,109.11,18.0,112.0,28.0,107.95,21.0,367.0,10.0,110.56,2.890000000000001,39.0,38.0,0.582425961006866,77,1.0,-55.0,0.01,108.67,3.0
2025-06-25 07:37:11,110.14,42.0,148.96,26.0,108.0,22.0,458.52,29.0,129.55,38.82000000000001,64.0,55.0,8.50540886730628,119,9.0,42.0,0.08,111.0,4.0
2025-06-25 07:37:12,111.25,16.0,180.0,8.0,108.0,16.0,428.53,17.0,145.62,68.75,32.0,25.0,15.857800919422814,57,7.0,-62.0,0.12,111.0,
2025-06-25 07:37:13,112.0,10.0,180.0,5.0,108.0,10.0,411.0,14.0,146.0,68.0,20.0,19.0,17.532708005326548,39,1.0,-18.0,0.03,111.0,
2025-06-25 07:37:14,107.92,13.0,118.67,21.0,106.0,16.0,255.81,32.0,113.29,10.75,29.0,53.0,16.973247479490812,82,-24.0,43.0,-0.29,107.75,8.0
2025-06-25 07:37:15,105.0,15.0,107.73,15.0,103.36,44.0,128.47,15.0,106.37,2.730000000000004,59.0,30.0,18.172576317078487,89,29.0,7.0,0.33,107.75,
2025-06-25 07:37:16,104.43,21.0,119.27,11.0,103.13,46.0,255.0,15.0,111.85,14.83999999999999,67.0,26.0,19.510308300999363,93,41.0,4.0,0.44,105.0,1.0
2025-06-25 07:37:17,104.0,63.0,234.16,31.0,103.0,52.0,478.12,41.0,169.08,130.16,115.0,72.0,27.14748736071243,187,43.0,94.0,0.23,104.0,5.0
2025-06-25 07:37:18,103.88,8.0,231.33,24.0,102.88,32.0,279.52,21.0,167.6,127.45000000000002,40.0,45.0,31.787791209834594,85,-5.0,-102.0,-0.06,103.25,4.0
2025-06-25 07:37:19,103.96,51.0,216.11,36.0,102.47,15.0,228.83,24.0,160.04,112.15000000000002,66.0,60.0,31.175979054394272,126,6.0,41.0,0.05,103.25,
2025-06-25 07:37:20,104.0,35.0,140.0,20.0,103.0,5.0,156.33,18.0,122.0,36.0,40.0,38.0,27.104084194084624,78,2.0,-48.0,0.03,103.25,
2025-06-25 07:37:21,106.29,76.0,138.36,56.0,105.67,30.0,281.0,30.0,122.32,32.07000000000001,106.0,86.0,24.02464401401249,192,20.0,114.0,0.1,107.0,2.0
2025-06-25 07:37:22,110.81,31.0,139.0,40.0,109.64,47.0,341.0,20.0,124.9,28.19,78.0,60.0,22.5054553386514,138,18.0,-54.0,0.13,107.0,
2025-06-25 07:37:23,112.13,38.0,127.67,42.0,110.1,58.0,144.46,41.0,119.9,15.540000000000006,96.0,83.0,16.979862190254664,179,13.0,41.0,0.07,107.0,
2025-06-25 07:37:24,113.0,58.0,125.55,67.0,112.0,51.0,185.62,32.0,119.28,12.549999999999995,109.0,99.0,2.2253539044489683,208,10.0,29.0,0.05,113.0,3.0
2025-06-25 07:37:25,113.0,22.0,122.45,33.0,112.0,33.0,125.51,41.0,117.73,9.450000000000005,55.0,74.0,2.8134640570028453,129,-19.0,-79.0,-0.15,113.0,
2025-06-25 07:37:26,113.0,30.0,122.0,45.0,112.0,45.0,146.0,15.0,117.5,9.0,75.0,60.0,2.99357979683984,135,15.0,6.0,0.11,113.0,
2025-06-25 07:37:27,113.0,28.0,118.93,42.0,112.0,42.0,153.07,45.0,115.96,5.930000000000007,70.0,87.0,1.5576841785320392,157,-17.0,22.0,-0.11,113.0,
2025-06-25 07:37:28,113.0,9.0,115.67,27.0,112.0,27.0,117.33,27.0,114.33,2.6700000000000017,36.0,54.0,1.88306930303956,90,-18.0,-67.0,-0.2,113.0,1.0
2025-06-25 07:37:29,112.33,18.0,114.3,30.0,111.2,30.0,147.19,31.0,113.32,1.9699999999999989,48.0,61.0,1.9330468178631384,109,-13.0,19.0,-0.12,113.0,1.0
2025-06-25 07:37:30,112.0,21.0,113.75,24.0,110.0,27.0,172.0,15.0,112.88,1.75,48.0,39.0,1.9191977490742145,87,9.0,-22.0,0.1,112.0,2.0
2025-06-25 07:37:31,108.83,12.0,113.17,18.0,108.18,11.0,253.4,10.0,111.0,4.340000000000003,23.0,28.0,1.8307976403886104,51,-5.0,-36.0,-0.1,109.5,8.0
2025-06-25 07:37:32,108.0,36.0,111.74,34.0,104.0,12.0,422.08,25.0,109.87,3.739999999999995,48.0,59.0,1.809046710301706,107,-11.0,56.0,-0.1,109.5,
2025-06-25 07:37:33,108.0,14.0,110.0,27.0,104.0,9.0,644.0,18.0,109.0,2.0,23.0,45.0,1.8684699623098688,68,-22.0,-39.0,-0.32,108.0,2.0
2025-06-25 07:37:34,103.33,24.0,109.23,39.0,86.89,38.0,491.92,26.0,106.28,5.900000000000006,62.0,65.0,2.4475252807796224,127,-3.0,59.0,-0.02,104.2,5.0
2025-06-25 07:37:35,103.0,6.0,107.33,18.0,102.0,24.0,319.13,15.0,105.17,4.329999999999998,30.0,33.0,2.4553879530649785,63,-3.0,-64.0,-0.05,104.2,
2025-06-25 07:37:36,102.05,21.0,107.0,18.0,82.54,13.0,162.0,30.0,104.52,4.950000000000003,34.0,48.0,2.3584677229204747,82,-14.0,19.0,-0.17,104.2,
2025-06-25 07:37:37,105.0,12.0,106.67,18.0,102.0,24.0,162.0,30.0,105.83,1.6700000000000017,36.0,48.0,1.7218159019065722,84,-12.0,2.0,-0.14,104.2,
2025-06-25 07:37:38,93.45,20.0,299.21,34.0,85.65,17.0,440.27,22.0,196.33,205.76,37.0,56.0,40.64823526304733,93,-19.0,9.0,-0.2,104.67,3.0
2025-06-25 07:37:39,96.81,37.0,206.87,39.0,91.74,34.0,258.83,52.0,151.84,110.06,71.0,91.0,40.893518679615205,162,-20.0,69.0,-0.12,100.33,3.0
2025-06-25 07:37:40,107.0,18.0,118.72,25.0,105.0,12.0,133.48,27.0,112.86,11.72,30.0,52.0,39.7254091231297,82,-22.0,-80.0,-0.27,100.33,
2025-06-25 07:37:41,107.33,27.0,117.43,28.0,104.73,15.0,185.08,26.0,112.38,10.100000000000009,42.0,54.0,38.38649463027375,96,-12.0,14.0,-0.12,100.33,
2025-06-25 07:37:42,108.94,110.0,115.08,52.0,107.55,44.0,222.0,65.0,112.01,6.140000000000001,154.0,117.0,37.26131814630334,271,37.0,164.0,0.14,100.33,
2025-06-25 07:37:43,111.51,83.0,112.96,50.0,108.64,33.0,166.32,62.0,112.23,1.4499999999999886,116.0,112.0,17.654277951818035,228,4.0,-43.0,0.02,112.44,9.0
2025-06-25 07:37:44,110.0,24.0,111.08,12.0,107.0,36.0,276.0,62.0,110.54,1.0799999999999983,60.0,74.0,0.8758595778179598,134,-14.0,-94.0,-0.1,112.44,
2025-06-25 07:37:45,110.0,18.0,111.0,9.0,107.0,27.0,208.0,45.0,110.5,1.0,45.0,54.0,0.933257735063506,99,-9.0,-35.0,-0.09,112.44,
2025-06-25 07:37:46,110.0,60.0,111.0,9.0,107.0,27.0,190.8,30.0,110.5,1.0,87.0,39.0,0.8835892711300896,126,48.0,27.0,0.38,112.44,
2025-06-25 07:37:47,110.0,64.0,168.84,25.0,107.88,72.0,190.62,29.0,139.42,58.84,136.0,54.0,12.757210510140965,190,82.0,64.0,0.43,110.33,3.0
2025-06-25 07:37:48,110.45,33.0,156.6,15.0,108.8,45.0,171.4,15.0,133.53,46.14999999999999,78.0,30.0,14.371472436742426,108,48.0,-82.0,0.44,110.33,
2025-06-25 07:37:49,110.38,39.0,133.95,20.0,108.67,54.0,142.2,15.0,122.17,23.569999999999997,93.0,35.0,13.166580041910851,128,58.0,20.0,0.45,110.33,
2025-06-25 07:37:50,110.26,57.0,132.8,30.0,108.44,81.0,156.32,38.0,121.53,22.540000000000006,138.0,68.0,11.292393457546686,206,70.0,78.0,0.34,110.33,
2025-06-25 07:37:51,110.03,62.0,132.0,36.0,108.24,102.0,250.92,60.0,121.02,21.97,164.0,96.0,8.433292951157412,260,68.0,54.0,0.26,110.33,
2025-06-25 07:37:52,110.07,43.0,131.91,33.0,108.42,91.0,328.26,43.0,120.99,21.840000000000003,134.0,76.0,5.433591813896654,210,58.0,-50.0,0.28,110.33,3.0
2025-06-25 07:37:53,110.0,85.0,129.97,35.0,108.78,41.0,315.29,51.0,119.99,19.97,126.0,86.0,0.8019351595030815,212,40.0,2.0,0.19,110.33,
2025-06-25 07:37:54,110.0,50.0,126.19,26.0,109.0,20.0,126.77,31.0,118.1,16.189999999999998,70.0,57.0,1.3638291682054562,127,13.0,-85.0,0.1,110.33,
2025-06-25 07:37:55,109.25,32.0,122.96,26.0,108.06,54.0,123.29,17.0,116.11,13.709999999999994,86.0,43.0,2.114821505481961,129,43.0,2.0,0.33,109.33,9.0
2025-06-25 07:37:56,108.0,40.0,118.12,17.0,107.0,24.0,119.5,20.0,113.06,10.120000000000005,64.0,37.0,3.173066340316647,101,27.0,-28.0,0.27,108.0,4.0
2025-06-25 07:37:57,107.89,37.0,115.08,52.0,105.43,69.0,117.0,13.0,111.48,7.189999999999998,106.0,65.0,3.503522513136209,171,41.0,70.0,0.24,107.75,4.0
2025-06-25 07:37:58,107.0,24.0,111.59,27.0,104.0,216.0,112.29,42.0,109.3,4.590000000000003,240.0,69.0,3.529362548684149,309,171.0,138.0,0.55,107.75,
2025-06-25 07:37:59,104.04,201.0,107.43,28.0,103.62,58.0,110.48,29.0,105.74,3.390000000000001,259.0,57.0,3.906676336741579,316,202.0,7.0,0.64,107.0,1.0
2025-06-25 07:38:00,104.0,234.0,105.67,27.0,94.09,55.0,125.9,50.0,104.83,1.6700000000000017,289.0,77.0,3.5591740615006056,366,212.0,50.0,0.58,104.2,5.0
2025-06-25 07:38:01,104.14,132.0,109.27,45.0,103.9,67.0,426.31,52.0,106.7,5.129999999999996,199.0,97.0,2.733422762775617,296,102.0,-70.0,0.34,104.0,4.0
2025-06-25 07:38:02,106.24,34.0,114.0,24.0,105.44,18.0,334.0,32.0,110.12,7.760000000000005,52.0,56.0,2.282524917730392,108,-4.0,-164.0,-0.04,104.0,
2025-06-25 07:38:03,106.0,50.0,223.85,39.0,104.07,84.0,305.76,45.0,164.92,117.85,134.0,84.0,26.04784098538781,218,50.0,110.0,0.23,106.0,2.0
2025-06-25 07:38:04,106.89,71.0,227.84,57.0,105.12,58.0,278.02,45.0,167.36,120.95,129.0,102.0,32.34084228958852,231,27.0,13.0,0.12,106.0,
2025-06-25 07:38:05,107.0,49.0,168.4,25.0,106.0,14.0,226.19,31.0,137.7,61.400000000000006,63.0,56.0,28.90381635701471,119,7.0,-112.0,0.06,106.0,
2025-06-25 07:38:06,107.68,31.0,163.14,42.0,106.83,47.0,197.62,39.0,135.41,55.45999999999998,78.0,81.0,23.667680917234488,159,-3.0,40.0,-0.02,107.6,5.0
2025-06-25 07:38:07,110.0,12.0,166.32,53.0,107.0,60.0,188.86,44.0,138.16,56.31999999999999,72.0,97.0,15.968713160427797,169,-25.0,10.0,-0.15,107.6,
2025-06-25 07:38:08,107.44,18.0,134.27,55.0,105.32,71.0,166.55,55.0,120.86,26.830000000000013,89.0,110.0,16.9159752896494,199,-21.0,30.0,-0.11,107.12,8.0
2025-06-25 07:38:09,106.9,111.0,132.2,75.0,104.03,75.0,182.18,72.0,119.55,25.299999999999983,186.0,147.0,9.318279347607,333,39.0,134.0,0.12,107.12,
2025-06-25 07:38:10,109.0,84.0,127.74,68.0,105.0,16.0,128.71,28.0,118.37,18.739999999999995,100.0,96.0,9.5072104215718,196,4.0,-137.0,0.02,109.0,1.0
2025-06-25 07:38:11,109.0,57.0,123.61,18.0,105.0,14.0,125.95,66.0,116.31,14.61,71.0,84.0,8.830178367397096,155,-13.0,-41.0,-0.08,109.0,1.0
2025-06-25 07:38:12,109.29,38.0,121.37,62.0,107.41,17.0,121.9,50.0,115.33,12.079999999999998,55.0,112.0,2.273143198316549,167,-57.0,12.0,-0.34,109.0,
2025-06-25 07:38:13,110.24,21.0,118.21,33.0,106.11,37.0,119.3,69.0,114.23,7.969999999999999,58.0,102.0,2.180853044121557,160,-44.0,-7.0,-0.28,109.75,4.0
2025-06-25 07:38:14,106.95,44.0,112.56,72.0,104.22,69.0,112.98,56.0,109.76,5.609999999999999,113.0,128.0,3.2028268763791266,241,-15.0,81.0,-0.06,109.0,2.0
2025-06-25 07:38:15,104.0,48.0,109.44,45.0,103.0,9.0,110.44,45.0,106.72,5.439999999999998,57.0,90.0,4.075211650952513,147,-33.0,-94.0,-0.22,104.0,3.0
2025-06-25 07:38:16,104.0,24.0,106.0,16.0,103.0,8.0,107.11,36.0,105.0,2.0,32.0,52.0,4.524971823123504,84,-20.0,-63.0,-0.24,104.0,
2025-06-25 07:38:17,104.0,18.0,105.0,35.0,103.0,70.0,106.79,19.0,104.5,1.0,88.0,54.0,4.024614267239048,142,34.0,58.0,0.24,104.0,3.0
2025-06-25 07:38:18,103.83,118.0,106.77,39.0,102.93,27.0,262.28,39.0,105.3,2.9399999999999977,145.0,78.0,2.125342325383404,223,67.0,81.0,0.3,104.0,
2025-06-25 07:38:19,104.0,182.0,106.0,39.0,103.0,13.0,107.0,65.0,105.0,2.0,195.0,104.0,0.8420688808329169,299,91.0,76.0,0.3,104.0,
2025-06-25 07:38:20,103.52,27.0,106.11,44.0,101.14,14.0,137.27,66.0,104.82,2.5900000000000034,41.0,110.0,0.2930528963645245,151,-69.0,-148.0,-0.46,105.5,4.0
2025-06-25 07:38:21,103.0,15.0,106.73,60.0,100.1,90.0,373.64,39.0,104.87,3.730000000000004,105.0,99.0,0.2903790627226184,204,6.0,53.0,0.03,105.5,
2025-06-25 07:38:22,100.62,34.0,105.0,19.0,78.86,44.0,155.81,42.0,102.81,4.379999999999996,78.0,61.0,0.995916663214373,139,17.0,-65.0,0.12,103.33,6.0
2025-06-25 07:38:27,99.61,222.0,156.33,27.0,57.56,206.0,248.41,51.0,127.97,56.72000000000001,428.0,78.0,18.87300267578212,506,350.0,164.0,0.69,98.93,14.0
2025-06-25 07:38:28,105.0,85.0,378.56,9.0,86.75,40.0,488.54,13.0,241.78,273.56,125.0,22.0,66.88431153865639,147,103.0,-164.0,0.7,98.93,
2025-06-25 07:38:29,82.35,95.0,252.18,51.0,7.85,41.0,316.06,17.0,167.26,169.83,136.0,68.0,63.87537530222445,204,68.0,57.0,0.33,98.93,
2025-06-25 07:38:30,104.0,18.0,253.0,24.0,68.67,9.0,307.8,15.0,178.5,149.0,27.0,39.0,55.6154400324227,66,-12.0,-138.0,-0.18,98.93,
2025-06-25 07:38:31,108.18,22.0,260.77,22.0,96.36,25.0,304.81,16.0,184.48,152.58999999999995,47.0,38.0,40.95276938132493,85,9.0,19.0,0.11,98.93,
2025-06-25 07:38:32,112.0,32.0,198.61,18.0,111.0,48.0,239.83,18.0,155.31,86.61000000000001,80.0,36.0,33.39762985602389,116,44.0,31.0,0.38,98.93,
2025-06-25 07:38:33,113.0,14.0,138.0,6.0,112.0,12.0,194.6,10.0,125.5,25.0,26.0,16.0,23.356228291400253,42,10.0,-74.0,0.24,113.0,2.0
2025-06-25 07:38:34,111.67,9.0,137.86,7.0,111.33,12.0,163.0,14.0,124.76,26.19000000000001,21.0,21.0,28.274562772923925,42,0.0,0.0,0.0,112.33,3.0
2025-06-25 07:38:35,110.0,16.0,136.12,8.0,108.0,8.0,147.4,10.0,123.06,26.120000000000005,24.0,18.0,26.962767291211566,42,6.0,0.0,0.14,112.33,
2025-06-25 07:38:36,110.0,14.0,135.0,7.0,108.0,7.0,137.0,7.0,122.5,25.0,21.0,14.0,14.075350084457694,35,7.0,-7.0,0.2,112.33,
2025-06-25 07:38:37,105.38,26.0,133.75,12.0,83.21,61.0,135.83,12.0,119.57,28.370000000000005,87.0,24.0,2.309528090336175,111,63.0,76.0,0.57,107.2,5.0
2025-06-25 07:38:38,108.0,10.0,132.0,10.0,101.0,60.0,133.0,10.0,120.0,24.0,70.0,20.0,2.173343047025296,90,50.0,-21.0,0.56,107.2,
2025-06-25 07:38:39,105.08,13.0,130.62,8.0,99.95,44.0,132.25,8.0,117.85,25.540000000000006,57.0,16.0,2.1589881889567826,73,41.0,-17.0,0.56,108.0,1.0
2025-06-25 07:38:40,101.32,57.0,119.5,16.0,100.52,23.0,130.85,13.0,110.41,18.180000000000007,80.0,29.0,4.59139739077963,109,51.0,36.0,0.47,105.5,2.0
2025-06-25 07:38:41,101.0,30.0,109.91,11.0,90.11,28.0,172.88,16.0,105.45,8.909999999999997,58.0,27.0,6.435959912869418,85,31.0,-24.0,0.36,102.33,6.0
2025-06-25 07:38:42,90.17,42.0,108.88,17.0,89.33,67.0,272.64,28.0,99.52,18.709999999999997,109.0,45.0,8.518170578244312,154,64.0,69.0,0.42,102.8,5.0
2025-06-25 07:38:43,80.46,78.0,300.83,29.0,68.62,66.0,446.02,46.0,190.64,220.37,144.0,75.0,37.42919221677178,219,69.0,65.0,0.32,102.0,3.0
2025-06-25 07:38:45,111.4,60.0,329.93,40.0,110.41,71.0,476.5,24.0,220.66,218.53,131.0,64.0,94.29623497255852,195,67.0,24.0,0.34,112.0,4.0
2025-06-25 07:38:49,112.31,13.0,357.33,51.0,110.0,78.0,407.34,44.0,234.82,245.02,91.0,95.0,66.09933433855326,186,-4.0,66.0,-0.02,112.0,
2025-06-25 07:38:50,113.0,3.0,133.0,9.0,110.0,18.0,135.0,12.0,123.0,20.0,21.0,21.0,98.95397324008708,42,0.0,-144.0,0.0,112.0,
2025-06-25 07:38:51,110.16,56.0,131.42,36.0,109.37,49.0,245.87,52.0,120.79,21.25999999999999,105.0,88.0,116.26745043218206,193,17.0,151.0,0.09,111.5,2.0
2025-06-25 07:38:52,110.0,55.0,129.07,45.0,109.0,55.0,130.76,34.0,119.53,19.069999999999997,110.0,79.0,89.4287925111369,189,31.0,-4.0,0.16,111.5,
2025-06-25 07:38:53,109.4,50.0,126.5,32.0,106.52,42.0,128.08,49.0,117.95,17.099999999999994,92.0,81.0,51.24037050997997,173,11.0,-16.0,0.06,110.0,5.0
2025-06-25 07:38:54,109.0,42.0,125.3,47.0,107.0,12.0,127.1,50.0,117.15,16.299999999999997,54.0,97.0,2.327591029380631,151,-43.0,-22.0,-0.28,110.0,
2025-06-25 07:38:55,109.42,36.0,123.2,49.0,108.36,22.0,124.8,59.0,116.31,13.78,58.0,108.0,1.81021545680474,166,-50.0,15.0,-0.3,110.0,3.0
2025-06-25 07:38:56,109.0,36.0,119.42,38.0,107.0,12.0,121.07,59.0,114.21,10.420000000000002,48.0,97.0,1.9736767719300945,145,-49.0,-21.0,-0.34,110.0,
2025-06-25 07:38:57,109.0,24.0,117.16,44.0,107.0,10.0,118.73,37.0,113.08,8.159999999999997,34.0,81.0,2.037989205088669,115,-47.0,-30.0,-0.41,109.0,1.0
2025-06-25 07:38:58,108.14,29.0,113.51,51.0,106.69,13.0,115.25,53.0,110.82,5.3700000000000045,42.0,104.0,2.538135142197841,146,-62.0,31.0,-0.42,108.33,3.0
2025-06-25 07:38:59,104.0,30.0,109.33,30.0,103.0,6.0,112.0,24.0,106.67,5.329999999999998,36.0,54.0,3.6807023786313,90,-18.0,-56.0,-0.2,108.33,
2025-06-25 07:39:00,104.0,41.0,107.21,33.0,103.0,7.0,109.19,32.0,105.61,3.2099999999999937,48.0,65.0,3.8148879406955896,113,-17.0,23.0,-0.15,108.33,
2025-06-25 07:39:01,104.0,53.0,105.32,31.0,103.0,10.0,107.0,50.0,104.66,1.3199999999999932,63.0,81.0,3.61435609757352,144,-18.0,31.0,-0.12,104.33,6.0
2025-06-25 07:39:02,101.38,16.0,103.38,32.0,80.0,16.0,186.67,36.0,102.38,2.0,32.0,68.0,3.1116506873473724,100,-36.0,-44.0,-0.36,102.7,10.0
2025-06-25 07:39:03,101.0,10.0,104.27,22.0,69.5,10.0,280.71,28.0,102.64,3.269999999999996,20.0,50.0,1.861604146984876,70,-30.0,-30.0,-0.43,102.7,
2025-06-25 07:39:04,101.0,7.0,103.62,16.0,74.0,7.0,105.0,7.0,102.31,2.6200000000000045,14.0,23.0,1.5170530643561233,37,-9.0,-33.0,-0.24,104.0,2.0
2025-06-25 07:39:06,79.07,44.0,100.57,14.0,74.38,32.0,101.75,24.0,89.82,21.5,76.0,38.0,7.40510499588493,114,38.0,33.0,0.33,104.0,
2025-06-25 07:39:09,92.25,12.0,330.93,30.0,91.04,28.0,398.12,25.0,211.59,238.68,40.0,55.0,53.82983067036398,95,-15.0,19.0,-0.16,101.44,9.0
2025-06-25 07:39:10,97.96,23.0,187.88,16.0,97.95,19.0,457.29,28.0,142.92,89.92,42.0,44.0,52.44480784596361,86,-2.0,-9.0,-0.02,101.44,
2025-06-25 07:39:11,103.08,111.0,106.6,10.0,101.72,29.0,455.73,33.0,104.84,3.519999999999996,140.0,43.0,50.21028211432438,183,97.0,97.0,0.53,105.0,2.0
2025-06-25 07:39:12,104.24,63.0,106.41,17.0,103.64,67.0,600.73,30.0,105.32,2.1700000000000017,130.0,47.0,48.13292500981048,177,83.0,-6.0,0.47,104.86,7.0
2025-06-25 07:39:19,113.0,99.0,418.09,44.0,110.0,101.0,441.43,37.0,265.55,305.09,200.0,81.0,49.07506515532956,281,119.0,-19.0,0.42,104.86,
2025-06-25 07:39:20,113.0,95.0,366.0,50.0,110.0,130.0,418.09,44.0,239.5,253.0,225.0,94.0,55.604330047217104,319,131.0,38.0,0.41,113.0,5.0
2025-06-25 07:39:21,113.0,42.0,134.81,31.0,110.0,91.0,220.67,33.0,123.9,21.81,133.0,64.0,94.96283283474588,197,69.0,-122.0,0.35,113.0,
2025-06-25 07:39:22,113.0,39.0,132.74,47.0,110.0,143.0,133.51,41.0,122.87,19.74000000000001,182.0,88.0,82.61642978245882,270,94.0,73.0,0.35,113.0,3.0
2025-06-25 07:39:23,113.0,36.0,129.6,48.0,110.0,156.0,131.0,48.0,121.3,16.599999999999994,192.0,96.0,71.71346198587818,288,96.0,18.0,0.33,113.0,
2025-06-25 07:39:24,110.1,91.0,126.08,37.0,108.58,45.0,127.6,35.0,118.09,15.980000000000004,136.0,72.0,52.79902432810696,208,64.0,-80.0,0.31,111.8,5.0
2025-06-25 07:39:25,110.31,64.0,124.93,43.0,109.55,71.0,125.83,29.0,117.62,14.620000000000005,135.0,72.0,2.810325603922097,207,63.0,-1.0,0.3,111.8,
2025-06-25 07:39:26,111.0,40.0,122.86,44.0,110.0,110.0,124.42,36.0,116.93,11.86,150.0,80.0,2.5801685991542924,230,70.0,23.0,0.3,111.8,
2025-06-25 07:39:27,110.0,121.0,119.77,35.0,108.0,44.0,121.4,35.0,114.89,9.769999999999996,165.0,70.0,2.32302173904246,235,95.0,5.0,0.4,111.0,4.0
2025-06-25 07:39:28,110.0,154.0,116.44,48.0,108.0,62.0,118.28,54.0,113.22,6.439999999999998,216.0,102.0,2.0436119984150496,318,114.0,83.0,0.36,111.0,
2025-06-25 07:39:29,110.0,88.0,112.62,24.0,108.0,40.0,114.58,26.0,111.31,2.6200000000000045,128.0,50.0,2.6064209176699955,178,78.0,-140.0,0.44,111.0,
2025-06-25 07:39:30,110.0,66.0,111.17,18.0,108.0,30.0,114.0,18.0,110.58,1.1700000000000017,96.0,36.0,2.59965959311398,132,60.0,-46.0,0.45,111.0,
2025-06-25 07:39:31,110.0,27.0,111.6,15.0,108.0,25.0,118.12,17.0,110.8,1.5999999999999943,52.0,32.0,1.846956956745645,84,20.0,-48.0,0.24,110.0,8.0
2025-06-25 07:39:32,108.75,24.0,113.45,20.0,107.56,27.0,123.82,28.0,111.1,4.700000000000003,51.0,48.0,1.0539070168056184,99,3.0,15.0,0.03,110.0,
2025-06-25 07:39:33,108.0,51.0,110.05,58.0,107.0,60.0,141.18,67.0,109.03,2.049999999999997,111.0,125.0,0.9017926591368984,236,-14.0,137.0,-0.06,108.5,4.0
2025-06-25 07:39:34,104.33,6.0,109.91,22.0,102.4,20.0,150.17,29.0,107.12,5.579999999999998,26.0,51.0,1.6618002286900446,77,-25.0,-159.0,-0.32,106.5,8.0
2025-06-25 07:39:35,102.5,4.0,109.0,8.0,72.56,18.0,110.0,16.0,105.75,6.5,22.0,24.0,2.3162361710489625,46,-2.0,-31.0,-0.04,102.25,4.0
2025-06-25 07:39:36,90.21,56.0,195.57,49.0,76.64,140.0,441.81,43.0,142.89,105.36,196.0,92.0,15.622111573025805,288,104.0,164.0,0.36,106.0,7.0
2025-06-25 07:39:38,104.43,46.0,317.0,35.0,100.0,55.0,607.0,35.0,210.72,212.57,101.0,70.0,81.15888411012062,171,31.0,-57.0,0.18,106.0,
2025-06-25 07:39:40,111.94,34.0,128.27,44.0,110.21,34.0,231.38,26.0,120.11,16.330000000000013,68.0,70.0,76.38690712419205,138,-2.0,-153.0,-0.01,113.0,2.0
2025-06-25 07:39:41,113.0,18.0,191.43,47.0,110.41,51.0,277.06,47.0,152.21,78.43,69.0,94.0,74.50433074660788,163,-25.0,25.0,-0.15,113.0,1.0
2025-06-25 07:39:42,113.0,12.0,179.88,57.0,110.0,36.0,249.25,48.0,146.44,66.88,48.0,105.0,59.54131028118191,153,-57.0,-10.0,-0.37,111.5,2.0
2025-06-25 07:39:43,110.82,17.0,179.31,65.0,109.23,78.0,505.15,65.0,145.07,68.49000000000001,95.0,130.0,58.15971612723016,225,-35.0,72.0,-0.16,111.5,
2025-06-25 07:39:44,109.71,34.0,177.0,50.0,109.0,24.0,439.0,50.0,143.35,67.29,58.0,100.0,12.377264641269864,158,-42.0,-67.0,-0.27,110.0,5.0
2025-06-25 07:39:45,109.0,92.0,176.0,45.0,107.0,36.0,459.0,45.0,142.5,67.0,128.0,90.0,3.8359522937627113,218,38.0,60.0,0.17,109.0,5.0
2025-06-25 07:39:46,109.0,56.0,175.43,35.0,106.59,49.0,357.0,35.0,142.21,66.43,105.0,70.0,1.798479913712098,175,35.0,-43.0,0.2,109.0,
2025-06-25 07:39:47,109.09,22.0,174.0,25.0,107.25,32.0,340.0,25.0,141.55,64.91,54.0,50.0,1.3567903301642028,104,4.0,-71.0,0.04,109.0,4.0
2025-06-25 07:39:48,110.0,14.0,154.0,35.0,109.0,28.0,245.14,35.0,132.0,44.0,42.0,70.0,4.696825523694728,112,-28.0,8.0,-0.25,109.0,
2025-06-25 07:39:49,110.0,12.0,138.0,30.0,109.0,24.0,139.0,30.0,124.0,28.0,36.0,60.0,8.224887233271659,96,-24.0,-16.0,-0.25,109.0,
2025-06-25 07:39:50,110.0,8.0,138.0,20.0,109.0,16.0,242.5,20.0,124.0,28.0,24.0,40.0,8.952919635517775,64,-16.0,-32.0,-0.25,109.0,
2025-06-25 07:39:51,109.33,12.0,136.4,50.0,107.25,64.0,442.0,50.0,122.87,27.070000000000007,76.0,100.0,7.968878842098457,176,-24.0,112.0,-0.14,109.4,5.0
2025-06-25 07:39:52,108.45,11.0,134.44,45.0,106.7,66.0,302.22,45.0,121.45,25.989999999999995,77.0,90.0,4.12452785177278,167,-13.0,-9.0,-0.08,107.4,5.0
2025-06-25 07:39:53,107.56,9.0,134.0,25.0,105.48,25.0,135.0,25.0,120.78,26.44,34.0,50.0,1.468485614520002,84,-16.0,-83.0,-0.19,107.4,
2025-06-25 07:39:54,107.23,13.0,134.0,25.0,105.07,41.0,135.0,25.0,120.62,26.77,54.0,50.0,1.4522844074261192,104,4.0,20.0,0.04,109.0,2.0
2025-06-25 07:39:55,107.53,30.0,133.11,45.0,105.28,58.0,199.33,45.0,120.32,25.580000000000013,88.0,90.0,1.0171381420701742,178,-2.0,74.0,-0.01,107.0,1.0
2025-06-25 07:39:56,108.27,59.0,129.9,52.0,106.93,30.0,167.32,56.0,119.09,21.63000000000001,89.0,108.0,0.8666429484250865,197,-19.0,19.0,-0.1,108.0,4.0
2025-06-25 07:39:57,110.0,27.0,128.22,45.0,109.0,9.0,130.0,9.0,119.11,18.22,36.0,54.0,0.8237293245086779,90,-18.0,-107.0,-0.2,108.0,
2025-06-25 07:39:58,109.81,32.0,126.0,12.0,107.86,14.0,127.0,60.0,117.91,16.189999999999998,46.0,72.0,1.0879568006388187,118,-26.0,28.0,-0.22,109.2,5.0
2025-06-25 07:39:59,107.0,15.0,122.21,24.0,105.0,30.0,125.07,30.0,114.6,15.209999999999994,45.0,54.0,2.188522332547193,99,-9.0,-19.0,-0.09,109.2,
2025-06-25 07:40:00,107.0,9.0,117.0,25.0,105.0,18.0,117.48,33.0,112.0,10.0,27.0,58.0,3.136856706969568,85,-31.0,-14.0,-0.36,109.2,
2025-06-25 07:40:01,109.06,31.0,114.43,21.0,106.2,20.0,116.22,51.0,111.75,5.3700000000000045,51.0,72.0,3.356162987708111,123,-21.0,38.0,-0.17,106.71,7.0
2025-06-25 07:40:02,104.0,20.0,108.5,14.0,103.0,10.0,109.67,24.0,106.25,4.5,30.0,38.0,4.288154614757391,68,-8.0,-55.0,-0.12,106.71,
2025-06-25 07:40:03,95.15,26.0,124.6,20.0,63.6,100.0,165.24,33.0,109.88,29.44999999999999,126.0,53.0,3.093756616165394,179,73.0,111.0,0.41,104.38,8.0
2025-06-25 07:40:04,102.57,14.0,154.0,8.0,84.29,17.0,203.0,20.0,128.29,51.43000000000001,31.0,28.0,8.509314308454218,59,3.0,-120.0,0.05,102.0,2.0
2025-06-25 07:40:05,109.78,54.0,136.42,31.0,105.38,32.0,173.32,37.0,123.1,26.639999999999983,86.0,68.0,9.379857674829662,154,18.0,95.0,0.12,110.0,1.0
2025-06-25 07:40:06,110.0,49.0,126.0,35.0,70.39,36.0,127.0,35.0,118.0,16.0,85.0,70.0,9.108744699466516,155,15.0,1.0,0.1,110.0,
2025-06-25 07:40:07,110.06,119.0,123.27,70.0,102.31,183.0,124.13,78.0,116.67,13.209999999999994,302.0,148.0,6.937951426758245,450,154.0,164.0,0.34,110.0,
2025-06-25 07:40:08,111.53,86.0,119.85,47.0,110.29,98.0,121.12,58.0,115.69,8.319999999999993,184.0,105.0,5.276992514686306,289,79.0,-161.0,0.27,110.0,
2025-06-25 07:40:09,112.13,45.0,115.7,44.0,111.0,84.0,119.65,46.0,113.92,3.5700000000000074,129.0,90.0,3.4780928682338232,219,39.0,-70.0,0.18,112.5,2.0
2025-06-25 07:40:10,112.0,63.0,114.55,47.0,110.0,77.0,115.51,41.0,113.28,2.549999999999997,140.0,88.0,1.9415895549939295,228,52.0,9.0,0.23,112.0,3.0
2025-06-25 07:40:11,110.33,36.0,112.46,28.0,109.08,26.0,114.67,36.0,111.4,2.1299999999999955,62.0,64.0,2.066729300141461,126,-2.0,-102.0,-0.02,111.2,5.0
2025-06-25 07:40:12,110.0,40.0,111.0,40.0,108.0,16.0,113.0,24.0,110.5,1.0,56.0,64.0,2.0592522915040785,120,-8.0,-6.0,-0.07,111.2,
2025-06-25 07:40:13,108.86,35.0,223.7,53.0,107.38,32.0,440.4,48.0,166.28,114.84,67.0,101.0,24.19123973673222,168,-34.0,48.0,-0.2,110.0,5.0
2025-06-25 07:40:14,107.64,25.0,169.0,24.0,106.26,27.0,217.5,24.0,138.32,61.36,52.0,48.0,24.34306636395764,100,4.0,-68.0,0.04,107.2,5.0
2025-06-25 07:40:15,105.0,39.0,211.57,37.0,103.15,65.0,242.29,35.0,158.28,106.57,104.0,72.0,25.833599826583104,176,32.0,76.0,0.18,107.2,
2025-06-25 07:40:16,105.0,27.0,214.44,27.0,103.0,45.0,313.05,21.0,159.72,109.44,72.0,48.0,22.735575646990394,120,24.0,-56.0,0.2,107.2,
2025-06-25 07:40:17,105.0,33.0,174.44,32.0,103.0,55.0,246.28,29.0,139.72,69.44,88.0,61.0,12.647326990317582,149,27.0,29.0,0.18,107.2,
2025-06-25 07:40:18,105.0,30.0,166.15,39.0,103.0,50.0,183.6,30.0,135.58,61.150000000000006,80.0,69.0,11.67806833341983,149,11.0,0.0,0.07,107.2,
2025-06-25 07:40:19,103.75,32.0,164.0,32.0,102.31,64.0,168.0,24.0,133.88,60.25,96.0,56.0,12.573340049486616,152,40.0,3.0,0.26,105.0,3.0
2025-06-25 07:40:20,103.0,60.0,162.74,46.0,102.0,132.0,164.79,38.0,132.87,59.74000000000001,192.0,84.0,11.137301288913322,276,108.0,124.0,0.39,105.0,
2025-06-25 07:40:21,102.74,42.0,160.0,40.0,98.13,119.0,163.0,30.0,131.37,57.260000000000005,161.0,70.0,3.204829168619963,231,91.0,-45.0,0.39,103.0,5.0
2025-06-25 07:40:22,103.24,72.0,160.0,32.0,91.6,88.0,163.0,24.0,131.62,56.760000000000005,160.0,56.0,1.731222111700079,216,104.0,-15.0,0.48,104.0,3.0
2025-06-25 07:40:23,109.0,121.0,151.3,40.0,102.0,121.0,161.7,37.0,130.15,42.30000000000001,242.0,77.0,1.436373906766815,319,165.0,103.0,0.52,104.0,
2025-06-25 07:40:24,109.0,132.0,143.66,38.0,102.16,116.0,160.39,46.0,126.33,34.66,248.0,84.0,2.506714981812342,332,164.0,13.0,0.49,104.0,
2025-06-25 07:40:25,109.0,154.0,155.5,48.0,102.0,214.0,156.84,50.0,132.25,46.5,368.0,98.0,2.369784800365341,466,270.0,134.0,0.58,104.0,
2025-06-25 07:40:26,110.35,49.0,151.0,33.0,107.73,121.0,155.0,44.0,130.67,40.650000000000006,170.0,77.0,2.314039757662511,247,93.0,-164.0,0.38,104.0,
2025-06-25 07:40:27,112.0,27.0,151.0,27.0,109.81,59.0,155.0,36.0,131.5,39.0,86.0,63.0,2.2962360505929698,149,23.0,-98.0,0.15,104.0,
2025-06-25 07:40:28,112.58,36.0,148.74,43.0,110.0,72.0,150.02,41.0,130.66,36.16000000000001,108.0,84.0,2.305877273413022,192,24.0,43.0,0.12,104.0,
2025-06-25 07:40:29,113.0,39.0,147.18,33.0,112.0,102.0,151.11,57.0,130.09,34.18000000000001,141.0,90.0,0.8454761972058947,231,51.0,39.0,0.22,113.0,1.0
2025-06-25 07:40:30,113.0,24.0,142.5,32.0,112.0,72.0,145.12,16.0,127.75,29.5,96.0,48.0,1.4243700362064624,144,48.0,-87.0,0.33,113.0,
2025-06-25 07:40:31,112.02,90.0,136.35,49.0,110.12,102.0,140.28,36.0,124.18,24.33,192.0,85.0,2.951868899535397,277,107.0,133.0,0.39,112.5,4.0
2025-06-25 07:40:32,112.0,49.0,137.12,43.0,110.0,78.0,137.61,36.0,124.56,25.120000000000005,127.0,79.0,3.016980278365428,206,48.0,-71.0,0.23,112.0,1.0
2025-06-25 07:40:33,110.51,47.0,135.0,49.0,109.14,167.0,136.56,43.0,122.76,24.489999999999995,214.0,92.0,2.982745379687606,306,122.0,100.0,0.4,110.86,7.0
2025-06-25 07:40:34,110.0,119.0,132.29,28.0,109.0,154.0,133.82,28.0,121.14,22.289999999999992,273.0,56.0,2.4543471637178467,329,217.0,23.0,0.66,110.86,
2025-06-25 07:40:35,110.0,180.0,129.16,32.0,109.0,132.0,130.17,23.0,119.58,19.16,312.0,55.0,2.091286685285347,367,257.0,38.0,0.7,110.86,
2025-06-25 07:40:36,110.0,210.0,128.0,42.0,109.0,154.0,129.0,14.0,119.0,18.0,364.0,56.0,2.28991702907616,420,308.0,53.0,0.73,110.86,
2025-06-25 07:40:37,110.0,120.0,123.79,28.0,109.0,88.0,125.65,23.0,116.89,13.790000000000006,208.0,51.0,2.218463432210407,259,157.0,-161.0,0.61,110.86,
2025-06-25 07:40:38,110.0,130.0,120.26,27.0,109.0,121.0,121.92,26.0,115.13,10.260000000000003,251.0,53.0,2.3568771711857464,304,198.0,45.0,0.65,110.0,5.0
2025-06-25 07:40:39,110.0,110.0,116.54,24.0,109.0,121.0,116.74,35.0,113.27,6.540000000000006,231.0,59.0,2.637371797843135,290,172.0,-14.0,0.59,110.0,
2025-06-25 07:40:40,110.0,130.0,113.06,35.0,108.97,125.0,114.57,46.0,111.53,3.0600000000000023,255.0,81.0,2.9363378552305885,336,174.0,46.0,0.52,110.0,
2025-06-25 07:40:41,110.0,98.0,113.07,29.0,108.0,28.0,162.73,49.0,111.53,3.069999999999993,126.0,78.0,2.335551326788146,204,48.0,-132.0,0.24,110.0,5.0
2025-06-25 07:40:42,110.0,29.0,114.0,40.0,109.0,50.0,234.0,25.0,112.0,4.0,79.0,65.0,1.5376345469788957,144,14.0,-60.0,0.1,110.0,3.0
2025-06-25 07:40:43,110.0,20.0,113.4,40.0,109.0,50.0,441.9,30.0,111.7,3.4000000000000057,70.0,70.0,0.7322089866040931,140,0.0,-4.0,0.0,110.0,
2025-06-25 07:40:44,109.26,38.0,111.58,48.0,108.64,39.0,267.0,27.0,110.42,2.319999999999993,77.0,75.0,0.5995248118839371,152,2.0,12.0,0.01,109.67,3.0
2025-06-25 07:40:45,109.0,36.0,110.33,36.0,108.0,18.0,183.67,30.0,109.67,1.3299999999999983,54.0,66.0,0.9817993685396778,120,-12.0,-32.0,-0.1,109.67,
2025-06-25 07:40:46,108.13,23.0,116.78,41.0,106.98,44.0,181.33,43.0,112.46,8.650000000000006,67.0,84.0,1.1634431658077191,151,-17.0,31.0,-0.11,108.25,8.0
2025-06-25 07:40:47,107.0,27.0,182.38,37.0,106.0,45.0,215.0,35.0,144.69,75.38,72.0,72.0,15.07778398837366,144,0.0,-7.0,0.0,108.25,
2025-06-25 07:40:48,107.25,20.0,128.2,30.0,106.26,34.0,155.25,24.0,117.72,20.94999999999999,54.0,54.0,14.705875356470816,108,0.0,-36.0,0.0,108.25,
2025-06-25 07:40:49,107.35,17.0,127.7,40.0,106.16,38.0,313.29,42.0,117.53,20.35000000000001,55.0,82.0,13.996418470453571,137,-27.0,29.0,-0.2,108.0,3.0
2025-06-25 07:40:50,107.58,26.0,125.38,32.0,106.19,43.0,212.89,27.0,116.48,17.799999999999997,69.0,59.0,12.984283961776727,128,10.0,-9.0,0.08,108.0,
2025-06-25 07:40:51,110.46,39.0,124.43,21.0,109.8,75.0,125.08,39.0,117.45,13.970000000000011,114.0,60.0,12.260841325131452,174,54.0,46.0,0.31,112.0,2.0
2025-06-25 07:40:52,112.0,7.0,121.16,19.0,110.0,56.0,124.25,16.0,116.58,9.159999999999997,63.0,35.0,0.577295418358772,98,28.0,-76.0,0.29,112.0,
2025-06-25 07:40:53,110.4,30.0,120.26,38.0,109.41,68.0,121.0,16.0,115.33,9.86,98.0,54.0,0.8927093592309899,152,44.0,54.0,0.29,110.67,3.0
2025-06-25 07:40:54,110.0,54.0,116.0,12.0,108.0,50.0,117.25,28.0,113.0,6.0,104.0,40.0,1.721124632343536,144,64.0,-8.0,0.44,110.0,3.0
2025-06-25 07:40:55,110.0,12.0,113.78,9.0,108.0,20.0,115.9,10.0,111.89,3.780000000000001,32.0,19.0,2.3541134212396693,51,13.0,-93.0,0.25,110.0,
2025-06-25 07:40:56,110.0,18.0,111.57,14.0,108.0,40.0,112.4,30.0,110.79,1.5699999999999932,58.0,44.0,2.398951854469423,102,14.0,51.0,0.14,110.0,2.0
2025-06-25 07:40:57,109.61,46.0,112.2,15.0,107.92,49.0,214.09,44.0,110.9,2.5900000000000034,95.0,59.0,1.87386498981747,154,36.0,52.0,0.23,109.67,6.0
2025-06-25 07:40:58,108.0,52.0,112.77,39.0,106.88,68.0,422.77,65.0,110.38,4.769999999999996,120.0,104.0,1.0562054724649024,224,16.0,70.0,0.07,109.67,
2025-06-25 07:40:59,108.0,32.0,111.25,24.0,107.0,64.0,248.75,40.0,109.62,3.25,96.0,64.0,0.8263957889931577,160,32.0,-64.0,0.2,109.67,
2025-06-25 07:41:00,108.0,24.0,109.83,18.0,107.0,48.0,268.0,30.0,108.92,1.8299999999999983,72.0,48.0,0.8388802060284569,120,24.0,-40.0,0.2,109.67,
2025-06-25 07:41:01,108.0,22.0,217.69,29.0,107.0,104.0,450.57,56.0,162.84,109.69,126.0,85.0,23.66281724562935,211,41.0,91.0,0.19,108.0,3.0
2025-06-25 07:41:02,108.0,9.0,221.33,30.0,107.0,72.0,282.97,33.0,164.67,113.33,81.0,63.0,29.65156285931722,144,18.0,-67.0,0.12,108.0,
2025-06-25 07:41:03,108.88,64.0,212.18,55.0,106.9,42.0,236.0,22.0,160.53,103.3,106.0,77.0,29.291666562352304,183,29.0,39.0,0.16,107.2,5.0
2025-06-25 07:41:04,109.0,19.0,326.23,43.0,107.0,44.0,415.78,46.0,217.62,217.23,63.0,89.0,38.46059970931294,152,-26.0,-31.0,-0.17,109.0,5.0
2025-06-25 07:41:05,109.0,6.0,198.0,30.0,107.0,24.0,374.44,18.0,153.5,89.0,30.0,48.0,25.944598089004806,78,-18.0,-74.0,-0.23,109.0,
2025-06-25 07:41:06,109.0,13.0,265.74,27.0,106.43,14.0,343.67,15.0,187.37,156.74,27.0,42.0,26.137702079562885,69,-15.0,-9.0,-0.22,108.6,5.0
2025-06-25 07:41:07,110.0,16.0,361.74,34.0,107.29,14.0,446.51,37.0,235.87,251.74,30.0,71.0,35.601217254469944,101,-41.0,32.0,-0.41,108.6,
2025-06-25 07:41:10,106.28,25.0,202.55,55.0,104.5,22.0,386.21,43.0,154.41,96.27,47.0,98.0,58.21879962692396,145,-51.0,65.0,-0.35,107.12,8.0
2025-06-25 07:41:11,103.0,27.0,166.33,45.0,100.96,23.0,487.08,24.0,134.67,63.33000000000001,50.0,69.0,70.97508738987177,119,-19.0,-26.0,-0.16,107.12,
2025-06-25 07:41:12,104.47,17.0,150.9,39.0,102.56,27.0,380.33,45.0,127.68,46.43000000000001,44.0,84.0,80.17296632905608,128,-40.0,9.0,-0.31,107.12,
2025-06-25 07:41:13,108.0,4.0,135.0,11.0,103.0,12.0,250.29,17.0,121.5,27.0,16.0,28.0,73.25658011400749,44,-12.0,-84.0,-0.27,107.12,
2025-06-25 07:41:14,103.85,13.0,150.0,16.0,102.5,16.0,302.25,40.0,126.92,46.150000000000006,29.0,56.0,12.832471702678392,85,-27.0,41.0,-0.32,103.8,5.0
2025-06-25 07:41:15,103.77,65.0,149.0,26.0,103.05,38.0,612.08,65.0,126.38,45.23,103.0,91.0,4.717191961331334,194,12.0,109.0,0.06,103.8,
2025-06-25 07:41:16,106.32,62.0,146.7,20.0,105.29,42.0,511.7,50.0,126.51,40.38,104.0,70.0,2.455569180465325,174,34.0,-20.0,0.2,103.8,
2025-06-25 07:41:17,107.0,46.0,143.82,22.0,106.0,30.0,287.1,40.0,125.41,36.81999999999999,76.0,62.0,2.2190831440150536,138,14.0,-36.0,0.1,107.0,4.0
2025-06-25 07:41:18,107.94,17.0,141.17,24.0,105.2,49.0,143.0,36.0,124.55,33.22999999999999,66.0,60.0,0.9605883613967772,126,6.0,-12.0,0.05,107.0,
2025-06-25 07:41:19,110.7,43.0,139.93,30.0,109.64,44.0,142.31,35.0,125.32,29.230000000000004,87.0,65.0,0.8135908062726369,152,22.0,26.0,0.14,107.0,
2025-06-25 07:41:20,112.0,48.0,135.05,21.0,110.0,64.0,136.72,32.0,123.52,23.05000000000001,112.0,53.0,1.1095359390538453,165,59.0,13.0,0.36,107.0,
2025-06-25 07:41:21,112.0,27.0,129.4,20.0,110.0,36.0,130.19,21.0,120.7,17.400000000000006,63.0,41.0,1.9431546516048543,104,22.0,-61.0,0.21,107.0,
2025-06-25 07:41:22,112.9,62.0,125.89,37.0,111.58,38.0,126.9,31.0,119.4,12.989999999999997,100.0,68.0,2.5421093603649574,168,32.0,64.0,0.19,113.0,2.0
2025-06-25 07:41:23,113.0,60.0,121.05,39.0,110.32,57.0,121.93,43.0,117.03,8.049999999999997,117.0,82.0,3.2876861164133517,199,35.0,31.0,0.18,113.0,
2025-06-25 07:41:24,113.0,36.0,117.45,20.0,110.0,36.0,118.5,24.0,115.22,4.450000000000003,72.0,44.0,3.22095948438657,116,28.0,-83.0,0.24,113.0,
2025-06-25 07:41:25,112.64,66.0,114.17,40.0,111.74,124.0,116.78,27.0,113.41,1.5300000000000011,190.0,67.0,2.9745537480540656,257,123.0,141.0,0.48,113.0,4.0
2025-06-25 07:41:26,112.0,87.0,113.0,56.0,110.0,56.0,119.96,46.0,112.5,1.0,143.0,102.0,2.783733105034431,245,41.0,-12.0,0.17,112.0,11.0
2025-06-25 07:41:27,111.43,14.0,132.19,31.0,109.93,41.0,192.15,53.0,121.81,20.75999999999999,55.0,84.0,3.687252364575009,139,-29.0,-106.0,-0.21,112.67,3.0
2025-06-25 07:41:28,110.0,68.0,266.25,28.0,107.93,30.0,358.96,78.0,188.12,156.25,98.0,106.0,32.5757282343779,204,-8.0,65.0,-0.04,112.67,
2025-06-25 07:41:29,110.0,71.0,142.79,38.0,109.0,40.0,258.68,34.0,126.39,32.78999999999999,111.0,72.0,31.660725354925816,183,39.0,-21.0,0.21,110.0,3.0
2025-06-25 07:41:30,110.0,40.0,131.75,16.0,109.0,32.0,265.5,32.0,120.88,21.75,72.0,48.0,30.69954804227646,120,24.0,-63.0,0.2,110.0,
2025-06-25 07:41:31,110.0,22.0,137.12,16.0,109.0,56.0,452.79,58.0,123.56,27.120000000000005,78.0,74.0,29.12668484397147,152,4.0,32.0,0.03,110.0,4.0
2025-06-25 07:41:32,110.0,51.0,133.27,33.0,109.0,44.0,135.0,11.0,121.64,23.27000000000001,95.0,44.0,29.14770351159826,139,51.0,-13.0,0.37,110.0,
2025-06-25 07:41:33,110.0,72.0,131.5,12.0,109.0,32.0,132.9,20.0,120.75,21.5,104.0,32.0,2.3758430082931152,136,72.0,-3.0,0.53,110.0,
2025-06-25 07:41:34,110.0,84.0,127.27,15.0,109.0,44.0,129.39,23.0,118.63,17.269999999999996,128.0,38.0,1.7758575393474951,166,90.0,30.0,0.54,110.0,5.0
2025-06-25 07:41:35,110.0,40.0,121.69,16.0,109.0,40.0,123.76,29.0,115.84,11.689999999999998,80.0,45.0,2.9611197206561357,125,35.0,-41.0,0.28,110.0,
2025-06-25 07:41:36,110.0,40.0,119.2,10.0,109.0,40.0,120.43,14.0,114.6,9.200000000000005,80.0,24.0,3.0417215520262597,104,56.0,-21.0,0.54,110.0,
2025-06-25 07:41:37,110.0,40.0,117.5,10.0,109.0,40.0,118.5,10.0,113.75,7.5,80.0,20.0,2.914554854529785,100,60.0,-4.0,0.6,110.0,
2025-06-25 07:41:38,110.0,29.0,114.32,25.0,109.0,36.0,116.22,9.0,112.16,4.319999999999993,65.0,34.0,2.4326179313787524,99,31.0,-1.0,0.31,110.0,1.0
2025-06-25 07:41:39,110.0,36.0,112.74,31.0,109.0,68.0,113.61,23.0,111.37,2.739999999999995,104.0,54.0,1.8076863666209892,158,50.0,59.0,0.32,110.0,1.0
2025-06-25 07:41:40,109.71,14.0,111.7,10.0,108.88,41.0,136.81,27.0,110.71,1.990000000000009,55.0,37.0,1.6253830318016622,92,18.0,-66.0,0.2,110.0,2.0
2025-06-25 07:41:41,107.61,59.0,110.18,11.0,107.11,44.0,325.15,26.0,108.9,2.5700000000000074,103.0,37.0,1.790578118952161,140,66.0,48.0,0.47,108.3,10.0
2025-06-25 07:41:42,107.0,94.0,150.4,45.0,105.0,15.0,171.61,49.0,128.7,43.400000000000006,109.0,94.0,8.10168933001422,203,15.0,63.0,0.07,107.0,1.0
2025-06-25 07:41:43,107.0,54.0,158.44,36.0,105.0,9.0,159.44,36.0,132.72,51.44,63.0,72.0,11.290786066526142,135,-9.0,-68.0,-0.07,107.0,
2025-06-25 07:41:44,107.0,102.0,123.03,60.0,104.09,89.0,144.39,62.0,115.02,16.03,191.0,122.0,10.824536941599854,313,69.0,164.0,0.22,107.0,
2025-06-25 07:41:45,109.27,49.0,111.77,26.0,106.86,58.0,133.38,52.0,110.52,2.5,107.0,78.0,10.86210476841666,185,29.0,-128.0,0.16,108.5,8.0
2025-06-25 07:41:46,107.32,19.0,150.56,18.0,104.25,48.0,174.65,40.0,128.94,43.24000000000001,67.0,58.0,9.766278718122615,125,9.0,-60.0,0.07,109.0,3.0
2025-06-25 07:41:47,107.0,9.0,153.5,24.0,104.0,90.0,155.76,21.0,130.25,46.5,99.0,45.0,10.00693259695769,144,54.0,19.0,0.38,109.0,
2025-06-25 07:41:48,107.21,122.0,153.0,40.0,103.81,64.0,155.0,10.0,130.11,45.790000000000006,186.0,50.0,9.458116620134003,236,136.0,92.0,0.58,105.0,3.0
2025-06-25 07:41:49,108.0,112.0,152.0,32.0,104.0,64.0,155.0,8.0,130.0,44.0,176.0,40.0,8.649019019521873,216,136.0,-20.0,0.63,105.0,
2025-06-25 07:41:50,108.0,112.0,149.43,23.0,104.0,64.0,151.71,17.0,128.72,41.43000000000001,176.0,40.0,0.7163309291425034,216,136.0,0.0,0.63,105.0,
2025-06-25 07:41:51,108.87,108.0,149.44,18.0,107.76,134.0,212.3,20.0,129.16,40.56999999999999,242.0,38.0,0.6706489394952518,280,204.0,64.0,0.73,105.0,
2025-06-25 07:41:52,109.66,76.0,144.58,24.0,108.57,98.0,145.71,21.0,127.12,34.920000000000016,174.0,45.0,1.211206010572505,219,129.0,-61.0,0.59,105.0,
2025-06-25 07:41:53,112.0,90.0,139.97,29.0,109.0,126.0,141.48,25.0,125.98,27.97,216.0,54.0,1.6222453575362994,270,162.0,51.0,0.6,105.0,
2025-06-25 07:41:54,112.0,40.0,138.21,19.0,109.0,56.0,139.45,11.0,125.11,26.210000000000008,96.0,30.0,1.733008944018869,126,66.0,-144.0,0.52,112.0,4.0
2025-06-25 07:41:55,112.0,9.0,130.67,27.0,109.0,63.0,137.44,18.0,121.33,18.669999999999987,72.0,45.0,2.89410607961274,117,27.0,-9.0,0.23,112.0,
2025-06-25 07:41:56,112.0,10.0,120.18,38.0,109.4,35.0,125.36,14.0,116.09,8.180000000000007,45.0,52.0,4.493454127957133,97,-7.0,-20.0,-0.07,112.0,
2025-06-25 07:41:57,109.0,60.0,116.21,28.0,108.0,168.0,116.71,24.0,112.61,7.209999999999994,228.0,52.0,5.772580012443218,280,176.0,164.0,0.63,110.0,5.0
2025-06-25 07:41:58,109.0,60.0,113.13,15.0,108.0,168.0,114.8,30.0,111.07,4.129999999999996,228.0,45.0,5.905363663658911,273,183.0,-7.0,0.67,110.0,
2025-06-25 07:41:59,109.06,53.0,111.42,24.0,108.03,145.0,112.29,17.0,110.24,2.3599999999999994,198.0,41.0,4.53851517570087,239,157.0,-34.0,0.66,110.0,3.0
2025-06-25 07:42:00,109.0,25.0,111.36,11.0,108.0,98.0,271.23,26.0,110.18,2.3599999999999994,123.0,37.0,2.4681916457338144,160,86.0,-79.0,0.54,109.0,3.0
2025-06-25 07:42:01,108.21,53.0,234.1,31.0,107.89,141.0,357.87,54.0,171.15,125.89,194.0,85.0,26.90658376680427,279,109.0,119.0,0.39,109.0,2.0
2025-06-25 07:42:02,108.0,134.0,308.52,42.0,107.0,65.0,479.65,40.0,208.26,200.52,199.0,82.0,45.326104509432845,281,117.0,2.0,0.42,108.0,4.0
2025-06-25 07:42:03,108.0,150.0,408.57,56.0,107.0,75.0,499.23,66.0,258.29,300.57,225.0,122.0,64.02495083949684,347,103.0,66.0,0.3,108.0,
2025-06-25 07:42:04,108.44,90.0,361.68,37.0,107.76,105.0,413.36,36.0,235.06,253.24,195.0,73.0,58.17409535179686,268,122.0,-79.0,0.46,108.0,
2025-06-25 07:42:05,108.77,43.0,233.44,9.0,107.94,85.0,414.0,27.0,171.11,124.67,128.0,36.0,38.65615901767706,164,92.0,-104.0,0.56,109.0,5.0
2025-06-25 07:42:06,108.27,37.0,211.71,14.0,107.82,85.0,411.66,44.0,159.99,103.44,122.0,58.0,41.583045463264696,180,64.0,16.0,0.36,109.0,
2025-06-25 07:42:07,109.0,20.0,175.39,23.0,107.95,105.0,312.4,43.0,142.2,66.38999999999999,125.0,66.0,50.44986471736032,191,59.0,11.0,0.31,109.0,
2025-06-25 07:42:08,110.0,15.0,136.23,31.0,107.76,63.0,387.25,59.0,123.11,26.22999999999999,78.0,90.0,42.53550199539199,168,-12.0,-23.0,-0.07,109.0,
2025-06-25 07:42:09,108.22,18.0,123.54,26.0,107.09,44.0,441.21,28.0,115.88,15.320000000000007,62.0,54.0,23.50058446081779,116,8.0,-52.0,0.07,109.0,
2025-06-25 07:42:10,108.0,19.0,109.0,50.0,107.0,50.0,137.91,22.0,108.5,1.0,69.0,72.0,20.960177241618197,141,-3.0,25.0,-0.02,108.0,1.0
2025-06-25 07:42:11,106.9,10.0,115.5,30.0,105.77,13.0,252.57,21.0,111.2,8.599999999999994,23.0,51.0,13.500167406371814,74,-28.0,-67.0,-0.38,107.83,12.0
2025-06-25 07:42:12,104.71,7.0,122.0,30.0,103.83,24.0,493.67,18.0,113.36,17.290000000000006,31.0,48.0,5.571929647803605,79,-17.0,5.0,-0.22,104.33,3.0
2025-06-25 07:42:13,104.0,24.0,272.62,40.0,102.31,36.0,451.0,32.0,188.31,168.62,60.0,72.0,34.130256371730546,132,-12.0,53.0,-0.09,104.33,
2025-06-25 07:42:14,104.0,20.0,413.35,34.0,103.0,24.0,664.26,38.0,258.68,309.35,44.0,72.0,66.46160094370292,116,-28.0,-16.0,-0.24,104.33,
2025-06-25 07:42:16,104.36,22.0,259.22,36.0,103.28,29.0,451.03,31.0,181.79,154.86,51.0,67.0,70.79326910095293,118,-16.0,50.0,-0.14,104.33,
2025-06-25 07:42:17,104.18,22.0,118.27,22.0,103.13,31.0,447.17,48.0,111.23,14.08999999999999,53.0,70.0,71.50265575487344,123,-17.0,5.0,-0.14,104.33,
2025-06-25 07:42:18,105.95,19.0,120.0,9.0,102.71,21.0,393.27,30.0,112.97,14.049999999999995,40.0,39.0,83.3473579665244,79,1.0,-44.0,0.01,104.5,4.0
2025-06-25 07:42:19,109.75,40.0,119.33,15.0,106.43,35.0,358.0,60.0,114.54,9.579999999999998,75.0,75.0,79.25730325969968,150,0.0,71.0,0.0,104.5,
2025-06-25 07:42:20,109.87,45.0,116.67,60.0,108.59,44.0,182.52,31.0,113.27,6.799999999999997,89.0,91.0,30.785363405359597,180,-2.0,30.0,-0.01,110.0,3.0
2025-06-25 07:42:21,109.0,22.0,115.61,23.0,108.0,66.0,116.13,39.0,112.3,6.609999999999999,88.0,62.0,1.2219942717027337,150,26.0,-30.0,0.17,110.0,
2025-06-25 07:42:22,108.0,53.0,111.71,17.0,107.37,97.0,113.29,17.0,109.85,3.7099999999999937,150.0,34.0,1.7321172015988713,184,116.0,34.0,0.63,108.0,10.0
2025-06-25 07:42:23,106.64,101.0,108.12,25.0,103.89,37.0,110.95,21.0,107.38,1.480000000000004,138.0,46.0,2.859470230667968,184,92.0,0.0,0.5,104.5,4.0
2025-06-25 07:42:24,103.02,86.0,106.18,72.0,102.15,82.0,121.61,70.0,104.6,3.160000000000011,168.0,142.0,3.5594170871196265,310,26.0,126.0,0.08,103.62,8.0
2025-06-25 07:42:25,83.05,44.0,104.19,54.0,55.78,69.0,303.68,53.0,93.62,21.14,113.0,107.0,7.256528095452033,220,6.0,-90.0,0.03,102.33,3.0
2025-06-25 07:42:36,85.38,16.0,347.62,13.0,60.91,11.0,470.62,16.0,216.5,262.24,27.0,29.0,65.41720247763621,56,-2.0,2.0,-0.04,102.33,
2025-06-25 07:42:37,99.92,24.0,277.0,7.0,86.81,21.0,439.71,14.0,188.46,177.07999999999998,45.0,21.0,65.52471152168489,66,24.0,10.0,0.36,102.33,
2025-06-25 07:42:38,105.62,16.0,266.0,11.0,104.0,56.0,386.13,15.0,185.81,160.38,72.0,26.0,48.93131952032352,98,46.0,32.0,0.47,102.33,
2025-06-25 07:42:39,106.21,29.0,113.0,7.0,102.26,43.0,474.29,14.0,109.6,6.790000000000006,72.0,21.0,39.7248257390764,93,51.0,-5.0,0.55,106.0,2.0
2025-06-25 07:42:40,109.59,51.0,113.0,8.0,104.62,21.0,321.86,14.0,111.29,3.4099999999999966,72.0,22.0,48.87230984923882,94,50.0,1.0,0.53,107.0,3.0
2025-06-25 07:42:41,110.0,88.0,111.19,36.0,105.0,16.0,292.11,9.0,110.6,1.1899999999999975,104.0,45.0,41.99129755080254,149,59.0,55.0,0.4,107.0,
2025-06-25 07:42:42,110.0,32.0,252.82,17.0,105.0,18.0,275.27,22.0,181.41,142.82,50.0,39.0,40.08052981186797,89,11.0,-60.0,0.12,110.0,8.0
2025-06-25 07:42:43,110.71,45.0,238.64,25.0,109.18,56.0,387.55,49.0,174.68,127.93,101.0,74.0,37.079048396635535,175,27.0,86.0,0.15,110.0,
2025-06-25 07:42:44,112.0,24.0,146.17,6.0,110.0,19.0,260.38,8.0,129.08,34.16999999999999,43.0,14.0,34.33435699121268,57,29.0,-118.0,0.51,110.0,
2025-06-25 07:42:45,112.0,32.0,387.58,12.0,110.0,32.0,439.89,9.0,249.79,275.58,64.0,21.0,54.12346598288026,85,43.0,28.0,0.51,110.0,
2025-06-25 07:42:46,110.0,18.0,281.27,11.0,109.0,36.0,495.14,7.0,195.64,171.26999999999998,54.0,18.0,43.44858628309987,72,36.0,-13.0,0.5,111.6,5.0
2025-06-25 07:42:47,110.0,27.0,145.78,18.0,109.0,54.0,517.78,9.0,127.89,35.78,81.0,27.0,50.859584445805176,108,54.0,36.0,0.5,111.6,
2025-06-25 07:42:48,109.0,56.0,166.87,23.0,104.0,84.0,611.53,19.0,137.93,57.870000000000005,140.0,42.0,53.57549654459581,182,98.0,74.0,0.54,109.6,5.0
2025-06-25 07:42:49,109.15,13.0,348.0,10.0,106.27,15.0,676.0,6.0,228.58,238.85,28.0,16.0,53.95211145080397,44,12.0,-138.0,0.27,109.0,1.0
2025-06-25 07:42:50,110.0,1.0,348.0,2.0,109.0,3.0,752.0,1.0,229.0,238.0,4.0,3.0,48.52437191762484,7,1.0,-37.0,0.14,109.0,
2025-06-25 07:42:51,110.0,8.0,325.63,19.0,109.0,24.0,544.08,37.0,217.82,215.63,32.0,56.0,50.83524397502162,88,-24.0,81.0,-0.27,109.0,
2025-06-25 07:42:52,106.0,16.0,349.12,34.0,89.76,34.0,491.14,28.0,227.56,243.12,50.0,62.0,39.53861681950883,112,-12.0,24.0,-0.11,109.25,4.0
2025-06-25 07:42:53,108.62,24.0,144.72,32.0,86.46,57.0,161.31,32.0,126.67,36.1,81.0,64.0,44.54386579541508,145,17.0,33.0,0.12,109.25,
2025-06-25 07:42:54,109.29,42.0,123.5,10.0,106.67,18.0,126.0,50.0,116.39,14.209999999999994,60.0,60.0,56.83923882319306,120,0.0,-25.0,0.0,109.25,
2025-06-25 07:42:55,107.0,19.0,122.56,9.0,106.0,9.0,126.0,45.0,114.78,15.560000000000002,28.0,54.0,56.927589357006894,82,-26.0,-38.0,-0.32,107.0,1.0
2025-06-25 07:42:56,107.0,8.0,119.43,7.0,106.0,4.0,125.62,16.0,113.21,12.430000000000009,12.0,23.0,49.38431097018597,35,-11.0,-47.0,-0.31,107.0,
