DateTime,Bid1_Price,Bid1_Volume,Ask1_Price,Ask1_Volume,Bid2_Price,Bid2_Volume,Ask2_Price,Ask2_Volume,Mid-Price,Bid_Ask_Spread,Market_Depth_Bid,Market_Depth_Ask,Historical_Volatility,Total_volume,Cumulative_Volume_Difference,Total_Volume_Change_Corrected,Order_imbalance,Weighted_Avg_Price,Trade_Volume
2025-01-06 07:30:18,277.85,13.0,294.53,17.0,271.89,19.0,300.14,28.0,286.19,16.67999999999995,32.0,45.0,5.917759711241561,77,-13.0,-19.0,-0.17,,
2025-01-06 07:30:19,277.9,39.0,294.52,42.0,276.37,38.0,303.78,98.0,286.21,16.620000000000005,77.0,140.0,5.38443404639644,217,-63.0,140.0,-0.29,293.0,1.0
2025-01-06 07:30:20,282.75,32.0,293.25,24.0,281.79,33.0,303.44,41.0,288.0,10.5,65.0,65.0,4.277191835771781,130,0.0,-87.0,0.0,293.0,
2025-01-06 07:30:21,287.89,27.0,293.71,31.0,286.92,38.0,304.53,47.0,290.8,5.819999999999993,65.0,78.0,2.901856302436844,143,-13.0,13.0,-0.09,285.0,1.0
2025-01-06 07:30:22,292.0,23.0,294.0,38.0,291.0,19.0,309.21,57.0,293.0,2.0,42.0,95.0,2.9913291360183347,137,-53.0,-6.0,-0.39,285.0,
2025-01-06 07:30:23,292.21,38.0,299.62,39.0,284.27,49.0,312.63,57.0,295.91,7.410000000000025,87.0,96.0,3.868427329030759,183,-9.0,46.0,-0.05,294.0,2.0
2025-01-06 07:30:24,293.6,20.0,302.75,80.0,292.0,60.0,305.35,60.0,298.18,9.149999999999975,80.0,140.0,4.030573160233133,220,-60.0,37.0,-0.27,294.0,
2025-01-06 07:30:25,295.0,11.0,301.91,44.0,292.0,33.0,306.0,33.0,298.45,6.910000000000025,44.0,77.0,3.3212904118717685,121,-33.0,-99.0,-0.27,294.0,
2025-01-06 07:30:26,295.95,58.0,301.0,56.0,293.65,20.0,305.64,42.0,298.47,5.050000000000011,78.0,98.0,2.379489441033743,176,-20.0,55.0,-0.11,294.0,
2025-01-06 07:30:27,296.0,60.0,300.33,48.0,295.0,12.0,304.83,36.0,298.17,4.329999999999984,72.0,84.0,1.0860847112407317,156,-12.0,-20.0,-0.08,294.0,
2025-01-06 07:30:28,297.6,75.0,299.0,44.0,295.93,43.0,304.0,33.0,298.3,1.3999999999999773,118.0,77.0,0.142933550962664,195,41.0,39.0,0.21,298.0,4.0
2025-01-06 07:30:29,296.18,44.0,302.75,32.0,295.56,18.0,310.0,38.0,299.47,6.569999999999993,62.0,70.0,0.5165462225113737,132,-8.0,-63.0,-0.06,298.0,5.0
2025-01-06 07:30:30,296.0,54.0,302.17,36.0,295.0,12.0,307.24,38.0,299.08,6.170000000000016,66.0,74.0,0.5547702226965225,140,-8.0,8.0,-0.06,296.0,2.0
2025-01-06 07:30:31,293.45,33.0,297.64,28.0,290.8,25.0,303.38,32.0,295.55,4.189999999999998,58.0,60.0,1.5316429087717511,118,-2.0,-22.0,-0.02,295.75,4.0
2025-01-06 07:30:32,292.0,36.0,294.33,27.0,290.0,36.0,304.0,33.0,293.17,2.329999999999984,72.0,60.0,2.684386335830001,132,12.0,14.0,0.09,293.0,3.0
2025-01-06 07:30:33,292.0,33.0,295.0,22.0,290.0,33.0,306.0,33.0,293.5,3.0,66.0,55.0,2.994583443484405,121,11.0,-11.0,0.09,293.0,
2025-01-06 07:30:34,292.0,30.0,295.0,20.0,290.0,30.0,306.0,30.0,293.5,3.0,60.0,50.0,2.4894678146123908,110,10.0,-11.0,0.09,293.0,
2025-01-06 07:30:35,292.0,30.0,295.0,20.0,290.0,30.0,306.0,30.0,293.5,3.0,60.0,50.0,0.964328782102428,110,10.0,0.0,0.09,293.0,
2025-01-06 07:30:36,292.0,30.0,295.0,20.0,290.0,30.0,306.0,30.0,293.5,3.0,60.0,50.0,0.1475804864851629,110,10.0,0.0,0.09,293.0,
2025-01-06 07:30:37,292.0,39.0,293.67,48.0,290.0,39.0,297.93,28.0,292.83,1.670000000000016,78.0,76.0,0.2996331089703239,154,2.0,44.0,0.01,293.0,
2025-01-06 07:30:38,291.85,67.0,293.0,72.0,290.19,47.0,296.0,36.0,292.43,1.1499999999999773,114.0,108.0,0.4970613644121483,222,6.0,68.0,0.03,293.0,
2025-01-06 07:30:39,292.0,137.0,293.56,54.0,291.0,32.0,301.71,42.0,292.78,1.5600000000000025,169.0,96.0,0.4748368140648993,265,73.0,43.0,0.28,292.0,7.0
2025-01-06 07:30:40,292.77,26.0,303.12,50.0,291.88,34.0,308.44,41.0,297.94,10.350000000000025,60.0,91.0,2.2935627307730497,151,-31.0,-114.0,-0.21,292.0,
2025-01-06 07:30:41,293.0,24.0,297.0,60.0,292.0,52.0,306.0,48.0,295.0,4.0,76.0,108.0,2.326677889178273,184,-32.0,33.0,-0.17,292.0,
2025-01-06 07:30:42,293.0,30.0,296.13,75.0,292.0,75.0,297.99,73.0,294.57,3.1299999999999955,105.0,148.0,2.1978466734490305,253,-43.0,69.0,-0.17,292.0,
2025-01-06 07:30:43,293.0,16.0,296.0,40.0,292.0,40.0,297.0,40.0,294.5,3.0,56.0,80.0,1.8707004035897576,136,-24.0,-117.0,-0.18,292.0,
2025-01-06 07:30:44,293.0,28.0,295.43,70.0,292.0,70.0,297.0,70.0,294.21,2.430000000000007,98.0,140.0,1.5333721009561896,238,-42.0,102.0,-0.18,292.0,
2025-01-06 07:30:45,292.12,68.0,294.25,24.0,290.71,56.0,296.38,80.0,293.18,2.1299999999999955,124.0,104.0,0.6828396590642652,228,20.0,-10.0,0.09,293.0,2.0
2025-01-06 07:30:46,292.0,53.0,295.11,19.0,290.0,33.0,298.68,57.0,293.55,3.1100000000000136,86.0,76.0,0.6111219190890401,162,10.0,-66.0,0.06,292.0,1.0
2025-01-06 07:30:47,292.0,48.0,295.26,39.0,290.0,36.0,297.09,55.0,293.63,3.259999999999991,84.0,94.0,0.532193573797283,178,-10.0,16.0,-0.06,292.0,
2025-01-06 07:30:48,291.79,29.0,293.9,50.0,289.96,28.0,300.69,36.0,292.85,2.109999999999957,57.0,86.0,0.511644407759123,143,-29.0,-35.0,-0.2,292.0,4.0
2025-01-06 07:30:49,290.18,44.0,300.36,42.0,289.33,18.0,302.0,70.0,295.27,10.180000000000009,62.0,112.0,0.933423805134158,174,-50.0,31.0,-0.29,292.0,
2025-01-06 07:30:50,291.83,81.0,298.4,84.0,289.98,49.0,300.87,92.0,295.12,6.569999999999993,130.0,176.0,1.0599433947108037,306,-46.0,132.0,-0.15,292.67,3.0
2025-01-06 07:30:51,292.7,50.0,295.17,54.0,287.29,42.0,297.6,94.0,293.93,2.4700000000000277,92.0,148.0,1.0251341375600824,240,-56.0,-66.0,-0.23,294.0,3.0
2025-01-06 07:30:52,290.59,27.0,293.96,56.0,287.65,175.0,300.76,87.0,292.28,3.3700000000000045,202.0,143.0,1.3315967858143658,345,59.0,105.0,0.17,294.0,
2025-01-06 07:30:53,291.5,28.0,293.43,28.0,290.59,17.0,296.0,36.0,292.46,1.9300000000000068,45.0,64.0,1.4164639070555884,109,-19.0,-180.0,-0.17,293.0,2.0
2025-01-06 07:30:54,291.5,24.0,294.0,37.0,290.64,22.0,300.0,45.0,292.75,2.5,46.0,82.0,1.1997374712791544,128,-36.0,19.0,-0.28,293.0,2.0
2025-01-06 07:30:55,291.77,26.0,293.62,26.0,290.0,13.0,300.0,39.0,292.69,1.8500000000000227,39.0,65.0,0.6471244084342861,104,-26.0,-24.0,-0.25,293.0,
2025-01-06 07:30:56,291.26,19.0,297.67,36.0,288.1,118.0,301.46,37.0,294.46,6.410000000000025,137.0,73.0,0.8766812419524991,210,64.0,106.0,0.3,292.0,2.0
2025-01-06 07:30:57,290.92,39.0,300.0,49.0,288.15,52.0,302.0,21.0,295.46,9.079999999999984,91.0,70.0,1.3269250167176552,161,21.0,-49.0,0.13,292.0,
2025-01-06 07:30:58,291.0,97.0,300.0,77.0,290.0,11.0,302.0,33.0,295.5,9.0,108.0,110.0,1.3895934657269169,218,-2.0,57.0,-0.01,291.0,1.0
2025-01-06 07:30:59,291.0,72.0,300.0,98.0,290.0,14.0,302.0,42.0,295.5,9.0,86.0,140.0,1.2199262272739195,226,-54.0,8.0,-0.24,291.0,4.0
2025-01-06 07:31:00,296.0,72.0,300.0,105.0,290.94,51.0,302.0,45.0,298.0,4.0,123.0,150.0,1.316237060711521,273,-27.0,47.0,-0.1,291.0,
2025-01-06 07:31:01,297.0,17.0,300.0,63.0,291.0,36.0,302.0,27.0,298.5,3.0,53.0,90.0,1.5239160081809913,143,-37.0,-130.0,-0.26,297.0,4.0
2025-01-06 07:31:02,297.0,8.0,300.0,56.0,291.8,35.0,302.0,24.0,298.5,3.0,43.0,80.0,1.5652475842466995,123,-37.0,-20.0,-0.3,297.0,
2025-01-06 07:31:03,295.78,23.0,300.0,77.0,294.55,71.0,302.0,33.0,297.89,4.220000000000027,94.0,110.0,1.249367840145572,204,-16.0,81.0,-0.08,297.0,
2025-01-06 07:31:04,296.59,69.0,300.0,91.0,294.62,85.0,302.0,39.0,298.3,3.410000000000025,154.0,130.0,0.2823473038473293,284,24.0,80.0,0.08,297.0,
2025-01-06 07:31:05,297.0,70.0,298.83,46.0,295.0,98.0,300.1,59.0,297.91,1.829999999999984,168.0,105.0,0.3033974291088403,273,63.0,-11.0,0.23,297.0,
2025-01-06 07:31:06,297.0,31.0,301.98,47.0,295.0,98.0,303.52,80.0,299.49,4.980000000000018,129.0,127.0,0.653199816281226,256,2.0,-17.0,0.01,297.0,3.0
2025-01-06 07:31:07,297.0,28.0,300.43,42.0,295.0,98.0,304.79,70.0,298.71,3.430000000000007,126.0,112.0,0.6664082832542036,238,14.0,-18.0,0.06,297.0,
2025-01-06 07:31:08,295.0,119.0,298.82,51.0,294.0,51.0,304.71,85.0,296.91,3.819999999999993,170.0,136.0,0.9568071906031296,306,34.0,68.0,0.11,297.0,2.0
2025-01-06 07:31:09,295.0,77.0,298.0,33.0,294.0,33.0,300.36,55.0,296.5,3.0,110.0,88.0,1.2373681747927583,198,22.0,-108.0,0.11,297.0,
2025-01-06 07:31:10,295.0,96.0,296.73,45.0,294.0,45.0,300.11,57.0,295.87,1.7300000000000182,141.0,102.0,1.5353436097467126,243,39.0,45.0,0.16,295.0,3.0
2025-01-06 07:31:11,295.0,27.0,299.5,50.0,294.0,36.0,302.82,39.0,297.25,4.5,63.0,89.0,1.0618474466655554,152,-26.0,-91.0,-0.17,295.0,3.0
2025-01-06 07:31:12,295.0,11.0,301.0,55.0,294.0,33.0,305.0,22.0,298.0,6.0,44.0,77.0,0.7989555682202991,121,-33.0,-31.0,-0.27,295.0,
2025-01-06 07:31:13,295.0,8.0,301.0,40.0,294.0,24.0,305.0,16.0,298.0,6.0,32.0,56.0,0.937085908543156,88,-24.0,-33.0,-0.27,295.0,
2025-01-06 07:31:14,295.0,7.0,301.0,35.0,294.0,21.0,305.0,14.0,298.0,6.0,28.0,49.0,0.9274319381981831,77,-21.0,-11.0,-0.27,295.0,
2025-01-06 07:31:15,295.0,52.0,300.65,37.0,294.0,39.0,302.33,48.0,297.82,5.649999999999977,91.0,85.0,0.3247768464498409,176,6.0,99.0,0.03,295.0,
2025-01-06 07:31:16,295.0,44.0,299.0,11.0,294.0,33.0,301.73,55.0,297.0,4.0,77.0,66.0,0.4341428336272718,143,11.0,-33.0,0.08,295.0,
2025-01-06 07:31:17,295.0,48.0,298.08,13.0,294.0,39.0,303.0,65.0,296.54,3.079999999999984,87.0,78.0,0.665221767525691,165,9.0,22.0,0.05,295.0,2.0
2025-01-06 07:31:18,295.0,28.0,297.79,14.0,294.0,42.0,303.0,70.0,296.39,2.7900000000000205,70.0,84.0,0.73205191072091,154,-14.0,-11.0,-0.09,295.0,
2025-01-06 07:31:19,294.75,16.0,303.74,53.0,292.62,87.0,305.1,50.0,299.24,8.990000000000009,103.0,103.0,1.1706493924271528,206,0.0,52.0,0.0,294.5,4.0
2025-01-06 07:31:20,294.0,16.0,305.0,80.0,292.0,240.0,306.0,64.0,299.5,11.0,256.0,144.0,1.5130697274051634,400,112.0,180.0,0.28,294.5,
2025-01-06 07:31:21,292.02,122.0,305.0,60.0,291.21,70.0,306.0,48.0,298.51,12.980000000000018,192.0,108.0,1.4802803788437568,300,84.0,-100.0,0.28,292.4,5.0
2025-01-06 07:31:22,292.0,165.0,305.08,62.0,291.0,75.0,305.99,89.0,298.54,13.079999999999984,240.0,151.0,1.2227959764366545,391,89.0,91.0,0.23,292.4,
2025-01-06 07:31:23,292.5,22.0,302.32,44.0,291.96,126.0,303.22,72.0,297.41,9.819999999999991,148.0,116.0,0.8123115165929624,264,32.0,-127.0,0.12,292.4,
2025-01-06 07:31:24,292.25,65.0,302.0,45.0,291.79,71.0,303.0,75.0,297.12,9.75,136.0,120.0,0.960588361364898,256,16.0,-8.0,0.06,293.5,2.0
2025-01-06 07:31:25,292.0,110.0,302.0,55.0,291.0,40.0,303.2,59.0,297.0,10.0,150.0,114.0,0.7534785995566512,264,36.0,8.0,0.14,293.5,
2025-01-06 07:31:26,292.36,112.0,302.0,88.0,291.2,50.0,303.32,38.0,297.18,9.639999999999986,162.0,126.0,0.6272957834944656,288,36.0,24.0,0.12,292.0,1.0
2025-01-06 07:31:27,297.0,100.0,302.0,104.0,292.0,130.0,303.0,52.0,299.5,5.0,230.0,156.0,1.0492950014127918,386,74.0,98.0,0.19,297.0,4.0
2025-01-06 07:31:28,294.35,17.0,302.0,24.0,291.83,24.0,303.0,12.0,298.18,7.649999999999977,41.0,36.0,1.0631462740328022,77,5.0,-180.0,0.06,296.0,5.0
2025-01-06 07:31:29,292.0,45.0,302.0,40.0,291.0,44.0,303.0,20.0,297.0,10.0,89.0,60.0,1.0833835885732432,149,29.0,72.0,0.19,296.0,
2025-01-06 07:31:30,292.0,71.0,302.0,72.0,291.0,86.0,303.0,36.0,297.0,10.0,157.0,108.0,1.0833835885732432,265,49.0,116.0,0.18,292.0,5.0
2025-01-06 07:31:31,292.0,24.0,302.0,48.0,291.0,36.0,303.0,24.0,297.0,10.0,60.0,72.0,1.1106214476543526,132,-12.0,-133.0,-0.09,292.0,
2025-01-06 07:31:32,292.0,40.0,301.91,70.0,291.0,84.0,302.76,42.0,296.96,9.910000000000023,124.0,112.0,0.532465961343996,236,12.0,104.0,0.05,292.0,
2025-01-06 07:31:33,292.0,40.0,300.0,30.0,291.0,90.0,302.0,50.0,296.0,8.0,130.0,80.0,0.4430801281823567,210,50.0,-26.0,0.24,292.0,
2025-01-06 07:31:34,292.0,92.0,298.94,48.0,291.0,144.0,303.0,64.0,295.47,6.939999999999998,236.0,112.0,0.7109008369598071,348,124.0,138.0,0.36,292.0,
2025-01-06 07:31:35,292.0,78.0,296.23,39.0,291.0,117.0,303.85,52.0,294.12,4.230000000000018,195.0,91.0,1.1933566105696514,286,104.0,-62.0,0.36,292.0,
2025-01-06 07:31:36,292.0,54.0,295.0,27.0,291.0,81.0,304.0,44.0,293.5,3.0,135.0,71.0,1.4023551618582348,206,64.0,-80.0,0.31,292.0,
2025-01-06 07:31:37,292.0,22.0,294.91,23.0,291.0,72.0,303.13,31.0,293.46,2.910000000000025,94.0,54.0,1.1636580253625457,148,40.0,-58.0,0.27,292.0,2.0
2025-01-06 07:31:38,291.71,31.0,293.17,24.0,290.66,119.0,295.0,36.0,292.44,1.4600000000000364,150.0,60.0,1.1120341721327052,210,90.0,62.0,0.43,292.0,
2025-01-06 07:31:39,291.0,145.0,292.38,29.0,289.0,340.0,296.38,48.0,291.69,1.3799999999999957,485.0,77.0,0.9665505677361256,562,408.0,180.0,0.73,291.29,7.0
2025-01-06 07:31:40,289.75,64.0,292.0,30.0,288.98,164.0,297.0,40.0,290.88,2.25,228.0,70.0,1.1346276922370382,298,158.0,-180.0,0.53,291.0,3.0
2025-01-06 07:31:41,289.0,268.0,290.91,43.0,288.0,32.0,295.73,55.0,289.95,1.910000000000025,300.0,98.0,1.358208378707494,398,202.0,100.0,0.51,289.0,4.0
2025-01-06 07:31:42,289.0,148.0,292.1,40.0,288.0,33.0,296.3,40.0,290.55,3.1000000000000227,181.0,80.0,0.9768674423847288,261,101.0,-137.0,0.39,289.86,7.0
2025-01-06 07:31:43,293.0,156.0,298.5,48.0,289.0,150.0,303.09,47.0,295.75,5.5,306.0,95.0,2.3151414643583355,401,211.0,140.0,0.53,289.86,
2025-01-06 07:31:44,293.0,91.0,300.43,21.0,289.0,105.0,302.0,28.0,296.71,7.430000000000007,196.0,49.0,3.195969336522356,245,147.0,-156.0,0.6,289.86,
2025-01-06 07:31:45,293.0,182.0,299.86,36.0,289.0,210.0,304.15,53.0,296.43,6.860000000000014,392.0,89.0,3.3369926580667117,481,303.0,180.0,0.63,289.86,
2025-01-06 07:31:46,293.0,182.0,297.2,30.0,289.0,218.0,299.38,26.0,295.1,4.199999999999989,400.0,56.0,2.515038767095075,456,344.0,-25.0,0.75,289.86,
2025-01-06 07:31:47,293.0,141.0,294.88,16.0,289.0,180.0,296.03,33.0,293.94,1.8799999999999957,321.0,49.0,1.1122185037082997,370,272.0,-86.0,0.74,293.0,7.0
2025-01-06 07:31:48,293.0,56.0,300.54,26.0,289.57,74.0,302.0,32.0,296.77,7.54000000000002,130.0,58.0,1.236426301884229,188,72.0,-180.0,0.38,293.0,1.0
2025-01-06 07:31:49,293.88,212.0,297.19,16.0,292.85,65.0,302.0,32.0,295.53,3.3100000000000023,277.0,48.0,1.1244687634572783,325,229.0,137.0,0.7,293.0,
2025-01-06 07:31:50,294.02,117.0,296.0,8.0,293.3,50.0,299.5,16.0,295.01,1.9800000000000184,167.0,24.0,1.02261918620333,191,143.0,-134.0,0.75,294.0,2.0
2025-01-06 07:31:51,295.6,25.0,303.17,29.0,294.01,136.0,307.64,53.0,299.39,7.569999999999993,161.0,82.0,2.088521007792606,243,79.0,52.0,0.33,295.0,1.0
2025-01-06 07:31:52,296.0,135.0,309.0,84.0,295.0,12.0,310.0,48.0,302.5,13.0,147.0,132.0,3.106766808112712,279,15.0,36.0,0.05,296.0,5.0
2025-01-06 07:31:53,296.0,100.0,309.0,70.0,293.0,50.0,310.0,40.0,302.5,13.0,150.0,110.0,3.6267106308596895,260,40.0,-19.0,0.15,296.0,
2025-01-06 07:31:54,296.0,50.0,309.0,35.0,293.0,25.0,310.0,20.0,302.5,13.0,75.0,55.0,3.290144373730497,130,20.0,-130.0,0.15,296.0,
2025-01-06 07:31:55,296.0,86.0,309.0,31.0,293.0,45.0,310.0,36.0,302.5,13.0,131.0,67.0,1.3908342820013455,198,64.0,68.0,0.32,296.0,2.0
2025-01-06 07:31:56,296.0,72.0,307.4,25.0,293.0,45.0,309.85,33.0,301.7,11.399999999999975,117.0,58.0,0.3577708763861728,175,59.0,-23.0,0.34,296.0,
2025-01-06 07:31:57,296.0,72.0,300.56,18.0,293.18,33.0,306.58,19.0,298.28,4.560000000000002,105.0,37.0,1.8308686462961443,142,68.0,-33.0,0.48,298.0,2.0
2025-01-06 07:31:58,296.0,96.0,307.0,24.0,295.0,12.0,309.0,54.0,301.5,11.0,108.0,78.0,1.746447823437705,186,30.0,44.0,0.16,298.0,
2025-01-06 07:31:59,296.62,29.0,307.0,26.0,295.95,76.0,309.0,65.0,301.81,10.379999999999995,105.0,91.0,1.652246954904233,196,14.0,10.0,0.07,296.5,4.0
2025-01-06 07:32:00,296.0,80.0,307.0,32.0,295.0,16.0,309.0,80.0,301.5,11.0,96.0,112.0,1.5029703922534028,208,-16.0,12.0,-0.08,296.5,
2025-01-06 07:32:01,296.0,59.0,307.0,26.0,295.0,13.0,309.0,65.0,301.5,11.0,72.0,91.0,1.4807835763508332,163,-19.0,-45.0,-0.12,296.0,2.0
2025-01-06 07:32:02,296.0,21.0,307.0,14.0,295.0,7.0,309.0,35.0,301.5,11.0,28.0,49.0,0.1386362145696716,77,-21.0,-86.0,-0.27,296.0,
2025-01-06 07:32:03,296.0,36.0,305.29,35.0,295.0,12.0,307.37,27.0,300.64,9.29000000000002,48.0,62.0,0.4402272140500324,110,-14.0,33.0,-0.13,296.0,
2025-01-06 07:32:04,296.0,24.0,304.82,22.0,295.0,8.0,306.33,18.0,300.41,8.819999999999993,32.0,40.0,0.5401851534338227,72,-8.0,-38.0,-0.11,296.0,
2025-01-06 07:32:05,296.0,30.0,302.5,28.0,295.0,10.0,304.27,22.0,299.25,6.5,40.0,50.0,0.9303493967270956,90,-10.0,18.0,-0.11,296.0,
2025-01-06 07:32:06,296.0,32.0,302.0,39.0,293.29,41.0,304.0,26.0,299.0,6.0,73.0,65.0,1.03225481349841,138,8.0,48.0,0.06,296.0,1.0
2025-01-06 07:32:07,296.0,26.0,301.15,39.0,293.0,65.0,305.74,54.0,298.58,5.149999999999977,91.0,93.0,0.9024577552389026,184,-2.0,46.0,-0.01,296.0,
2025-01-06 07:32:08,296.0,26.0,299.52,29.0,293.0,65.0,300.83,36.0,297.76,3.519999999999982,91.0,65.0,0.9701288574158808,156,26.0,-28.0,0.17,296.0,
2025-01-06 07:32:09,296.0,32.0,298.03,77.0,293.16,76.0,299.09,33.0,297.01,2.0299999999999727,108.0,110.0,0.9252837402609132,218,-2.0,62.0,-0.01,296.0,
2025-01-06 07:32:10,295.28,29.0,298.12,34.0,293.51,47.0,299.72,29.0,296.7,2.840000000000032,76.0,63.0,0.9853425800153868,139,13.0,-79.0,0.09,296.0,2.0
2025-01-06 07:32:11,293.43,70.0,296.75,44.0,292.38,65.0,298.11,37.0,295.09,3.319999999999993,135.0,81.0,1.304634048303069,216,54.0,77.0,0.25,294.5,4.0
2025-01-06 07:32:12,293.0,105.0,295.06,34.0,291.61,41.0,296.09,35.0,294.03,2.0600000000000023,146.0,69.0,1.5204505911051431,215,77.0,-1.0,0.36,296.0,1.0
2025-01-06 07:32:13,293.0,147.0,294.0,28.0,290.0,28.0,295.58,31.0,293.5,1.0,175.0,59.0,1.5632754075952984,234,116.0,19.0,0.5,293.0,7.0
2025-01-06 07:32:14,293.0,32.0,296.79,29.0,290.0,20.0,308.4,60.0,294.9,3.790000000000021,52.0,89.0,1.2224279119818848,141,-37.0,-93.0,-0.26,293.0,2.0
2025-01-06 07:32:15,288.77,39.0,296.17,36.0,286.87,61.0,308.42,69.0,292.47,7.400000000000034,100.0,105.0,1.0712002613856029,205,-5.0,64.0,-0.02,290.55,11.0
2025-01-06 07:32:16,286.0,84.0,296.0,36.0,284.28,58.0,305.0,24.0,291.0,10.0,142.0,60.0,1.5033130079902948,202,82.0,-3.0,0.41,290.55,
2025-01-06 07:32:17,294.0,45.0,296.0,27.0,291.0,18.0,305.0,18.0,295.0,2.0,63.0,45.0,1.691265798150242,108,18.0,-94.0,0.17,290.55,
2025-01-06 07:32:18,293.77,65.0,298.13,52.0,289.0,18.0,305.29,34.0,295.95,4.360000000000014,83.0,86.0,2.0531025303166364,169,-3.0,61.0,-0.02,293.25,4.0
2025-01-06 07:32:19,285.0,15.0,302.5,60.0,283.0,45.0,304.22,54.0,293.75,17.5,60.0,114.0,1.9707942561294096,174,-54.0,5.0,-0.31,286.0,2.0
2025-01-06 07:32:20,289.97,29.0,298.0,24.0,282.45,33.0,300.62,32.0,293.98,8.029999999999973,62.0,56.0,1.8604381204416849,118,6.0,-56.0,0.05,286.0,
2025-01-06 07:32:21,294.0,66.0,298.0,33.0,283.0,33.0,301.0,44.0,296.0,4.0,99.0,77.0,1.0588814853382862,176,22.0,58.0,0.12,286.0,
2025-01-06 07:32:22,294.0,42.0,298.0,21.0,284.0,7.0,301.0,28.0,296.0,4.0,49.0,49.0,1.1632841441333857,98,0.0,-78.0,0.0,286.0,
2025-01-06 07:32:23,294.0,60.0,298.0,20.0,286.09,11.0,301.0,40.0,296.0,4.0,71.0,60.0,1.1722115849931478,131,11.0,33.0,0.08,298.0,2.0
2025-01-06 07:32:24,294.0,48.0,298.0,8.0,287.0,8.0,304.07,41.0,296.0,4.0,56.0,49.0,0.903371462905486,105,7.0,-26.0,0.07,298.0,
2025-01-06 07:32:25,294.0,48.0,298.0,8.0,293.0,56.0,305.2,40.0,296.0,4.0,104.0,48.0,0.0,152,56.0,47.0,0.37,298.0,
2025-01-06 07:32:26,294.0,33.0,298.0,6.0,293.0,42.0,301.0,18.0,296.0,4.0,75.0,24.0,0.0,99,51.0,-53.0,0.52,294.0,1.0
2025-01-06 07:32:27,293.3,70.0,298.0,14.0,290.55,103.0,301.0,42.0,295.65,4.699999999999989,173.0,56.0,0.1565247583991957,229,117.0,130.0,0.51,294.0,3.0
2025-01-06 07:32:28,294.0,27.0,298.0,9.0,293.0,180.0,301.0,27.0,296.0,4.0,207.0,36.0,0.1565247583991957,243,171.0,14.0,0.7,294.0,
2025-01-06 07:32:29,294.0,32.0,298.0,14.0,293.0,280.0,301.0,42.0,296.0,4.0,312.0,56.0,0.1565247583991957,368,256.0,125.0,0.7,294.0,1.0
2025-01-06 07:32:30,294.0,22.0,298.0,11.0,293.0,220.0,301.0,33.0,296.0,4.0,242.0,44.0,0.1565247583991957,286,198.0,-82.0,0.69,294.0,
2025-01-06 07:32:31,294.86,57.0,298.0,11.0,293.15,94.0,301.0,33.0,296.43,3.1399999999999864,151.0,44.0,0.2766405610027438,195,107.0,-91.0,0.55,294.0,
2025-01-06 07:32:32,295.0,98.0,297.08,37.0,294.0,28.0,299.72,29.0,296.04,2.079999999999984,126.0,66.0,0.1886266152797477,192,60.0,-3.0,0.31,294.0,
2025-01-06 07:32:33,295.12,34.0,296.83,24.0,293.23,52.0,299.89,18.0,295.98,1.7099999999999795,86.0,42.0,0.1913112646759011,128,44.0,-64.0,0.34,295.57,7.0
2025-01-06 07:32:34,294.0,16.0,302.5,14.0,293.0,160.0,305.89,27.0,298.25,8.5,176.0,41.0,0.9735758830167373,217,135.0,89.0,0.62,295.57,
2025-01-06 07:32:35,294.0,18.0,305.0,27.0,293.0,180.0,307.0,22.0,299.5,11.0,198.0,49.0,1.566157718747289,247,149.0,30.0,0.6,295.57,
2025-01-06 07:32:36,294.0,22.0,298.49,43.0,293.0,220.0,305.12,33.0,296.24,4.490000000000009,242.0,76.0,1.592802561522216,318,166.0,71.0,0.52,295.57,
2025-01-06 07:32:37,293.07,116.0,298.0,40.0,292.19,134.0,305.0,30.0,295.53,4.930000000000007,250.0,70.0,1.6986318023608824,320,180.0,2.0,0.56,293.5,4.0
2025-01-06 07:32:38,293.0,104.0,298.0,24.0,291.0,54.0,305.0,18.0,295.5,5.0,158.0,42.0,1.788918667796781,200,116.0,-120.0,0.58,293.0,4.0
2025-01-06 07:32:39,293.0,70.0,297.17,24.0,291.0,45.0,299.11,19.0,295.08,4.170000000000016,115.0,43.0,1.7986383738795146,158,72.0,-42.0,0.46,293.0,
2025-01-06 07:32:40,293.09,154.0,296.89,64.0,291.77,146.0,300.13,46.0,294.99,3.8000000000000114,300.0,110.0,0.4949444413185131,410,190.0,180.0,0.46,294.0,5.0
2025-01-06 07:32:41,293.0,140.0,300.0,40.0,291.0,90.0,305.0,10.0,296.5,7.0,230.0,50.0,0.5990409000995467,280,180.0,-130.0,0.64,294.0,
2025-01-06 07:32:42,293.0,112.0,300.0,32.0,291.0,72.0,305.0,8.0,296.5,7.0,184.0,40.0,0.7428862631601273,224,144.0,-56.0,0.64,294.0,
2025-01-06 07:32:43,293.0,168.0,300.0,48.0,291.0,108.0,305.0,12.0,296.5,7.0,276.0,60.0,0.8030442079935333,336,216.0,112.0,0.64,294.0,
2025-01-06 07:32:44,293.0,140.0,298.92,26.0,291.0,90.0,300.87,31.0,295.96,5.920000000000016,230.0,57.0,0.657875368129794,287,173.0,-49.0,0.6,294.0,
2025-01-06 07:32:45,293.0,299.0,297.0,26.0,291.0,117.0,298.0,26.0,295.0,4.0,416.0,52.0,0.6536971775921329,468,364.0,180.0,0.78,294.0,
2025-01-06 07:32:46,293.04,314.0,296.88,32.0,292.0,216.0,297.88,32.0,294.96,3.839999999999975,530.0,64.0,0.7664724391600831,594,466.0,126.0,0.78,293.5,6.0
2025-01-06 07:32:47,293.0,261.0,295.17,24.0,291.0,108.0,296.67,24.0,294.08,2.170000000000016,369.0,48.0,0.9446692542854104,417,321.0,-177.0,0.77,293.0,3.0
2025-01-06 07:32:48,293.0,126.0,294.0,12.0,291.0,54.0,295.0,12.0,293.5,1.0,180.0,24.0,0.9446692542855212,204,156.0,-180.0,0.76,293.0,
2025-01-06 07:32:49,293.0,133.0,294.0,20.0,291.0,90.0,300.6,20.0,293.5,1.0,223.0,40.0,0.7435859062627469,263,183.0,59.0,0.7,293.0,12.0
2025-01-06 07:32:50,293.0,60.0,294.0,18.0,291.0,81.0,302.0,18.0,293.5,1.0,141.0,36.0,0.639468529321599,177,105.0,-86.0,0.59,293.0,
2025-01-06 07:32:51,293.0,28.0,295.0,16.0,291.0,72.0,303.05,19.0,294.0,2.0,100.0,35.0,0.2971195045647899,135,65.0,-42.0,0.48,293.0,2.0
2025-01-06 07:32:52,293.0,8.0,302.0,8.0,291.0,36.0,306.0,20.0,297.5,9.0,44.0,28.0,1.7464249196551498,72,16.0,-63.0,0.22,293.0,
2025-01-06 07:32:53,297.5,32.0,301.4,20.0,292.57,56.0,304.86,35.0,299.45,3.899999999999977,88.0,55.0,2.730018314955396,143,33.0,71.0,0.23,293.0,
2025-01-06 07:32:54,295.41,44.0,304.4,15.0,294.73,83.0,307.22,36.0,299.9,8.989999999999952,127.0,51.0,2.9928247526360874,178,76.0,35.0,0.43,297.0,6.0
2025-01-06 07:32:55,292.36,22.0,306.71,17.0,291.0,99.0,307.84,19.0,299.53,14.349999999999966,121.0,36.0,2.46345895033604,157,85.0,-21.0,0.54,297.0,
2025-01-06 07:32:56,293.83,24.0,307.0,24.0,291.0,108.0,308.0,24.0,300.42,13.170000000000016,132.0,48.0,1.1081290538517414,180,84.0,23.0,0.47,297.0,
2025-01-06 07:32:57,295.4,20.0,307.0,20.0,291.0,90.0,308.0,20.0,301.2,11.600000000000025,110.0,40.0,0.724534333203134,150,70.0,-30.0,0.47,297.0,
2025-01-06 07:32:58,297.0,18.0,307.0,11.0,290.89,81.0,308.0,18.0,302.0,10.0,99.0,29.0,0.9983486364942568,128,70.0,-22.0,0.55,297.0,
2025-01-06 07:32:59,297.0,24.0,306.26,19.0,290.0,132.0,307.59,17.0,301.63,9.259999999999993,156.0,36.0,0.9905200654150464,192,120.0,64.0,0.62,297.0,
2025-01-06 07:33:00,297.0,26.0,305.6,30.0,291.43,106.0,307.0,17.0,301.3,8.600000000000023,132.0,47.0,0.5879625838347942,179,85.0,-13.0,0.47,297.0,
2025-01-06 07:33:01,297.29,14.0,304.32,37.0,293.05,38.0,305.35,23.0,300.81,7.029999999999973,52.0,60.0,0.4500777710459245,112,-8.0,-67.0,-0.07,297.0,
2025-01-06 07:33:02,298.0,10.0,304.0,50.0,297.0,20.0,305.0,50.0,301.0,6.0,30.0,100.0,0.4789258815199628,130,-70.0,18.0,-0.54,297.0,
2025-01-06 07:33:03,298.0,11.0,302.39,51.0,297.0,22.0,304.04,49.0,300.2,4.389999999999986,33.0,100.0,0.5390454526194687,133,-67.0,3.0,-0.5,297.0,
2025-01-06 07:33:04,298.0,8.0,299.73,26.0,297.0,16.0,301.08,38.0,298.87,1.7300000000000182,24.0,64.0,0.963395038387596,88,-40.0,-45.0,-0.45,297.0,
2025-01-06 07:33:05,297.09,22.0,299.0,36.0,292.31,64.0,307.67,30.0,298.05,1.910000000000025,86.0,66.0,1.2793084069097649,152,20.0,64.0,0.13,298.0,1.0
2025-01-06 07:33:06,292.74,78.0,296.45,55.0,290.53,143.0,298.27,52.0,294.6,3.70999999999998,221.0,107.0,2.483934379163484,328,114.0,176.0,0.35,294.5,4.0
2025-01-06 07:33:07,292.0,41.0,294.14,51.0,290.0,255.0,296.24,68.0,293.07,2.1399999999999864,296.0,119.0,3.001477969266252,415,177.0,87.0,0.43,292.25,4.0
2025-01-06 07:33:08,292.0,11.0,293.55,44.0,290.0,165.0,298.0,44.0,292.77,1.5500000000000114,176.0,88.0,2.829455778058921,264,88.0,-151.0,0.33,292.0,1.0
2025-01-06 07:33:09,290.05,212.0,300.51,37.0,287.2,100.0,303.15,26.0,295.28,10.45999999999998,312.0,63.0,2.1175528328689155,375,249.0,111.0,0.66,297.57,7.0
2025-01-06 07:33:10,295.0,12.0,299.69,32.0,290.0,180.0,301.55,20.0,297.34,4.689999999999998,192.0,52.0,1.8479096298226212,244,140.0,-131.0,0.57,297.57,
2025-01-06 07:33:11,295.0,7.0,298.29,21.0,290.0,105.0,301.0,14.0,296.64,3.2900000000000205,112.0,35.0,2.0578751176860006,147,77.0,-97.0,0.52,297.57,
2025-01-06 07:33:12,290.51,98.0,297.22,54.0,289.65,230.0,301.0,36.0,293.87,6.710000000000036,328.0,90.0,1.892841778911057,418,238.0,180.0,0.57,297.57,
2025-01-06 07:33:13,291.87,23.0,296.46,37.0,290.47,85.0,302.25,32.0,294.16,4.589999999999975,108.0,69.0,1.514701290681146,177,39.0,-180.0,0.22,294.0,1.0
2025-01-06 07:33:14,290.83,82.0,299.89,36.0,289.94,257.0,302.11,47.0,295.36,9.060000000000002,339.0,83.0,1.5127722895370357,422,256.0,180.0,0.61,290.8,5.0
2025-01-06 07:33:15,290.0,170.0,297.36,44.0,282.0,26.0,298.79,28.0,293.68,7.360000000000014,196.0,72.0,1.2461219843944722,268,124.0,-154.0,0.46,290.8,
2025-01-06 07:33:16,290.05,146.0,296.7,54.0,285.44,64.0,297.68,76.0,293.38,6.649999999999977,210.0,130.0,0.7645913941389078,340,80.0,72.0,0.24,290.8,5.0
2025-01-06 07:33:17,290.79,58.0,294.75,64.0,289.85,54.0,296.37,38.0,292.77,3.95999999999998,112.0,102.0,0.973447481886567,214,10.0,-126.0,0.05,290.8,
2025-01-06 07:33:18,292.33,24.0,294.0,50.0,290.65,20.0,296.0,20.0,293.17,1.670000000000016,44.0,70.0,1.00003499938317,114,-26.0,-100.0,-0.23,292.0,1.0
2025-01-06 07:33:19,293.0,26.0,294.0,65.0,292.0,13.0,296.0,26.0,293.5,1.0,39.0,91.0,0.3494996423335745,130,-52.0,16.0,-0.4,292.0,
2025-01-06 07:33:20,292.13,15.0,293.66,44.0,290.02,104.0,296.0,28.0,292.9,1.5300000000000296,119.0,72.0,0.3092410063224253,191,47.0,61.0,0.25,294.0,2.0
2025-01-06 07:33:21,290.34,35.0,292.89,27.0,289.18,61.0,295.4,25.0,291.62,2.550000000000012,96.0,52.0,0.7123692862492937,148,44.0,-43.0,0.3,291.0,2.0
2025-01-06 07:33:22,290.0,61.0,294.62,21.0,288.0,70.0,294.37,41.0,292.31,4.6200000000000045,131.0,62.0,0.7448825410702865,193,69.0,45.0,0.36,290.0,3.0
2025-01-06 07:33:23,290.41,37.0,297.62,26.0,288.2,61.0,298.4,40.0,294.01,7.2099999999999795,98.0,66.0,0.945182522051334,164,32.0,-29.0,0.2,290.0,
2025-01-06 07:33:24,291.0,55.0,296.09,11.0,290.0,22.0,299.62,32.0,293.55,5.089999999999975,77.0,43.0,0.9537662187304218,120,34.0,-44.0,0.28,290.0,
2025-01-06 07:33:25,291.0,50.0,295.0,13.0,290.0,20.0,301.0,40.0,293.0,4.0,70.0,53.0,0.9553899727291082,123,17.0,3.0,0.14,290.0,
2025-01-06 07:33:26,291.0,51.0,293.08,13.0,290.0,26.0,294.47,15.0,292.04,2.079999999999984,77.0,28.0,0.8244210089458627,105,49.0,-18.0,0.47,291.0,2.0
2025-01-06 07:33:27,291.0,42.0,292.0,14.0,290.0,28.0,293.0,14.0,291.5,1.0,70.0,28.0,1.040696881897575,98,42.0,-7.0,0.43,291.0,
2025-01-06 07:33:28,291.0,30.0,292.0,10.0,290.0,55.0,293.0,10.0,291.5,1.0,85.0,20.0,0.9217483387516296,105,65.0,7.0,0.62,291.0,
2025-01-06 07:33:29,291.0,24.0,293.87,15.0,290.0,30.0,298.86,21.0,292.43,2.8700000000000045,54.0,36.0,0.640765167585913,90,18.0,-15.0,0.2,291.0,2.0
2025-01-06 07:33:30,291.23,13.0,297.0,11.0,290.05,21.0,301.0,22.0,294.12,5.769999999999982,34.0,33.0,1.0811197898435607,67,1.0,-23.0,0.01,291.0,
2025-01-06 07:33:31,293.23,39.0,297.0,13.0,291.0,13.0,301.0,26.0,295.12,3.769999999999982,52.0,39.0,1.6241859499427227,91,13.0,24.0,0.14,291.0,
2025-01-06 07:33:32,295.0,21.0,297.0,7.0,291.0,7.0,301.0,14.0,296.0,2.0,28.0,21.0,1.860505307703075,49,7.0,-42.0,0.14,291.0,
2025-01-06 07:33:33,295.0,30.0,297.0,10.0,291.0,10.0,301.0,20.0,296.0,2.0,40.0,30.0,1.503322985918622,70,10.0,21.0,0.14,291.0,
2025-01-06 07:33:34,295.0,24.0,297.0,8.0,291.0,8.0,301.0,16.0,296.0,2.0,32.0,24.0,0.8344579078606748,56,8.0,-14.0,0.14,291.0,
2025-01-06 07:33:35,295.32,25.0,299.42,12.0,292.59,61.0,301.33,24.0,297.37,4.100000000000023,86.0,36.0,0.8067341569508395,122,50.0,66.0,0.41,297.0,1.0
2025-01-06 07:33:36,297.0,15.0,300.0,15.0,295.0,45.0,301.0,30.0,298.5,3.0,60.0,45.0,1.1326429269594012,105,15.0,-17.0,0.14,297.0,
2025-01-06 07:33:37,297.0,8.0,300.0,8.0,295.0,36.0,301.0,16.0,298.5,3.0,44.0,24.0,1.251151469643533,68,20.0,-37.0,0.29,297.0,
2025-01-06 07:33:38,296.29,14.0,298.5,10.0,294.76,88.0,307.38,26.0,297.39,2.2099999999999795,102.0,36.0,1.0326519258642668,138,66.0,70.0,0.48,295.4,5.0
2025-01-06 07:33:39,295.0,59.0,296.83,36.0,293.07,45.0,299.66,29.0,295.92,1.829999999999984,104.0,65.0,1.062887576365042,169,39.0,31.0,0.23,295.0,4.0
2025-01-06 07:33:40,294.2,20.0,302.4,20.0,292.25,64.0,310.22,72.0,298.3,8.199999999999989,84.0,92.0,1.107032068185555,176,-8.0,7.0,-0.05,295.0,1.0
2025-01-06 07:33:41,294.0,28.0,304.0,28.0,292.0,98.0,310.78,92.0,299.0,10.0,126.0,120.0,1.2124438131275184,246,6.0,70.0,0.02,295.0,
2025-01-06 07:33:42,294.0,24.0,302.0,13.0,292.0,84.0,307.0,32.0,298.0,8.0,108.0,45.0,1.1621187546852445,153,63.0,-93.0,0.41,294.0,2.0
2025-01-06 07:33:43,292.0,60.0,300.0,10.0,291.0,20.0,309.0,40.0,296.0,8.0,80.0,50.0,1.4027401755104598,130,30.0,-23.0,0.23,292.0,5.0
2025-01-06 07:33:44,292.7,47.0,299.36,11.0,291.36,22.0,306.0,44.0,296.03,6.660000000000025,69.0,55.0,1.3734190911703366,124,14.0,-6.0,0.11,293.0,3.0
2025-01-06 07:33:45,293.0,42.0,297.86,7.0,292.0,14.0,304.86,28.0,295.43,4.860000000000014,56.0,35.0,1.528682439223723,91,21.0,-33.0,0.23,293.0,
2025-01-06 07:33:46,293.73,66.0,297.0,19.0,292.0,22.0,304.0,44.0,295.36,3.269999999999982,88.0,63.0,1.0724877621636335,151,25.0,60.0,0.17,293.0,
2025-01-06 07:33:47,294.0,45.0,296.78,32.0,292.0,24.0,302.92,48.0,295.39,2.7799999999999727,69.0,80.0,0.3415699049837043,149,-11.0,-2.0,-0.07,294.0,3.0
2025-01-06 07:33:48,294.0,18.0,295.17,6.0,292.0,12.0,305.0,24.0,294.58,1.170000000000016,30.0,30.0,0.5155288546633077,60,0.0,-89.0,0.0,294.0,
2025-01-06 07:33:49,291.67,9.0,305.0,32.0,289.26,23.0,306.92,26.0,298.33,13.329999999999984,32.0,58.0,1.4479537285392086,90,-26.0,30.0,-0.29,292.83,6.0
2025-01-06 07:33:50,289.85,52.0,304.75,32.0,288.67,12.0,307.0,32.0,297.3,14.899999999999975,64.0,64.0,1.559862173395686,128,0.0,38.0,0.0,290.0,2.0
2025-01-06 07:33:51,290.0,77.0,303.0,48.0,289.0,14.0,305.8,25.0,296.5,13.0,91.0,73.0,1.4895804778496466,164,18.0,36.0,0.11,290.0,
2025-01-06 07:33:52,290.0,99.0,303.0,52.0,289.0,18.0,304.78,27.0,296.5,13.0,117.0,79.0,1.3760886599310471,196,38.0,32.0,0.19,290.0,
2025-01-06 07:33:53,292.31,143.0,302.69,49.0,289.0,26.0,303.17,46.0,297.5,10.379999999999995,169.0,95.0,0.7670593197340748,264,74.0,68.0,0.28,290.0,
2025-01-06 07:33:54,293.01,104.0,297.93,15.0,289.43,23.0,300.6,25.0,295.47,4.920000000000016,127.0,40.0,0.8034799312931294,167,87.0,-97.0,0.52,295.0,1.0
2025-01-06 07:33:55,294.01,69.0,298.26,27.0,291.87,76.0,299.74,19.0,296.14,4.25,145.0,46.0,0.7348605309790311,191,99.0,24.0,0.52,295.0,
2025-01-06 07:33:56,292.54,112.0,297.84,31.0,291.75,40.0,298.44,18.0,295.19,5.2999999999999545,152.0,49.0,0.912222560557876,201,103.0,10.0,0.51,297.0,4.0
2025-01-06 07:33:57,292.0,107.0,295.81,21.0,291.0,9.0,296.36,22.0,293.9,3.8100000000000014,116.0,43.0,1.319905299629755,159,73.0,-42.0,0.46,292.0,5.0
2025-01-06 07:33:58,292.0,110.0,293.3,10.0,291.0,10.0,296.0,40.0,292.65,1.3000000000000114,120.0,50.0,1.3914560718867617,170,70.0,11.0,0.41,292.0,
2025-01-06 07:33:59,292.05,75.0,294.52,29.0,291.46,13.0,302.28,39.0,293.29,2.4699999999999704,88.0,68.0,1.4193766237297227,156,20.0,-14.0,0.13,292.0,1.0
2025-01-06 07:34:00,293.0,66.0,294.0,68.0,292.0,102.0,302.78,64.0,293.5,1.0,168.0,132.0,0.9447909821702464,300,36.0,144.0,0.12,293.0,2.0
2025-01-06 07:34:01,292.23,26.0,293.62,32.0,291.34,53.0,302.0,16.0,292.93,1.3899999999999864,79.0,48.0,0.4870626243000449,127,31.0,-173.0,0.24,292.5,4.0
2025-01-06 07:34:02,292.0,44.0,293.0,38.0,291.0,77.0,301.73,22.0,292.5,1.0,121.0,60.0,0.4207493315383189,181,61.0,54.0,0.34,293.0,1.0
2025-01-06 07:34:03,292.0,13.0,294.45,11.0,291.0,28.0,302.6,10.0,293.23,2.4499999999999886,41.0,21.0,0.3877499193939207,62,20.0,-119.0,0.32,292.0,3.0
2025-01-06 07:34:04,292.0,9.0,301.0,18.0,291.0,63.0,305.0,36.0,296.5,9.0,72.0,54.0,1.5912793595061552,126,18.0,64.0,0.14,292.0,
2025-01-06 07:34:05,292.0,6.0,301.0,12.0,291.0,42.0,305.0,24.0,296.5,9.0,48.0,36.0,1.996038576779179,84,12.0,-42.0,0.14,292.0,
2025-01-06 07:34:06,292.82,11.0,305.2,25.0,291.02,57.0,310.2,20.0,299.01,12.379999999999995,68.0,45.0,2.6674650888045983,113,23.0,29.0,0.2,292.0,
2025-01-06 07:34:07,292.05,20.0,305.46,46.0,290.9,68.0,308.9,29.0,298.75,13.409999999999968,88.0,75.0,2.3244074513716457,163,13.0,50.0,0.08,291.25,4.0
2025-01-06 07:34:08,291.0,40.0,305.0,50.0,289.0,20.0,307.0,30.0,298.0,14.0,60.0,80.0,1.2015698065416789,140,-20.0,-23.0,-0.14,291.25,
2025-01-06 07:34:09,291.0,24.0,305.0,30.0,289.0,12.0,308.0,18.0,298.0,14.0,36.0,48.0,0.9771233289573918,84,-12.0,-56.0,-0.14,291.25,
2025-01-06 07:34:10,291.0,40.0,302.18,34.0,289.0,20.0,305.83,46.0,296.59,11.180000000000009,60.0,80.0,0.941567841418128,140,-20.0,56.0,-0.14,291.25,
2025-01-06 07:34:11,291.0,40.0,300.69,48.0,288.3,20.0,304.5,50.0,295.84,9.689999999999998,60.0,98.0,1.185930014795323,158,-38.0,18.0,-0.24,291.25,
2025-01-06 07:34:12,291.0,78.0,299.09,57.0,288.8,60.0,300.11,75.0,295.04,8.089999999999975,138.0,132.0,1.3121661480132514,270,6.0,112.0,0.02,291.25,
2025-01-06 07:34:13,291.45,62.0,297.33,75.0,290.75,126.0,300.0,30.0,294.39,5.879999999999996,188.0,105.0,1.403876775216213,293,83.0,23.0,0.28,291.25,
2025-01-06 07:34:14,293.04,23.0,296.17,60.0,291.17,58.0,300.72,39.0,294.61,3.1299999999999955,81.0,99.0,0.9120471478991912,180,-18.0,-113.0,-0.1,291.25,
2025-01-06 07:34:15,291.35,89.0,295.95,79.0,290.23,52.0,302.78,100.0,293.65,4.599999999999966,141.0,179.0,0.8095863141078345,320,-38.0,140.0,-0.12,292.8,5.0
2025-01-06 07:34:16,291.0,102.0,293.34,35.0,289.0,52.0,297.59,58.0,292.17,2.339999999999975,154.0,93.0,1.126197140819597,247,61.0,-73.0,0.25,291.0,5.0
2025-01-06 07:34:17,291.0,44.0,292.0,22.0,289.0,44.0,302.82,55.0,291.5,1.0,88.0,77.0,1.3726907881929593,165,11.0,-82.0,0.07,291.0,
2025-01-06 07:34:18,291.0,48.0,292.0,24.0,289.0,48.0,301.0,60.0,291.5,1.0,96.0,84.0,1.388391155254712,180,12.0,15.0,0.07,291.0,
2025-01-06 07:34:19,291.0,24.0,299.16,44.0,289.0,40.0,301.59,41.0,295.08,8.160000000000025,64.0,85.0,1.5569039790525063,149,-21.0,-31.0,-0.14,291.0,2.0
2025-01-06 07:34:20,291.0,53.0,297.62,80.0,289.0,64.0,301.94,80.0,294.31,6.6200000000000045,117.0,160.0,1.6727731466010571,277,-43.0,128.0,-0.16,291.0,
2025-01-06 07:34:21,291.0,90.0,295.65,52.0,289.0,48.0,299.19,36.0,293.33,4.649999999999977,138.0,88.0,1.6238626789201491,226,50.0,-51.0,0.22,291.0,3.0
2025-01-06 07:34:22,289.74,46.0,291.69,13.0,288.63,38.0,298.31,65.0,290.72,1.9499999999999889,84.0,78.0,1.8438465228943537,162,6.0,-64.0,0.04,290.86,7.0
2025-01-06 07:34:23,289.0,64.0,299.25,60.0,288.0,32.0,301.87,47.0,294.12,10.25,96.0,107.0,1.6802886656732203,203,-11.0,41.0,-0.05,291.0,1.0
2025-01-06 07:34:24,291.86,14.0,300.0,70.0,288.22,23.0,304.0,28.0,295.93,8.139999999999986,37.0,98.0,1.906376143364682,135,-61.0,-68.0,-0.45,289.0,3.0
2025-01-06 07:34:25,297.0,10.0,300.0,50.0,289.0,10.0,304.0,20.0,298.5,3.0,20.0,70.0,2.9088055968026465,90,-50.0,-45.0,-0.56,289.0,
2025-01-06 07:34:26,297.0,13.0,299.23,65.0,289.0,13.0,305.71,38.0,298.12,2.230000000000018,26.0,103.0,3.1937313600224457,129,-77.0,39.0,-0.6,289.0,
2025-01-06 07:34:27,297.0,13.0,299.0,65.0,290.38,29.0,308.0,35.0,298.0,2.0,42.0,100.0,1.8656044596836403,142,-58.0,13.0,-0.41,289.0,
2025-01-06 07:34:28,294.14,14.0,299.0,45.0,290.95,41.0,308.0,18.0,296.57,4.860000000000014,55.0,63.0,1.110779005919575,118,-8.0,-24.0,-0.07,297.0,1.0
2025-01-06 07:34:29,292.0,24.0,299.0,60.0,291.0,60.0,308.0,24.0,295.5,7.0,84.0,84.0,1.2617527491516116,168,0.0,50.0,0.0,297.0,
2025-01-06 07:34:30,292.0,20.0,299.0,50.0,291.0,50.0,308.34,47.0,295.5,7.0,70.0,97.0,1.2841417367220027,167,-27.0,-1.0,-0.16,297.0,
2025-01-06 07:34:31,292.0,24.0,308.0,60.0,291.0,60.0,309.0,96.0,300.0,16.0,84.0,156.0,1.9118001987633328,240,-72.0,73.0,-0.3,297.0,
2025-01-06 07:34:32,292.0,16.0,307.04,28.0,291.0,40.0,308.55,51.0,299.52,15.04000000000002,56.0,79.0,2.188702812167888,135,-23.0,-105.0,-0.17,297.0,
2025-01-06 07:34:33,292.0,24.0,298.22,32.0,291.0,60.0,304.65,26.0,295.11,6.220000000000027,84.0,58.0,2.4157359127171696,142,26.0,7.0,0.18,297.0,
2025-01-06 07:34:34,292.72,29.0,297.94,53.0,291.38,37.0,298.67,15.0,295.33,5.21999999999997,66.0,68.0,2.445356824676403,134,-2.0,-8.0,-0.01,297.0,
2025-01-06 07:34:35,292.85,39.0,294.93,42.0,291.55,40.0,298.0,70.0,293.89,2.079999999999984,79.0,112.0,2.789220321163485,191,-33.0,57.0,-0.17,297.0,
2025-01-06 07:34:36,292.0,28.0,293.6,50.0,291.0,84.0,297.23,62.0,292.8,1.6000000000000227,112.0,112.0,2.553380112711505,224,0.0,33.0,0.0,297.0,
2025-01-06 07:34:37,291.05,44.0,293.23,26.0,289.44,27.0,300.0,10.0,292.14,2.180000000000007,71.0,36.0,1.396971724835559,107,35.0,-117.0,0.33,292.0,2.0
2025-01-06 07:34:38,291.0,84.0,292.5,42.0,289.0,42.0,298.87,60.0,291.75,1.5,126.0,102.0,1.4489202876589462,228,24.0,121.0,0.11,292.0,
2025-01-06 07:34:39,289.12,51.0,291.27,44.0,287.97,63.0,292.43,40.0,290.2,2.1499999999999773,114.0,84.0,1.361297175487111,198,30.0,-30.0,0.15,290.33,9.0
2025-01-06 07:34:40,288.0,32.0,289.52,29.0,282.25,24.0,290.32,31.0,288.76,1.5199999999999818,56.0,60.0,1.6336462285294984,116,-4.0,-82.0,-0.03,288.43,7.0
2025-01-06 07:34:41,281.09,81.0,291.48,64.0,278.1,124.0,292.79,62.0,286.29,10.390000000000043,205.0,126.0,2.3893450985547906,331,79.0,180.0,0.24,288.0,1.0
2025-01-06 07:34:49,284.8,45.0,291.14,35.0,280.67,27.0,292.6,48.0,287.97,6.339999999999975,72.0,83.0,2.391185898248832,155,-11.0,-23.0,-0.07,288.0,
2025-01-06 07:34:50,288.0,33.0,290.27,22.0,284.0,33.0,295.0,11.0,289.14,2.269999999999982,66.0,33.0,3.302948682614476,99,33.0,-56.0,0.33,288.0,
2025-01-06 07:34:51,283.25,32.0,292.0,16.0,277.27,33.0,295.67,12.0,287.62,8.75,65.0,28.0,2.804419726072635,93,37.0,-6.0,0.4,288.4,5.0
2025-01-06 07:34:55,278.0,14.0,288.65,26.0,267.0,70.0,294.24,46.0,283.33,10.649999999999975,84.0,72.0,3.96927827192586,156,12.0,113.0,0.08,279.0,1.0
2025-01-06 07:34:56,281.09,11.0,296.69,39.0,268.43,28.0,299.56,41.0,288.89,15.600000000000025,39.0,80.0,4.452585765595413,119,-41.0,-37.0,-0.34,294.0,1.0
2025-01-06 07:34:57,292.0,5.0,297.0,30.0,291.0,5.0,302.0,15.0,294.5,5.0,10.0,45.0,7.091384209023258,55,-35.0,-64.0,-0.64,294.0,
2025-01-06 07:34:58,292.0,6.0,297.0,42.0,291.0,6.0,302.0,18.0,294.5,5.0,12.0,60.0,7.087893198968669,72,-48.0,17.0,-0.67,294.0,
2025-01-06 07:35:01,279.81,47.0,292.53,55.0,257.29,28.0,293.39,54.0,286.17,12.71999999999997,75.0,109.0,6.337927894823859,184,-34.0,42.0,-0.18,285.0,1.0
2025-01-06 07:35:02,286.51,87.0,291.0,36.0,284.85,33.0,292.0,72.0,288.75,4.490000000000009,120.0,108.0,5.296067408935225,228,12.0,44.0,0.05,285.0,
2025-01-06 07:35:03,289.58,31.0,291.36,42.0,283.35,104.0,352.92,52.0,290.47,1.7800000000000296,135.0,94.0,3.9811455637775386,229,41.0,1.0,0.18,290.25,8.0
2025-01-06 07:35:05,289.0,10.0,411.13,23.0,283.71,49.0,461.93,30.0,350.07,122.13,59.0,53.0,66.07775510714633,112,6.0,-2.0,0.05,290.0,1.0
2025-01-06 07:35:06,290.32,108.0,389.43,28.0,288.67,12.0,583.91,44.0,339.88,99.11,120.0,72.0,61.17363181960025,192,48.0,80.0,0.25,290.0,
2025-01-06 07:35:08,293.88,192.0,389.05,21.0,289.0,16.0,407.59,34.0,341.46,95.17000000000002,208.0,55.0,49.48384706144048,263,153.0,-39.0,0.58,290.0,
2025-01-06 07:35:09,294.89,108.0,371.56,9.0,289.0,9.0,373.0,18.0,333.22,76.67000000000002,117.0,27.0,39.38679194857101,144,90.0,-119.0,0.62,290.0,
2025-01-06 07:35:10,295.0,108.0,354.7,10.0,289.0,9.0,366.29,17.0,324.85,59.69999999999999,117.0,27.0,42.25711324735771,144,90.0,0.0,0.62,290.0,
2025-01-06 07:35:11,295.0,84.0,314.8,10.0,289.0,7.0,316.85,13.0,304.9,19.80000000000001,91.0,23.0,47.63383545338346,114,68.0,-30.0,0.6,290.0,
2025-01-06 07:35:12,295.0,120.0,312.67,21.0,288.2,10.0,312.52,25.0,303.83,17.670000000000016,130.0,46.0,16.842326739497672,176,84.0,62.0,0.48,290.0,
2025-01-06 07:35:13,295.91,132.0,309.38,16.0,294.46,78.0,310.06,32.0,302.64,13.46999999999997,210.0,48.0,14.16295061065998,258,162.0,82.0,0.63,290.0,
2025-01-06 07:35:14,297.0,130.0,305.49,43.0,295.0,156.0,306.91,33.0,301.24,8.490000000000009,286.0,76.0,9.798702465122076,362,210.0,104.0,0.58,290.0,
2025-01-06 07:35:15,297.0,115.0,303.14,37.0,295.0,144.0,305.06,47.0,300.07,6.139999999999986,259.0,84.0,1.9387186490014616,343,175.0,-19.0,0.51,297.0,5.0
2025-01-06 07:35:16,297.0,55.0,301.0,33.0,295.0,132.0,305.0,44.0,299.0,4.0,187.0,77.0,1.9356730095719683,264,110.0,-79.0,0.42,297.0,
2025-01-06 07:35:17,296.23,62.0,298.86,36.0,294.58,134.0,300.8,40.0,297.54,2.6299999999999955,196.0,76.0,1.9694973978111008,272,120.0,8.0,0.44,297.0,5.0
2025-01-06 07:35:18,295.0,130.0,296.6,40.0,291.0,124.0,300.44,27.0,295.8,1.6000000000000227,254.0,67.0,2.131290688757401,321,187.0,49.0,0.58,295.0,4.0
2025-01-06 07:35:19,295.0,40.0,299.0,16.0,291.0,77.0,378.93,14.0,297.0,4.0,117.0,30.0,1.6783086724388736,147,87.0,-174.0,0.59,295.0,4.0
2025-01-06 07:35:20,295.0,44.0,307.45,11.0,291.0,121.0,466.0,22.0,301.23,12.449999999999989,165.0,33.0,2.0868349239898536,198,132.0,51.0,0.67,295.0,
2025-01-06 07:35:21,295.0,52.0,306.15,13.0,291.0,143.0,406.59,34.0,300.58,11.149999999999975,195.0,47.0,2.3567138137635406,242,148.0,44.0,0.61,295.0,
2025-01-06 07:35:22,292.79,29.0,305.53,15.0,290.87,153.0,308.55,47.0,299.16,12.739999999999952,182.0,62.0,2.3147526865702317,244,120.0,2.0,0.49,293.29,7.0
2025-01-06 07:35:23,291.0,45.0,305.0,11.0,289.0,55.0,306.0,11.0,298.0,14.0,100.0,22.0,1.7540467496576069,122,78.0,-122.0,0.64,293.29,
2025-01-06 07:35:24,291.0,28.0,304.0,7.0,289.0,35.0,305.14,7.0,297.5,13.0,63.0,14.0,1.6056711992137414,77,49.0,-45.0,0.64,293.29,
2025-01-06 07:35:25,291.0,60.0,301.47,15.0,289.0,75.0,303.91,43.0,296.23,10.470000000000027,135.0,58.0,1.6547446932937615,193,77.0,116.0,0.4,293.29,
2025-01-06 07:35:26,291.0,40.0,293.45,11.0,289.0,55.0,301.09,11.0,292.23,2.4499999999999886,95.0,22.0,2.67182147606886,117,73.0,-76.0,0.62,291.0,1.0
2025-01-06 07:35:27,291.0,24.0,292.0,8.0,288.62,16.0,302.0,8.0,291.5,1.0,40.0,16.0,3.0266929147143022,56,24.0,-61.0,0.43,291.0,
2025-01-06 07:35:28,291.0,25.0,292.0,12.0,289.81,54.0,303.98,100.0,291.5,1.0,79.0,112.0,2.856548616771807,191,-33.0,135.0,-0.17,291.0,1.0
2025-01-06 07:35:29,291.78,18.0,303.88,104.0,290.67,42.0,368.7,57.0,297.83,12.100000000000025,60.0,161.0,2.965378559304185,221,-101.0,30.0,-0.46,292.0,1.0
2025-01-06 07:35:30,290.25,8.0,304.0,10.0,290.33,3.0,363.0,2.0,297.12,13.75,11.0,12.0,3.163452228180643,23,-1.0,-180.0,-0.04,291.33,3.0
2025-01-06 07:35:31,290.0,61.0,315.81,43.0,289.0,10.0,432.29,28.0,302.91,25.81,71.0,71.0,4.814132320572715,142,0.0,119.0,0.0,290.0,1.0
2025-01-06 07:35:32,290.0,60.0,291.0,20.0,289.0,10.0,335.17,48.0,290.5,1.0,70.0,68.0,5.070687330134111,138,2.0,-4.0,0.01,291.0,2.0
2025-01-06 07:35:33,292.5,96.0,305.0,80.0,289.99,100.0,517.85,59.0,298.75,12.5,196.0,139.0,4.473630516703838,335,57.0,180.0,0.17,291.0,
2025-01-06 07:35:34,294.89,54.0,305.0,45.0,290.0,63.0,470.6,20.0,299.94,10.110000000000014,117.0,65.0,4.618899219509363,182,52.0,-153.0,0.29,291.0,
2025-01-06 07:35:35,295.0,42.0,305.0,35.0,290.0,49.0,495.33,18.0,300.0,10.0,91.0,53.0,4.6851414066156725,144,38.0,-38.0,0.26,291.0,
2025-01-06 07:35:36,295.5,36.0,305.0,35.0,290.43,46.0,535.0,21.0,300.25,9.5,82.0,56.0,4.170607869361995,138,26.0,-6.0,0.19,295.0,2.0
2025-01-06 07:35:37,298.0,30.0,305.0,35.0,295.0,28.0,535.0,21.0,301.5,7.0,58.0,56.0,0.9797805876757198,114,2.0,-24.0,0.02,298.0,4.0
2025-01-06 07:35:38,298.0,12.0,305.0,30.0,295.0,24.0,483.58,12.0,301.5,7.0,36.0,42.0,0.7954369868108201,78,-6.0,-36.0,-0.08,298.0,
2025-01-06 07:35:39,298.0,14.0,305.0,35.0,295.0,28.0,311.0,7.0,301.5,7.0,42.0,42.0,0.7582875443965552,84,0.0,6.0,0.0,298.0,
2025-01-06 07:35:40,298.0,18.0,303.59,37.0,295.0,36.0,304.65,37.0,300.8,5.589999999999975,54.0,74.0,0.5683308895239603,128,-20.0,44.0,-0.16,298.0,
2025-01-06 07:35:41,295.39,46.0,303.33,52.0,293.57,42.0,308.74,65.0,299.36,7.939999999999998,88.0,117.0,0.9295805505640256,205,-29.0,77.0,-0.14,298.0,
2025-01-06 07:35:42,297.86,85.0,300.7,10.0,294.85,39.0,303.94,18.0,299.28,2.839999999999975,124.0,28.0,1.104228237270945,152,96.0,-53.0,0.63,298.0,
2025-01-06 07:35:43,298.0,117.0,299.0,13.0,293.74,43.0,300.0,13.0,298.5,1.0,160.0,26.0,1.2252836406260763,186,134.0,34.0,0.72,298.0,
2025-01-06 07:35:44,298.0,81.0,299.0,9.0,293.0,27.0,306.62,37.0,298.5,1.0,108.0,46.0,0.9398510520211368,154,62.0,-32.0,0.4,298.0,
2025-01-06 07:35:45,298.0,99.0,299.0,12.0,294.79,56.0,360.91,44.0,298.5,1.0,155.0,56.0,0.450022221656581,211,99.0,57.0,0.47,298.0,3.0
2025-01-06 07:35:46,296.2,50.0,299.0,10.0,294.05,38.0,400.25,24.0,297.6,2.800000000000012,88.0,34.0,0.594878138768225,122,54.0,-89.0,0.44,298.0,6.0
2025-01-06 07:35:47,295.0,50.0,297.3,10.0,293.0,30.0,307.0,40.0,296.15,2.300000000000012,80.0,50.0,1.0271319292008128,130,30.0,8.0,0.23,298.0,
2025-01-06 07:35:48,295.0,45.0,296.56,9.0,293.0,27.0,307.53,38.0,295.78,1.5600000000000025,72.0,47.0,1.2847879202355976,119,25.0,-11.0,0.21,298.0,
2025-01-06 07:35:49,295.0,31.0,306.11,19.0,293.0,21.0,319.97,33.0,300.55,11.110000000000014,52.0,52.0,1.9274413090892628,104,0.0,-15.0,0.0,295.0,1.0
2025-01-06 07:35:50,293.94,34.0,308.0,40.0,292.11,114.0,328.0,50.0,300.97,14.060000000000002,148.0,90.0,2.4297016277691843,238,58.0,134.0,0.24,295.0,4.0
2025-01-06 07:35:51,292.03,108.0,307.38,32.0,290.58,59.0,328.0,40.0,299.7,15.350000000000025,167.0,72.0,2.478900966151047,239,95.0,1.0,0.4,292.6,5.0
2025-01-06 07:35:52,292.0,152.0,307.0,48.0,290.0,72.0,365.6,40.0,299.5,15.0,224.0,88.0,2.058020893962245,312,136.0,73.0,0.44,292.0,4.0
2025-01-06 07:35:53,292.0,110.0,306.5,40.0,290.0,60.0,312.0,25.0,299.25,14.5,170.0,65.0,0.7324138174459729,235,105.0,-77.0,0.45,292.0,
2025-01-06 07:35:54,292.0,153.0,301.27,60.0,289.79,76.0,306.14,56.0,296.63,9.269999999999982,229.0,116.0,1.5874350380361848,345,113.0,110.0,0.33,292.0,1.0
2025-01-06 07:35:55,292.0,90.0,293.0,45.0,289.86,28.0,303.0,36.0,292.5,1.0,118.0,81.0,3.068310610088735,199,37.0,-146.0,0.19,292.0,
2025-01-06 07:35:56,292.0,99.0,293.0,55.0,290.0,33.0,303.0,44.0,292.5,1.0,132.0,99.0,3.452554127016919,231,33.0,32.0,0.14,292.0,1.0
2025-01-06 07:35:57,292.0,73.0,293.0,33.0,290.0,27.0,303.0,36.0,292.5,1.0,100.0,69.0,3.120277231269693,169,31.0,-62.0,0.18,292.75,4.0
2025-01-06 07:35:58,292.0,104.0,296.5,32.0,290.0,39.0,303.15,52.0,294.25,4.5,143.0,84.0,1.816901208095533,227,59.0,58.0,0.26,293.0,2.0
2025-01-06 07:35:59,292.18,49.0,302.0,32.0,291.23,39.0,305.0,32.0,297.09,9.819999999999991,88.0,64.0,2.0057093508230643,152,24.0,-75.0,0.16,293.0,
2025-01-06 07:36:00,292.03,99.0,301.85,52.0,290.36,44.0,305.0,52.0,296.94,9.82000000000005,143.0,104.0,2.26949994491739,247,39.0,95.0,0.16,293.0,
2025-01-06 07:36:01,292.0,64.0,300.62,32.0,290.0,24.0,305.0,32.0,296.31,8.620000000000005,88.0,64.0,1.9866227623735973,152,24.0,-95.0,0.16,293.0,
2025-01-06 07:36:02,292.0,88.0,299.27,44.0,290.0,33.0,304.0,44.0,295.64,7.269999999999982,121.0,88.0,1.1564298508693027,209,33.0,57.0,0.16,293.0,
2025-01-06 07:36:03,292.0,112.0,296.57,56.0,290.0,42.0,297.57,56.0,294.29,4.569999999999993,154.0,112.0,1.140933828046822,266,42.0,57.0,0.16,293.0,
2025-01-06 07:36:04,292.0,85.0,293.54,52.0,290.0,39.0,299.46,52.0,292.77,1.5400000000000205,124.0,104.0,1.6722589512335542,228,20.0,-38.0,0.09,292.0,5.0
2025-01-06 07:36:05,292.0,36.0,293.0,69.0,290.0,36.0,300.0,32.0,292.5,1.0,72.0,101.0,1.6894288975804306,173,-29.0,-55.0,-0.17,292.0,
2025-01-06 07:36:06,291.52,25.0,293.0,65.0,289.92,26.0,295.0,20.0,292.26,1.4800000000000182,51.0,85.0,1.4382176469432368,136,-34.0,-37.0,-0.25,292.25,4.0
2025-01-06 07:36:07,290.0,24.0,293.0,48.0,289.0,8.0,303.57,28.0,291.5,3.0,32.0,76.0,1.0247097149817983,108,-44.0,-28.0,-0.41,292.25,
2025-01-06 07:36:08,290.0,24.0,292.67,36.0,289.0,8.0,300.5,28.0,291.33,2.670000000000016,32.0,64.0,0.6291820086250557,96,-32.0,-12.0,-0.33,292.25,
2025-01-06 07:36:09,289.19,32.0,291.91,43.0,287.36,28.0,294.79,42.0,290.55,2.7200000000000277,60.0,85.0,0.7789544274070487,145,-25.0,49.0,-0.17,289.75,4.0
2025-01-06 07:36:10,288.0,22.0,289.23,31.0,286.18,34.0,294.54,35.0,288.61,1.2300000000000182,56.0,66.0,1.3918153613092406,122,-10.0,-23.0,-0.08,288.67,3.0
2025-01-06 07:36:11,288.0,3.0,289.0,3.0,287.0,18.0,296.0,9.0,288.5,1.0,21.0,12.0,1.4539154033078328,33,9.0,-89.0,0.27,288.67,
2025-01-06 07:36:12,287.38,29.0,288.82,11.0,286.89,54.0,296.0,33.0,288.1,1.4399999999999975,83.0,44.0,1.4291500970770044,127,39.0,94.0,0.31,288.0,4.0
2025-01-06 07:36:13,287.29,21.0,294.68,22.0,286.81,31.0,301.32,31.0,290.98,7.389999999999986,52.0,53.0,1.3161952742565155,105,-1.0,-22.0,-0.01,287.0,1.0
2025-01-06 07:36:14,289.73,15.0,295.0,45.0,287.0,75.0,303.2,60.0,292.37,5.269999999999982,90.0,105.0,1.867798168961388,195,-15.0,90.0,-0.08,287.0,
2025-01-06 07:36:15,292.86,73.0,295.0,38.0,290.33,60.0,304.0,56.0,293.93,2.1399999999999864,133.0,94.0,2.493557699347752,227,39.0,32.0,0.17,294.0,4.0
2025-01-06 07:36:16,293.0,54.0,295.0,9.0,292.0,36.0,304.0,36.0,294.0,2.0,90.0,45.0,2.4512914963295165,135,45.0,-92.0,0.33,294.0,
2025-01-06 07:36:17,293.0,18.0,295.0,13.0,292.0,52.0,521.28,50.0,294.0,2.0,70.0,63.0,1.353377257078945,133,7.0,-2.0,0.05,293.0,5.0
2025-01-06 07:36:18,292.54,13.0,295.0,10.0,291.65,34.0,304.0,50.0,293.77,2.4599999999999795,47.0,60.0,0.7017335676587368,107,-13.0,-26.0,-0.12,292.33,3.0
2025-01-06 07:36:19,291.36,11.0,295.0,11.0,287.1,30.0,304.0,55.0,293.18,3.6399999999999855,41.0,66.0,0.3461647006544892,107,-25.0,0.0,-0.23,291.33,3.0
2025-01-06 07:36:20,292.14,7.0,295.0,7.0,290.0,7.0,304.0,35.0,293.57,2.8600000000000136,14.0,42.0,0.3435549446291733,56,-28.0,-51.0,-0.5,291.33,
2025-01-06 07:36:21,292.25,12.0,295.0,16.0,281.59,34.0,304.0,60.0,293.62,2.75,46.0,76.0,0.3011145960910765,122,-30.0,66.0,-0.25,295.0,1.0
2025-01-06 07:36:22,290.0,6.0,295.0,6.0,281.0,30.0,304.0,30.0,292.5,5.0,36.0,36.0,0.5115368999191217,72,0.0,-50.0,0.0,295.0,
2025-01-06 07:36:26,281.0,20.0,303.0,20.0,279.0,8.0,596.5,4.0,292.0,22.0,28.0,24.0,4.969333959392735,52,4.0,-41.0,0.08,287.0,4.0
2025-01-06 07:36:27,281.0,35.0,303.0,35.0,279.0,14.0,394.57,7.0,292.0,22.0,49.0,42.0,4.8294181844166015,91,7.0,39.0,0.08,287.0,
2025-01-06 07:36:28,281.0,45.0,303.0,45.0,279.0,18.0,457.33,9.0,292.0,22.0,63.0,54.0,4.929503017543944,117,9.0,26.0,0.08,287.0,
2025-01-06 07:36:29,282.54,35.0,303.0,30.0,280.85,27.0,505.0,6.0,292.77,20.45999999999998,62.0,36.0,4.124509667824302,98,26.0,-19.0,0.27,287.0,
2025-01-06 07:36:30,283.07,45.0,302.67,45.0,281.0,55.0,342.1,31.0,292.87,19.600000000000023,100.0,76.0,0.450521919530615,176,24.0,78.0,0.14,283.0,3.0
2025-01-06 07:36:31,284.0,39.0,301.38,39.0,281.37,54.0,303.0,65.0,292.69,17.379999999999995,93.0,104.0,0.430151136204054,197,-11.0,21.0,-0.06,283.0,
2025-01-06 07:36:32,284.5,30.0,295.5,18.0,281.0,160.0,300.69,26.0,290.0,11.0,190.0,44.0,1.2045870661672136,234,146.0,37.0,0.62,283.0,
2025-01-06 07:36:33,286.76,51.0,292.82,51.0,281.45,62.0,302.43,53.0,289.79,6.060000000000002,113.0,104.0,1.581385468498118,217,9.0,-17.0,0.04,283.0,
2025-01-06 07:36:34,288.93,42.0,291.79,38.0,283.0,14.0,293.25,32.0,290.36,2.8600000000000136,56.0,70.0,1.5104535742540115,126,-14.0,-91.0,-0.11,291.0,2.0
2025-01-06 07:36:35,289.05,41.0,292.46,26.0,282.43,81.0,342.56,57.0,290.76,3.409999999999968,122.0,83.0,1.1614000172104637,205,39.0,79.0,0.19,291.0,1.0
2025-01-06 07:36:36,281.32,75.0,293.07,43.0,278.55,44.0,370.8,55.0,287.19,11.75,119.0,98.0,1.4076043478107572,217,21.0,12.0,0.1,289.0,3.0
2025-01-06 07:36:37,281.0,88.0,291.82,44.0,278.0,44.0,294.0,55.0,286.41,10.819999999999991,132.0,99.0,1.968976891681359,231,33.0,14.0,0.14,289.0,
2025-01-06 07:36:38,280.85,115.0,289.18,62.0,278.31,88.0,291.04,27.0,285.01,8.329999999999984,203.0,89.0,2.5148021790937047,292,114.0,61.0,0.39,289.5,2.0
2025-01-06 07:36:39,279.0,88.0,288.87,23.0,277.0,55.0,292.0,18.0,283.93,9.870000000000005,143.0,41.0,2.613847738483142,184,102.0,-108.0,0.55,288.0,3.0
2025-01-06 07:36:40,281.62,42.0,289.0,16.0,280.36,44.0,293.84,38.0,285.31,7.3799999999999955,86.0,54.0,1.264990118527643,140,32.0,-44.0,0.23,288.0,1.0
2025-01-06 07:36:41,281.37,43.0,288.22,32.0,279.97,35.0,293.24,33.0,284.8,6.850000000000023,78.0,65.0,0.8981759292990236,143,13.0,3.0,0.09,281.0,3.0
2025-01-06 07:36:42,282.08,37.0,288.0,65.0,276.44,77.0,289.0,13.0,285.04,5.920000000000016,114.0,78.0,0.528460026843941,192,36.0,49.0,0.19,281.0,
2025-01-06 07:36:43,285.06,51.0,288.0,61.0,277.77,86.0,292.1,29.0,286.53,2.9399999999999977,137.0,90.0,0.9419501048209344,227,47.0,35.0,0.21,288.0,2.0
2025-01-06 07:36:44,284.23,39.0,287.92,39.0,276.15,104.0,294.0,39.0,286.08,3.6899999999999977,143.0,78.0,0.7282650616173946,221,65.0,-6.0,0.29,288.0,
2025-01-06 07:39:49,287.0,8.0,376.52,31.0,282.75,8.0,588.33,18.0,331.76,89.51999999999998,16.0,49.0,21.833622695283044,65,-33.0,-8.0,-0.51,284.0,3.0
2025-01-06 07:39:51,289.0,7.0,389.0,14.0,287.0,14.0,490.71,14.0,339.0,100.0,21.0,28.0,41.6345751749673,49,-7.0,1.0,-0.14,284.0,
2025-01-06 07:39:52,288.2,5.0,322.0,10.0,286.5,8.0,417.0,10.0,305.1,33.80000000000001,13.0,20.0,37.271981165481485,33,-7.0,-16.0,-0.21,288.0,2.0
2025-01-06 07:39:53,290.43,7.0,379.71,14.0,286.14,7.0,465.57,14.0,335.07,89.27999999999997,14.0,28.0,27.35735458702128,42,-14.0,9.0,-0.33,288.0,
2025-01-06 07:39:58,284.95,21.0,325.55,29.0,284.24,33.0,471.54,26.0,305.25,40.60000000000002,54.0,55.0,32.59809779726377,109,-1.0,0.0,-0.01,283.0,1.0
2025-01-06 07:40:00,292.11,37.0,340.12,50.0,290.96,25.0,400.62,24.0,316.11,48.00999999999999,62.0,74.0,45.54358659569965,136,-12.0,59.0,-0.09,283.0,
2025-01-06 07:40:01,292.71,14.0,315.17,24.0,290.49,37.0,442.27,11.0,303.94,22.46000000000004,51.0,35.0,41.8912475345387,86,16.0,-50.0,0.19,292.5,4.0
2025-01-06 07:40:02,292.0,6.0,421.33,9.0,290.0,42.0,523.38,8.0,356.67,129.32999999999998,48.0,17.0,38.01638462557954,65,31.0,-21.0,0.48,292.5,
2025-01-06 07:40:04,291.88,65.0,425.0,9.0,290.0,63.0,442.77,13.0,358.44,133.12,128.0,22.0,29.59191223966445,150,106.0,16.0,0.71,292.0,1.0
2025-01-06 07:40:05,292.0,78.0,401.67,12.0,290.0,84.0,534.25,16.0,346.83,109.67000000000002,162.0,28.0,25.989979415151623,190,134.0,40.0,0.71,292.0,1.0
2025-01-06 07:40:06,292.0,51.0,398.91,46.0,290.0,98.0,483.8,15.0,345.46,106.91000000000004,149.0,61.0,10.69475338659141,210,88.0,20.0,0.42,292.0,3.0
2025-01-06 07:40:07,293.0,42.0,325.59,54.0,292.0,36.0,337.62,42.0,309.3,32.589999999999975,78.0,96.0,23.33345195207953,174,-18.0,-36.0,-0.1,293.0,2.0
2025-01-06 07:40:08,293.0,33.0,323.55,55.0,292.0,33.0,400.0,11.0,308.27,30.55000000000001,66.0,66.0,23.26370026457528,132,0.0,-42.0,0.0,293.0,
2025-01-06 07:40:09,293.0,24.0,321.18,28.0,292.0,24.0,333.6,20.0,307.09,28.180000000000007,48.0,48.0,20.79273310558273,96,0.0,-36.0,0.0,293.0,
2025-01-06 07:40:10,293.55,33.0,317.83,23.0,292.0,33.0,318.14,43.0,305.69,24.279999999999973,66.0,66.0,16.990493518435308,132,0.0,36.0,0.0,293.0,
2025-01-06 07:40:11,297.43,49.0,314.5,10.0,292.88,16.0,317.0,50.0,305.96,17.069999999999993,65.0,60.0,1.5301535870587053,125,5.0,-7.0,0.04,294.0,2.0
2025-01-06 07:40:12,298.0,72.0,313.03,34.0,295.67,12.0,316.5,36.0,305.51,15.029999999999973,84.0,70.0,1.162832748071789,154,14.0,29.0,0.09,294.0,
2025-01-06 07:40:13,298.0,63.0,311.58,36.0,296.0,12.0,317.0,60.0,304.79,13.579999999999984,75.0,96.0,0.8375082089077488,171,-21.0,17.0,-0.12,298.0,1.0
2025-01-06 07:40:14,298.0,60.0,307.74,50.0,296.0,12.0,308.93,42.0,302.87,9.740000000000007,72.0,92.0,1.2482307478937986,164,-20.0,-7.0,-0.12,298.0,
2025-01-06 07:40:15,297.9,58.0,303.82,44.0,295.65,17.0,305.02,52.0,300.86,5.920000000000016,75.0,96.0,2.114372247260893,171,-21.0,7.0,-0.12,298.0,5.0
2025-01-06 07:40:16,294.11,27.0,301.23,52.0,294.31,26.0,302.33,36.0,297.67,7.1200000000000045,53.0,88.0,3.1753582475031505,141,-35.0,-30.0,-0.25,294.4,5.0
2025-01-06 07:40:17,293.0,21.0,299.32,31.0,292.0,21.0,300.24,25.0,296.16,6.319999999999993,42.0,56.0,3.570385133285406,98,-14.0,-43.0,-0.14,294.4,
2025-01-06 07:40:18,292.3,50.0,295.5,46.0,290.5,80.0,296.74,34.0,293.9,3.1999999999999886,130.0,80.0,3.59773122953684,210,50.0,112.0,0.24,292.75,4.0
2025-01-06 07:40:19,292.0,62.0,293.0,55.0,290.0,132.0,295.36,33.0,292.5,1.0,194.0,88.0,3.273243040164277,282,106.0,72.0,0.38,292.0,3.0
2025-01-06 07:40:20,290.18,66.0,297.4,30.0,289.51,71.0,387.0,29.0,293.79,7.21999999999997,137.0,59.0,2.074037125989608,196,78.0,-86.0,0.4,292.0,4.0
2025-01-06 07:40:21,290.0,96.0,300.44,25.0,289.0,56.0,378.67,27.0,295.22,10.439999999999998,152.0,52.0,1.41112720900101,204,100.0,8.0,0.49,292.0,
2025-01-06 07:40:22,291.36,44.0,297.78,46.0,289.9,134.0,298.68,44.0,294.57,6.419999999999959,178.0,90.0,1.0145590174961647,268,88.0,64.0,0.33,292.0,
2025-01-06 07:40:23,290.0,168.0,294.28,53.0,289.0,112.0,295.55,65.0,292.14,4.279999999999973,280.0,118.0,1.3165599112773445,398,162.0,130.0,0.41,291.5,4.0
2025-01-06 07:40:24,290.0,87.0,291.14,56.0,289.0,84.0,293.0,50.0,290.57,1.1399999999999864,171.0,106.0,1.8926885639170496,277,65.0,-121.0,0.23,290.0,3.0
2025-01-06 07:40:25,289.9,77.0,291.0,75.0,288.43,77.0,317.0,57.0,290.45,1.1000000000000227,154.0,132.0,2.2192228369368303,286,22.0,9.0,0.08,289.11,9.0
2025-01-06 07:40:26,289.83,24.0,291.0,81.0,285.94,18.0,400.67,54.0,290.42,1.170000000000016,42.0,135.0,1.7947005321170613,177,-93.0,-109.0,-0.53,290.8,5.0
2025-01-06 07:40:27,289.14,35.0,290.43,14.0,287.69,32.0,400.21,42.0,289.79,1.2900000000000205,67.0,56.0,0.874088096235483,123,11.0,-54.0,0.09,289.17,6.0
2025-01-06 07:40:28,287.5,12.0,305.27,11.0,284.25,8.0,334.8,30.0,296.39,17.769999999999982,20.0,41.0,2.7371116162811586,61,-21.0,-62.0,-0.34,289.33,3.0
2025-01-06 07:40:29,284.0,8.0,319.14,28.0,283.0,8.0,382.25,28.0,301.57,35.139999999999986,16.0,56.0,5.142448832996113,72,-40.0,11.0,-0.56,289.33,
2025-01-06 07:40:30,288.91,11.0,337.0,24.0,283.5,8.0,421.04,27.0,312.95,48.089999999999975,19.0,51.0,9.532170791587134,70,-32.0,-2.0,-0.46,289.33,
2025-01-06 07:40:31,293.0,14.0,408.57,21.0,285.0,7.0,465.0,21.0,350.79,115.57,21.0,42.0,24.1703520868025,63,-21.0,-7.0,-0.33,289.33,
2025-01-06 07:40:32,293.0,20.0,405.38,24.0,285.0,10.0,654.68,31.0,349.19,112.38,30.0,55.0,26.091958914577656,85,-25.0,22.0,-0.29,289.33,
2025-01-06 07:40:34,290.39,23.0,383.82,17.0,286.09,11.0,525.83,24.0,337.11,93.43,34.0,41.0,38.020016044184345,75,-7.0,27.0,-0.09,293.0,2.0
2025-01-06 07:40:35,289.04,25.0,436.42,19.0,286.09,11.0,483.83,18.0,362.73,147.38,36.0,37.0,30.68547995388117,73,-1.0,-2.0,-0.01,293.0,
2025-01-06 07:40:38,298.0,55.0,398.69,32.0,289.0,33.0,579.4,20.0,348.34,100.69,88.0,52.0,16.872375944129484,140,36.0,6.0,0.26,293.0,
2025-01-06 07:40:39,294.23,39.0,350.0,40.0,288.83,23.0,567.0,10.0,322.12,55.76999999999998,62.0,50.0,22.34980424970287,112,12.0,-28.0,0.11,298.0,5.0
2025-01-06 07:40:41,295.0,90.0,410.7,10.0,293.0,20.0,569.57,14.0,352.85,115.7,110.0,24.0,27.161190143291535,134,86.0,-46.0,0.64,298.0,
2025-01-06 07:40:42,295.0,103.0,397.88,33.0,293.0,26.0,430.53,15.0,346.44,102.88,129.0,48.0,25.710492605160887,177,81.0,43.0,0.46,295.0,2.0
2025-01-06 07:40:43,295.0,70.0,331.9,30.0,293.0,20.0,391.3,10.0,313.45,36.89999999999998,90.0,40.0,31.29036065627922,130,50.0,-47.0,0.38,295.0,
2025-01-06 07:40:44,295.0,52.0,330.75,24.0,293.0,16.0,437.38,8.0,312.88,35.75,68.0,32.0,33.238762762774805,100,36.0,-30.0,0.36,295.0,1.0
2025-01-06 07:40:45,295.0,72.0,328.08,36.0,293.0,24.0,356.0,12.0,311.54,33.079999999999984,96.0,48.0,20.415628082427677,144,48.0,44.0,0.33,295.0,
2025-01-06 07:40:46,295.0,70.0,326.0,39.0,293.0,26.0,438.39,18.0,310.5,31.0,96.0,57.0,15.403772914451872,153,39.0,9.0,0.25,295.0,4.0
2025-01-06 07:40:47,294.67,18.0,325.56,27.0,291.85,26.0,340.35,17.0,310.11,30.889999999999983,44.0,44.0,1.453316895929758,88,0.0,-65.0,0.0,293.6,5.0
2025-01-06 07:40:48,292.0,9.0,323.78,27.0,290.0,45.0,325.0,18.0,307.89,31.779999999999973,54.0,45.0,1.8489808003313697,99,9.0,11.0,0.09,293.6,
2025-01-06 07:40:49,292.0,14.0,321.61,41.0,290.0,70.0,322.73,37.0,306.8,29.610000000000014,84.0,78.0,1.9575929096707023,162,6.0,63.0,0.04,293.6,
2025-01-06 07:40:50,293.0,10.0,317.29,24.0,292.0,10.0,318.73,26.0,305.15,24.29000000000002,20.0,50.0,2.2492332026697404,70,-30.0,-92.0,-0.43,293.6,
2025-01-06 07:40:51,294.4,10.0,312.5,26.0,291.29,14.0,313.85,26.0,303.45,18.100000000000023,24.0,52.0,2.5503529167530683,76,-28.0,6.0,-0.37,293.0,1.0
2025-01-06 07:40:52,291.04,27.0,308.52,46.0,288.87,83.0,309.9,51.0,299.78,17.47999999999996,110.0,97.0,3.1827865149879697,207,13.0,131.0,0.06,293.33,3.0
2025-01-06 07:40:53,290.84,75.0,306.5,36.0,289.38,116.0,307.87,47.0,298.67,15.660000000000023,191.0,83.0,3.468349751681316,274,108.0,67.0,0.39,293.33,
2025-01-06 07:40:54,291.47,118.0,304.36,42.0,290.23,149.0,305.36,42.0,297.91,12.889999999999986,267.0,84.0,3.15000317459941,351,183.0,77.0,0.52,293.33,
2025-01-06 07:40:55,293.07,124.0,301.75,52.0,291.87,164.0,302.81,48.0,297.41,8.680000000000007,288.0,100.0,2.4109292814151813,388,188.0,37.0,0.48,293.33,
2025-01-06 07:40:56,294.29,119.0,299.6,60.0,292.0,187.0,300.57,51.0,296.95,5.310000000000002,306.0,111.0,1.1149349756753086,417,195.0,29.0,0.47,293.33,
2025-01-06 07:40:57,295.0,41.0,296.62,52.0,292.88,91.0,346.77,43.0,295.81,1.6200000000000043,132.0,95.0,1.071354283131132,227,37.0,-180.0,0.16,295.4,10.0
2025-01-06 07:40:58,295.88,56.0,300.0,26.0,293.33,42.0,457.0,24.0,297.94,4.1200000000000045,98.0,50.0,0.8789653007845503,148,48.0,-79.0,0.32,297.0,2.0
2025-01-06 07:40:59,295.93,43.0,382.44,25.0,293.7,23.0,425.45,22.0,339.19,86.50999999999999,66.0,47.0,18.871992475623525,113,19.0,-35.0,0.17,297.0,
2025-01-06 07:41:00,296.0,50.0,414.58,12.0,295.0,10.0,652.58,19.0,355.29,118.57999999999998,60.0,31.0,28.163877218877424,91,29.0,-22.0,0.32,297.0,
2025-01-06 07:41:01,296.0,40.0,415.13,23.0,295.0,8.0,535.47,15.0,355.57,119.13,48.0,38.0,29.862086330328868,86,10.0,-5.0,0.12,297.0,
2025-01-06 07:41:02,296.52,21.0,401.76,68.0,295.0,37.0,478.7,40.0,349.14,105.24,58.0,108.0,24.12364462513957,166,-50.0,80.0,-0.3,296.0,4.0
2025-01-06 07:41:03,297.0,7.0,398.72,25.0,295.0,35.0,470.92,26.0,347.86,101.72000000000004,42.0,51.0,6.697831738707323,93,-9.0,-73.0,-0.1,296.0,
2025-01-06 07:41:04,297.0,10.0,372.93,28.0,295.0,10.0,436.12,42.0,334.96,75.93,20.0,70.0,8.36987634317464,90,-50.0,-3.0,-0.56,296.0,
2025-01-06 07:41:05,293.31,65.0,306.2,10.0,291.5,40.0,308.0,40.0,299.75,12.889999999999986,105.0,50.0,22.365422643000155,155,55.0,65.0,0.35,294.5,4.0
2025-01-06 07:41:06,293.0,198.0,303.53,57.0,291.0,119.0,304.27,37.0,298.26,10.529999999999973,317.0,94.0,25.25950672519188,411,223.0,180.0,0.54,293.0,3.0
2025-01-06 07:41:07,293.35,86.0,300.71,34.0,291.83,108.0,339.11,38.0,297.03,7.359999999999957,194.0,72.0,24.042963003756512,266,122.0,-145.0,0.46,298.2,5.0
2025-01-06 07:41:08,299.0,15.0,300.8,45.0,293.8,147.0,318.0,45.0,299.9,1.8000000000000114,162.0,90.0,16.242849195876765,252,72.0,-14.0,0.29,298.2,
2025-01-06 07:41:09,296.04,84.0,310.5,28.0,293.51,76.0,326.25,24.0,303.27,14.45999999999998,160.0,52.0,2.3437725998884336,212,108.0,-40.0,0.51,297.0,3.0
2025-01-06 07:41:10,296.0,56.0,308.33,12.0,293.0,54.0,310.0,30.0,302.17,12.329999999999984,110.0,42.0,2.6067661958810824,152,68.0,-60.0,0.45,296.0,5.0
2025-01-06 07:41:11,296.0,55.0,302.0,50.0,293.0,50.0,307.0,20.0,299.0,6.0,105.0,70.0,2.4928557920562646,175,35.0,23.0,0.2,296.0,5.0
2025-01-06 07:41:12,296.0,9.0,301.93,43.0,293.0,63.0,305.81,21.0,298.97,5.930000000000007,72.0,64.0,1.954576680508809,136,8.0,-39.0,0.06,296.0,
2025-01-06 07:41:13,296.0,8.0,299.63,19.0,293.0,56.0,301.0,30.0,297.82,3.629999999999996,64.0,49.0,2.340540535856709,113,15.0,-23.0,0.13,296.0,
2025-01-06 07:41:14,296.0,8.0,298.0,21.0,293.0,56.0,299.47,19.0,297.0,2.0,64.0,40.0,1.9648078786454373,104,24.0,-9.0,0.23,296.0,
2025-01-06 07:41:15,294.45,62.0,297.12,50.0,293.33,146.0,300.82,34.0,295.79,2.670000000000016,208.0,84.0,1.3651117170348843,292,124.0,180.0,0.42,296.0,1.0
2025-01-06 07:41:16,294.0,180.0,295.6,30.0,293.0,105.0,296.6,30.0,294.8,1.6000000000000227,285.0,60.0,1.64168510987495,345,225.0,53.0,0.65,296.0,
2025-01-06 07:41:17,294.0,86.0,295.0,20.0,293.0,70.0,360.0,12.0,294.5,1.0,156.0,32.0,1.4181748834273735,188,124.0,-157.0,0.66,294.0,4.0
2025-01-06 07:41:18,294.0,96.0,295.0,24.0,293.0,84.0,416.0,12.0,294.5,1.0,180.0,36.0,1.0791756112809596,216,144.0,28.0,0.67,294.0,
2025-01-06 07:41:19,294.0,82.0,399.67,18.0,293.0,91.0,452.61,36.0,346.83,105.67000000000002,173.0,54.0,23.230958439117224,227,119.0,11.0,0.52,294.0,2.0
2025-01-06 07:41:22,293.24,17.0,403.0,9.0,290.05,65.0,469.0,45.0,348.12,109.76,82.0,54.0,38.5862835733118,136,28.0,-21.0,0.21,293.0,4.0
2025-01-06 07:41:23,294.4,20.0,403.0,5.0,293.0,5.0,469.0,25.0,348.7,108.60000000000002,25.0,30.0,22.285912141979782,55,-5.0,-81.0,-0.09,293.0,
2025-01-06 07:41:25,295.75,8.0,398.67,15.0,292.2,10.0,481.83,12.0,347.21,102.92000000000002,18.0,27.0,15.723376863766845,45,-9.0,-48.0,-0.2,293.0,
2025-01-06 07:41:26,293.0,6.0,397.0,12.0,291.0,12.0,401.0,6.0,345.0,104.0,18.0,18.0,11.82897290554138,36,0.0,-9.0,0.0,293.0,
2025-01-06 07:41:27,290.42,64.0,304.68,47.0,290.14,21.0,304.29,56.0,297.55,14.259999999999993,85.0,103.0,27.61142390388484,188,-18.0,152.0,-0.1,291.8,5.0
2025-01-06 07:41:28,290.07,67.0,294.7,43.0,289.58,48.0,295.86,42.0,292.39,4.629999999999996,115.0,85.0,34.91510890717677,200,30.0,12.0,0.15,291.83,6.0
2025-01-06 07:41:29,289.79,28.0,293.0,26.0,288.38,16.0,294.0,39.0,291.39,3.2099999999999795,44.0,65.0,28.76718825328609,109,-21.0,-91.0,-0.19,289.67,3.0
2025-01-06 07:41:30,289.0,11.0,291.45,22.0,286.0,88.0,294.0,33.0,290.23,2.4499999999999886,99.0,55.0,23.471540639676608,154,44.0,45.0,0.29,289.67,
2025-01-06 07:41:31,286.13,76.0,292.64,39.0,285.5,64.0,394.67,54.0,289.39,6.509999999999991,140.0,93.0,3.205120902552671,233,47.0,79.0,0.2,287.5,2.0
2025-01-06 07:41:32,285.0,104.0,288.47,47.0,283.0,104.0,355.72,39.0,286.73,3.4700000000000277,208.0,86.0,2.165566900369936,294,122.0,61.0,0.41,287.5,
2025-01-06 07:41:36,283.91,66.0,293.74,61.0,281.19,125.0,573.47,34.0,288.82,9.829999999999984,191.0,95.0,1.3236804750295417,286,96.0,47.0,0.34,287.0,5.0
2025-01-06 07:41:37,289.0,18.0,409.37,35.0,279.89,57.0,444.64,25.0,349.19,120.37,75.0,60.0,28.04571321967028,135,15.0,-151.0,0.11,287.0,
2025-01-06 07:41:38,289.0,14.0,403.54,26.0,287.0,14.0,445.22,18.0,346.27,114.54000000000002,28.0,44.0,33.37569999265934,72,-16.0,-63.0,-0.22,287.0,
2025-01-06 07:41:39,289.0,30.0,403.91,46.0,278.94,134.0,644.88,50.0,346.46,114.91000000000004,164.0,96.0,32.83369960878629,260,68.0,180.0,0.26,287.0,
2025-01-06 07:41:41,289.0,28.0,401.26,46.0,278.0,204.0,508.64,44.0,345.13,112.26,232.0,90.0,13.906880671093838,322,142.0,180.0,0.44,287.0,
2025-01-06 07:41:42,290.91,65.0,364.86,42.0,289.37,60.0,405.96,46.0,327.88,73.94999999999999,125.0,88.0,18.006796772331246,213,37.0,-109.0,0.17,290.0,2.0
2025-01-06 07:41:43,292.0,16.0,307.38,16.0,291.0,72.0,340.0,24.0,299.69,15.379999999999995,88.0,40.0,28.53780072114928,128,48.0,-85.0,0.38,290.0,
2025-01-06 07:41:44,291.04,97.0,306.0,22.0,290.0,36.0,401.07,41.0,298.52,14.95999999999998,133.0,63.0,33.227391561782554,196,70.0,68.0,0.36,291.67,3.0
2025-01-06 07:41:45,291.0,105.0,304.43,14.0,289.0,14.0,395.91,22.0,297.71,13.430000000000009,119.0,36.0,21.629106084163585,155,83.0,-41.0,0.54,291.67,
2025-01-06 07:41:46,291.0,172.0,301.5,24.0,289.0,24.0,303.0,24.0,296.25,10.5,196.0,48.0,13.40230390641819,244,148.0,89.0,0.61,291.0,1.0
2025-01-06 07:41:47,291.21,113.0,299.37,38.0,290.8,128.0,300.49,35.0,295.29,8.160000000000025,241.0,73.0,1.7554828395589095,314,168.0,70.0,0.54,291.4,5.0
2025-01-06 07:41:48,291.0,121.0,297.27,22.0,287.91,22.0,298.36,25.0,294.14,6.269999999999982,143.0,47.0,1.7727859430807733,190,96.0,-124.0,0.51,291.4,
2025-01-06 07:41:49,291.0,103.0,295.69,26.0,286.74,46.0,297.08,26.0,293.35,4.689999999999998,149.0,52.0,1.7209938988804632,201,97.0,11.0,0.48,291.4,
2025-01-06 07:41:50,291.0,77.0,294.28,29.0,287.0,44.0,295.36,22.0,292.64,3.2799999999999727,121.0,51.0,1.454348651452896,172,70.0,-29.0,0.41,291.4,
2025-01-06 07:41:51,291.0,76.0,292.46,26.0,287.0,56.0,312.65,43.0,291.73,1.4599999999999795,132.0,69.0,1.367863297256692,201,63.0,29.0,0.31,291.17,6.0
2025-01-06 07:41:52,295.5,70.0,382.67,36.0,287.47,17.0,446.86,56.0,339.08,87.17000000000002,87.0,92.0,20.64239738983799,179,-5.0,-22.0,-0.03,291.5,2.0
2025-01-06 07:41:53,294.91,23.0,360.47,34.0,288.5,12.0,410.55,29.0,327.69,65.56,35.0,63.0,22.72056051245209,98,-28.0,-81.0,-0.29,291.5,
2025-01-06 07:41:54,291.0,5.0,331.6,25.0,288.0,10.0,502.0,20.0,311.3,40.60000000000002,15.0,45.0,21.002882421229742,60,-30.0,-38.0,-0.5,291.5,
2025-01-06 07:41:55,291.97,38.0,295.0,45.0,290.4,10.0,502.0,36.0,293.49,3.0299999999999727,48.0,81.0,20.804570891993936,129,-33.0,69.0,-0.26,292.0,3.0
2025-01-06 07:41:57,300.0,24.0,301.31,13.0,298.0,40.0,325.2,40.0,300.65,1.3100000000000025,64.0,53.0,41.93722236867884,117,11.0,14.0,0.09,300.0,1.0
2025-01-06 07:41:58,300.0,5.0,301.8,10.0,298.0,12.0,336.71,17.0,300.9,1.8000000000000114,17.0,27.0,43.37513146954152,44,-10.0,-73.0,-0.23,300.0,1.0
2025-01-06 07:41:59,300.0,7.0,308.88,25.0,298.0,28.0,448.57,23.0,304.44,8.879999999999995,35.0,48.0,43.85555574838848,83,-13.0,39.0,-0.16,300.0,
2025-01-06 07:42:00,298.32,25.0,371.38,29.0,295.34,142.0,444.48,42.0,334.85,73.06,167.0,71.0,41.588213835172326,238,96.0,155.0,0.4,299.0,2.0
2025-01-06 07:42:01,298.0,36.0,350.0,48.0,295.0,216.0,387.64,44.0,324.0,52.0,252.0,92.0,15.577415382533868,344,160.0,106.0,0.47,299.0,
2025-01-06 07:42:03,298.0,14.0,375.53,19.0,295.0,126.0,505.12,17.0,336.76,77.52999999999997,140.0,36.0,27.74749141814498,176,104.0,-115.0,0.59,299.0,
2025-01-06 07:42:04,298.0,14.0,360.57,28.0,295.0,126.0,442.0,7.0,329.29,62.56999999999999,140.0,35.0,22.385728266018837,175,105.0,-1.0,0.6,297.0,3.0
2025-01-06 07:42:05,295.0,213.0,358.39,57.0,291.98,98.0,381.04,25.0,326.69,63.38999999999999,311.0,82.0,23.226378753478404,393,229.0,180.0,0.58,295.0,5.0
2025-01-06 07:42:06,295.0,156.0,364.0,52.0,292.0,104.0,389.0,71.0,329.5,69.0,260.0,123.0,22.434274447818325,383,137.0,-10.0,0.36,295.0,
2025-01-06 07:42:07,295.0,144.0,361.86,49.0,293.64,132.0,387.31,59.0,328.43,66.86000000000001,276.0,108.0,3.865970770715186,384,168.0,1.0,0.44,295.0,
2025-01-06 07:42:08,296.12,67.0,381.05,44.0,294.5,120.0,515.15,34.0,338.58,84.93,187.0,78.0,4.651652394582439,265,109.0,-119.0,0.41,298.0,5.0
2025-01-06 07:42:10,295.0,54.0,349.67,27.0,294.0,108.0,504.7,30.0,322.33,54.670000000000016,162.0,57.0,31.720033575014345,219,105.0,-33.0,0.48,295.0,4.0
2025-01-06 07:42:11,295.98,52.0,328.1,30.0,294.43,21.0,383.56,32.0,312.04,32.120000000000005,73.0,62.0,34.50670558022068,135,11.0,-84.0,0.08,295.38,8.0
2025-01-06 07:42:12,296.0,24.0,326.33,18.0,295.0,6.0,439.0,18.0,311.17,30.329999999999984,30.0,36.0,36.76355083503265,66,-6.0,-69.0,-0.09,295.38,
2025-01-06 07:42:13,295.95,21.0,325.0,6.0,294.29,17.0,326.0,18.0,310.48,29.05000000000001,38.0,24.0,38.51279358862486,62,14.0,-4.0,0.23,295.38,
2025-01-06 07:42:14,295.0,9.0,323.27,11.0,294.0,108.0,325.88,25.0,309.14,28.269999999999985,117.0,36.0,5.304815736668474,153,81.0,91.0,0.53,295.38,
2025-01-06 07:42:15,294.0,112.0,321.79,42.0,292.0,182.0,323.0,14.0,307.89,27.79000000000002,294.0,56.0,1.646884938300954,350,238.0,180.0,0.68,294.2,5.0
2025-01-06 07:42:16,294.0,112.0,317.32,31.0,292.0,182.0,318.62,53.0,305.66,23.319999999999997,294.0,84.0,2.1920013686129485,378,210.0,28.0,0.56,294.2,
2025-01-06 07:42:17,294.0,111.0,312.29,48.0,292.0,156.0,313.78,18.0,303.15,18.29000000000002,267.0,66.0,2.904811525727493,333,201.0,-45.0,0.6,294.2,
2025-01-06 07:42:18,294.01,146.0,310.02,47.0,292.22,169.0,311.38,45.0,302.02,16.00999999999999,315.0,92.0,3.0246603115056474,407,223.0,74.0,0.55,294.5,4.0
2025-01-06 07:42:19,294.0,114.0,303.34,56.0,293.0,42.0,303.94,33.0,298.67,9.339999999999977,156.0,89.0,3.5205496729907213,245,67.0,-162.0,0.27,294.0,1.0
2025-01-06 07:42:20,294.0,87.0,297.91,34.0,293.0,36.0,298.25,52.0,295.96,3.910000000000025,123.0,86.0,3.813354166608767,209,37.0,-36.0,0.18,294.0,1.0
2025-01-06 07:42:21,294.88,57.0,296.0,9.0,293.84,61.0,297.07,43.0,295.44,1.1200000000000043,118.0,52.0,3.47690523310458,170,66.0,-39.0,0.39,295.0,7.0
2025-01-06 07:42:22,293.76,59.0,385.16,49.0,292.22,65.0,503.32,41.0,339.46,91.40000000000003,124.0,90.0,18.71480430033928,214,34.0,44.0,0.16,294.6,5.0
2025-01-06 07:42:23,293.89,36.0,431.52,29.0,292.56,25.0,432.26,47.0,362.7,137.63,61.0,76.0,30.92729829778236,137,-15.0,-77.0,-0.11,294.6,
2025-01-06 07:42:24,293.95,74.0,427.61,59.0,292.82,34.0,429.09,53.0,360.78,133.66000000000005,108.0,112.0,33.37490853920091,220,-4.0,83.0,-0.02,294.6,
2025-01-06 07:42:25,294.92,60.0,381.92,26.0,293.0,24.0,408.4,50.0,338.42,87.0,84.0,76.0,27.080583450140708,160,8.0,-60.0,0.05,294.6,
2025-01-06 07:42:26,295.67,9.0,328.33,24.0,293.0,18.0,329.69,29.0,312.0,32.65999999999997,27.0,53.0,20.60454124701733,80,-26.0,-80.0,-0.33,295.0,4.0
2025-01-06 07:42:27,296.5,10.0,325.0,34.0,293.0,29.0,325.75,32.0,310.75,28.5,39.0,66.0,25.20928797090533,105,-27.0,25.0,-0.26,295.0,
2025-01-06 07:42:28,293.1,41.0,318.68,38.0,292.54,35.0,323.62,53.0,305.89,25.579999999999984,76.0,91.0,23.430462436751423,167,-15.0,62.0,-0.09,294.0,4.0
2025-01-06 07:42:29,292.0,32.0,304.08,24.0,291.0,8.0,318.05,37.0,298.04,12.079999999999984,40.0,61.0,15.219975361346847,101,-21.0,-66.0,-0.21,294.0,
2025-01-06 07:42:30,292.0,32.0,315.75,16.0,291.0,8.0,318.0,40.0,303.88,23.75,40.0,56.0,5.620673447194436,96,-16.0,-5.0,-0.17,294.0,
2025-01-06 07:42:31,295.06,64.0,315.43,77.0,291.76,37.0,323.97,74.0,305.25,20.370000000000005,101.0,151.0,4.56426007146777,252,-50.0,156.0,-0.2,294.0,
2025-01-06 07:42:32,299.0,56.0,311.73,75.0,292.0,70.0,313.13,75.0,305.37,12.730000000000018,126.0,150.0,3.242472821781819,276,-24.0,24.0,-0.09,299.0,2.0
2025-01-06 07:42:33,299.0,22.0,309.55,55.0,292.0,44.0,311.18,55.0,304.27,10.550000000000011,66.0,110.0,3.041918802334044,176,-44.0,-100.0,-0.25,299.0,
2025-01-06 07:42:34,293.47,38.0,306.93,70.0,291.12,131.0,307.93,70.0,300.2,13.45999999999998,169.0,140.0,2.106805638874635,309,29.0,133.0,0.09,295.2,5.0
2025-01-06 07:42:35,291.62,63.0,305.31,80.0,290.91,129.0,307.0,80.0,298.47,13.689999999999998,192.0,160.0,3.171690401031048,352,32.0,43.0,0.09,291.75,4.0
2025-01-06 07:42:36,291.0,48.0,303.57,35.0,290.0,28.0,307.0,35.0,297.29,12.569999999999991,76.0,70.0,3.5539696115738533,146,6.0,-180.0,0.04,291.0,2.0
2025-01-06 07:42:37,291.36,53.0,300.07,70.0,290.39,76.0,301.07,70.0,295.71,8.70999999999998,129.0,140.0,3.2812070949557564,269,-11.0,123.0,-0.04,291.5,4.0
2025-01-06 07:42:38,290.0,36.0,296.89,45.0,289.0,54.0,298.22,45.0,293.44,6.889999999999986,90.0,90.0,2.589414991843756,180,0.0,-89.0,0.0,291.5,
2025-01-06 07:42:39,289.2,60.0,293.36,55.0,288.43,42.0,295.0,55.0,291.28,4.160000000000025,102.0,110.0,2.905937026155754,212,-8.0,32.0,-0.04,290.0,4.0
2025-01-06 07:42:40,288.86,43.0,290.29,70.0,287.75,48.0,292.43,70.0,289.57,1.4300000000000068,91.0,140.0,3.1470732435043054,231,-49.0,19.0,-0.21,289.0,6.0
2025-01-06 07:42:41,278.86,14.0,288.71,35.0,212.0,50.0,308.68,40.0,283.79,9.849999999999966,64.0,75.0,4.526374929231701,139,-11.0,-92.0,-0.08,288.0,3.0
2025-01-06 07:42:47,289.2,51.0,299.36,33.0,272.56,27.0,322.5,32.0,294.28,10.160000000000023,78.0,65.0,27.56717758494583,143,13.0,80.0,0.09,288.0,
2025-01-06 07:42:48,292.67,60.0,298.25,36.0,290.0,12.0,428.87,23.0,295.46,5.579999999999984,72.0,59.0,31.355150773037984,131,13.0,-12.0,0.1,288.0,
2025-01-06 07:42:49,293.0,52.0,296.78,27.0,287.07,41.0,362.82,22.0,294.89,3.7799999999999727,93.0,49.0,31.61939942503588,142,44.0,11.0,0.31,293.0,1.0
2025-01-06 07:42:50,293.0,35.0,295.43,21.0,287.0,35.0,296.43,21.0,294.21,2.430000000000007,70.0,42.0,16.863115667040283,112,28.0,-30.0,0.25,293.0,
2025-01-06 07:42:51,293.0,22.0,294.0,28.0,287.0,60.0,386.96,56.0,293.5,1.0,82.0,84.0,0.7418018603307007,166,-2.0,54.0,-0.01,293.25,4.0
2025-01-06 07:42:52,292.14,7.0,293.8,15.0,287.3,27.0,384.81,26.0,292.97,1.660000000000025,34.0,41.0,1.0082807148754112,75,-7.0,-91.0,-0.09,293.0,1.0
2025-01-06 07:42:53,288.12,24.0,293.0,33.0,285.86,37.0,294.0,22.0,290.56,4.879999999999996,61.0,55.0,1.6572054791087862,116,6.0,41.0,0.05,290.0,3.0
2025-01-06 07:42:54,284.82,39.0,290.88,32.0,253.9,58.0,291.67,33.0,287.85,6.060000000000002,97.0,65.0,2.607943634357519,162,32.0,46.0,0.2,285.0,6.0
2025-01-06 07:42:55,288.61,46.0,290.83,35.0,268.64,28.0,498.82,33.0,289.72,2.2199999999999704,74.0,68.0,2.33738101301104,142,6.0,-20.0,0.04,288.33,6.0
2025-01-06 07:42:56,290.0,77.0,291.0,14.0,278.29,14.0,387.22,9.0,290.5,1.0,91.0,23.0,1.8421047744315744,114,68.0,-28.0,0.6,288.33,
2025-01-06 07:42:57,294.7,46.0,393.27,15.0,289.38,78.0,495.32,22.0,343.98,98.57,124.0,37.0,24.318421412583504,161,87.0,47.0,0.54,291.0,2.0
2025-01-06 07:42:58,291.2,30.0,400.0,3.0,254.57,21.0,507.0,15.0,345.6,108.8,51.0,18.0,30.38275333145464,69,33.0,-92.0,0.48,299.0,4.0
2025-01-06 07:42:59,290.0,78.0,352.0,6.0,236.89,18.0,473.05,22.0,321.0,62.0,96.0,28.0,27.39343351973296,124,68.0,55.0,0.55,299.0,
2025-01-06 07:43:00,290.0,78.0,411.14,14.0,280.0,6.0,592.74,19.0,350.57,121.14,84.0,33.0,25.013150541266278,117,51.0,-7.0,0.44,299.0,
2025-01-06 07:43:01,290.0,169.0,394.42,48.0,251.82,57.0,430.67,43.0,342.21,104.42000000000002,226.0,91.0,11.429692471806298,317,135.0,180.0,0.43,299.0,
2025-01-06 07:43:02,290.17,70.0,393.16,32.0,285.22,69.0,414.1,29.0,341.66,102.99,139.0,61.0,11.308274404172584,200,78.0,-117.0,0.39,290.8,5.0
2025-01-06 07:43:03,290.0,63.0,362.64,25.0,279.0,35.0,379.0,24.0,326.32,72.63999999999999,98.0,49.0,12.257319038030246,147,49.0,-53.0,0.33,290.8,
2025-01-06 07:43:04,290.0,117.0,360.54,39.0,269.39,51.0,439.0,48.0,325.27,70.54000000000002,168.0,87.0,11.005086551229851,255,81.0,108.0,0.32,290.8,
2025-01-06 07:43:05,291.0,18.0,349.38,24.0,290.0,54.0,498.76,21.0,320.19,58.38,72.0,45.0,10.134182256109764,117,27.0,-138.0,0.23,290.8,
2025-01-06 07:43:06,292.62,37.0,341.46,41.0,290.31,58.0,355.31,64.0,317.04,48.839999999999975,95.0,105.0,9.485021349477368,200,-10.0,83.0,-0.05,290.8,
2025-01-06 07:43:07,294.0,20.0,338.45,31.0,293.0,30.0,342.17,47.0,316.23,44.44999999999999,50.0,78.0,4.6266996876858615,128,-28.0,-72.0,-0.22,290.8,
2025-01-06 07:43:08,291.54,13.0,334.86,35.0,286.54,41.0,336.14,28.0,313.2,43.31999999999999,54.0,63.0,4.582535324471385,117,-9.0,-11.0,-0.08,292.12,8.0
2025-01-06 07:43:09,294.0,7.0,331.62,29.0,288.0,7.0,334.5,26.0,312.81,37.620000000000005,14.0,55.0,3.026983647135212,69,-41.0,-48.0,-0.59,292.12,
2025-01-06 07:43:10,294.0,10.0,332.71,35.0,288.0,10.0,334.17,35.0,313.36,38.70999999999998,20.0,70.0,1.9548836282555693,90,-50.0,21.0,-0.56,292.12,
2025-01-06 07:43:11,291.69,13.0,319.42,31.0,287.19,43.0,324.56,36.0,305.56,27.730000000000015,56.0,67.0,3.9699836271725175,123,-11.0,33.0,-0.09,294.0,1.0
2025-01-06 07:43:12,288.0,6.0,299.0,12.0,287.0,42.0,301.0,18.0,293.5,11.0,48.0,30.0,8.58219552329183,78,18.0,-45.0,0.23,294.0,
2025-01-06 07:43:13,283.26,27.0,289.08,36.0,264.53,57.0,291.26,38.0,286.17,5.819999999999993,84.0,74.0,12.052242529919548,158,10.0,80.0,0.06,287.12,8.0
2025-01-06 07:43:24,299.0,27.0,406.14,42.0,291.22,36.0,488.96,28.0,352.57,107.14,63.0,70.0,48.23634656563482,133,-7.0,42.0,-0.05,287.12,
2025-01-06 07:43:25,299.0,29.0,352.77,52.0,296.32,59.0,489.53,45.0,325.88,53.76999999999998,88.0,97.0,41.46158523259865,185,-9.0,52.0,-0.05,299.0,1.0
2025-01-06 07:43:26,297.25,32.0,350.0,24.0,294.82,22.0,473.0,30.0,323.62,52.75,54.0,54.0,31.04717458964753,108,0.0,-77.0,0.0,299.0,2.0
2025-01-06 07:43:27,297.0,63.0,348.38,40.0,291.0,18.0,424.61,41.0,322.69,51.38,81.0,81.0,30.81446300035189,162,0.0,54.0,0.0,299.0,
2025-01-06 07:43:28,297.0,63.0,344.06,36.0,291.0,18.0,345.25,36.0,320.53,47.06,81.0,72.0,13.283108446445604,153,9.0,-9.0,0.06,299.0,
2025-01-06 07:43:29,297.0,63.0,308.27,37.0,291.0,18.0,338.44,45.0,302.64,11.269999999999982,81.0,82.0,9.38428846530307,163,-1.0,10.0,-0.01,299.0,
2025-01-06 07:43:30,297.0,56.0,305.39,33.0,291.0,16.0,310.72,39.0,301.2,8.389999999999986,72.0,72.0,11.219386346855767,144,0.0,-19.0,0.0,299.0,
2025-01-06 07:43:31,297.0,34.0,303.73,59.0,291.0,24.0,305.1,49.0,300.36,6.730000000000018,58.0,108.0,11.125701326208931,166,-50.0,22.0,-0.3,297.0,5.0
2025-01-06 07:43:40,292.92,12.0,364.0,15.0,291.55,11.0,774.0,20.0,328.46,71.07999999999998,23.0,35.0,50.66071278614239,58,-12.0,-96.0,-0.21,293.67,3.0
2025-01-06 07:43:41,293.0,24.0,336.68,28.0,291.0,24.0,539.62,40.0,314.84,43.68000000000001,48.0,68.0,43.4296433326366,116,-20.0,58.0,-0.17,293.67,
2025-01-06 07:43:42,294.92,50.0,317.55,31.0,293.46,26.0,510.13,30.0,306.23,22.629999999999995,76.0,61.0,42.18707539045613,137,15.0,21.0,0.11,293.67,
2025-01-06 07:43:43,295.0,40.0,314.8,25.0,294.0,20.0,315.2,25.0,304.9,19.80000000000001,60.0,50.0,34.71426623162355,110,10.0,-27.0,0.09,293.67,
2025-01-06 07:43:44,295.0,30.0,313.08,12.0,294.0,42.0,315.0,48.0,304.04,18.079999999999984,72.0,60.0,10.314959040152072,132,12.0,22.0,0.09,295.0,3.0
2025-01-06 07:43:45,294.33,18.0,300.57,14.0,293.4,30.0,314.8,30.0,297.45,6.240000000000009,48.0,44.0,6.226200285889194,92,4.0,-40.0,0.04,295.0,1.0
2025-01-06 07:43:46,294.0,37.0,313.93,56.0,291.0,28.0,372.88,68.0,303.96,19.930000000000007,65.0,124.0,3.404016744965243,189,-59.0,97.0,-0.31,295.0,
2025-01-06 07:43:47,294.0,33.0,313.0,44.0,291.0,22.0,414.42,38.0,303.5,19.0,55.0,82.0,3.016670349906154,137,-27.0,-52.0,-0.2,295.0,
2025-01-06 07:43:48,294.0,27.0,387.54,35.0,291.0,18.0,493.25,28.0,340.77,93.54000000000002,45.0,63.0,17.453745443314258,108,-18.0,-29.0,-0.17,295.0,
2025-01-06 07:43:49,294.0,36.0,409.23,40.0,291.0,24.0,560.77,22.0,351.61,115.23000000000002,60.0,62.0,24.835208273739685,122,-2.0,14.0,-0.02,295.0,
2025-01-06 07:43:50,294.0,26.0,399.56,32.0,291.0,24.0,406.7,20.0,346.78,105.56,50.0,52.0,23.678049539606143,102,-2.0,-20.0,-0.02,294.0,1.0
2025-01-06 07:43:51,294.66,53.0,355.23,56.0,292.07,28.0,377.44,54.0,324.95,60.56999999999999,81.0,110.0,19.559418958651328,191,-29.0,89.0,-0.15,294.0,
2025-01-06 07:43:52,295.0,70.0,358.3,27.0,294.0,20.0,390.59,29.0,326.65,63.30000000000001,90.0,56.0,11.926890625810916,146,34.0,-45.0,0.23,294.0,
2025-01-06 07:43:53,295.83,82.0,347.0,12.0,292.8,40.0,348.0,36.0,321.41,51.170000000000016,122.0,48.0,13.85172913394028,170,74.0,24.0,0.44,296.0,1.0
2025-01-06 07:43:54,296.92,78.0,344.05,60.0,294.0,52.0,346.05,21.0,320.49,47.13,130.0,81.0,10.76598718186306,211,49.0,41.0,0.23,296.0,
2025-01-06 07:43:55,297.0,92.0,342.53,19.0,294.0,52.0,343.94,53.0,319.76,45.52999999999997,144.0,72.0,2.9935463918288217,216,72.0,5.0,0.33,297.0,6.0
2025-01-06 07:43:56,298.53,68.0,328.16,45.0,296.29,68.0,325.46,41.0,313.34,29.63000000000005,136.0,86.0,4.751825964829492,222,50.0,6.0,0.23,297.0,
2025-01-06 07:43:57,297.0,64.0,304.71,38.0,294.0,64.0,306.25,36.0,300.86,7.7099999999999795,128.0,74.0,8.608616032790602,202,54.0,-20.0,0.27,297.0,
2025-01-06 07:43:58,297.14,44.0,302.08,36.0,294.25,48.0,303.5,30.0,299.61,4.939999999999998,92.0,66.0,10.05793567289093,158,26.0,-44.0,0.16,298.5,4.0
2025-01-06 07:43:59,296.6,30.0,299.96,27.0,293.68,62.0,301.64,39.0,298.28,3.359999999999957,92.0,66.0,9.609614976678534,158,26.0,0.0,0.16,295.5,4.0
2025-01-06 07:44:00,294.0,88.0,296.58,36.0,292.0,72.0,298.08,36.0,295.29,2.579999999999984,160.0,72.0,6.947965889380572,232,88.0,74.0,0.38,294.0,1.0
2025-01-06 07:44:01,293.66,41.0,295.0,17.0,291.95,74.0,296.27,33.0,294.33,1.339999999999975,115.0,50.0,2.7897903146992267,165,65.0,-67.0,0.39,294.22,9.0
2025-01-06 07:44:02,292.0,63.0,295.0,9.0,291.0,36.0,297.0,27.0,293.5,3.0,99.0,36.0,2.625332359909322,135,63.0,-30.0,0.47,294.22,
2025-01-06 07:44:03,292.0,77.0,294.07,14.0,291.0,44.0,397.52,25.0,293.04,2.069999999999993,121.0,39.0,2.080882024523423,160,82.0,25.0,0.51,294.22,
2025-01-06 07:44:04,292.0,57.0,293.0,36.0,291.0,36.0,297.56,27.0,292.5,1.0,93.0,63.0,1.0994862436532364,156,30.0,-4.0,0.19,292.0,1.0
2025-01-06 07:44:05,291.34,38.0,295.65,43.0,289.29,84.0,302.26,38.0,293.5,4.310000000000002,122.0,81.0,0.6747443960360492,203,41.0,47.0,0.2,291.86,7.0
2025-01-06 07:44:06,289.91,66.0,293.29,34.0,288.76,98.0,321.12,32.0,291.6,3.3799999999999955,164.0,66.0,0.800574793495935,230,98.0,27.0,0.43,292.6,5.0
2025-01-06 07:44:07,289.0,72.0,293.5,8.0,286.0,16.0,382.0,32.0,291.25,4.5,88.0,40.0,0.9473225427383573,128,48.0,-102.0,0.38,289.0,4.0
2025-01-06 07:44:08,289.18,67.0,368.57,44.0,286.75,40.0,395.17,41.0,328.87,79.38999999999999,107.0,85.0,16.416909879754865,192,22.0,64.0,0.11,290.17,6.0
2025-01-06 07:44:09,288.4,20.0,370.2,40.0,280.89,18.0,464.9,30.0,329.3,81.80000000000001,38.0,70.0,20.26705035272784,108,-32.0,-84.0,-0.3,289.0,2.0
2025-01-06 07:44:20,293.23,39.0,373.82,33.0,292.0,55.0,450.67,45.0,333.52,80.58999999999997,94.0,78.0,22.927093797514573,172,16.0,-21.0,0.09,296.0,2.0
2025-01-06 07:44:22,297.38,72.0,374.88,24.0,295.0,16.0,550.24,25.0,336.12,77.5,88.0,49.0,16.094098918549886,137,39.0,15.0,0.28,296.0,
2025-01-06 07:44:23,298.0,90.0,338.2,30.0,295.6,20.0,369.2,30.0,318.1,40.19999999999999,110.0,60.0,18.709464984335177,170,50.0,33.0,0.29,296.0,
2025-01-06 07:44:24,298.0,63.0,322.0,21.0,297.0,14.0,436.0,24.0,310.0,24.0,77.0,45.0,22.72101054090807,122,32.0,-48.0,0.26,296.0,
2025-01-06 07:44:25,298.12,102.0,417.62,39.0,294.04,51.0,542.62,48.0,357.87,119.5,153.0,87.0,25.23154216452225,240,66.0,118.0,0.28,298.0,3.0
2025-01-06 07:44:26,299.0,54.0,393.08,26.0,298.0,9.0,424.71,28.0,346.04,94.07999999999998,63.0,54.0,19.66814378633774,117,9.0,-123.0,0.08,298.0,
2025-01-06 07:44:27,299.0,66.0,389.9,31.0,298.0,11.0,418.62,26.0,344.45,90.89999999999998,77.0,57.0,20.275629953223618,134,20.0,17.0,0.15,298.0,
2025-01-06 07:44:28,299.0,48.0,407.53,17.0,298.0,8.0,410.47,17.0,353.26,108.52999999999996,56.0,34.0,18.870901674272783,90,22.0,-44.0,0.24,298.0,
2025-01-06 07:44:29,299.0,59.0,317.64,28.0,298.0,10.0,406.57,14.0,308.32,18.639999999999983,69.0,42.0,19.59151780746124,111,27.0,21.0,0.24,299.0,1.0
2025-01-06 07:44:30,299.0,34.0,300.0,30.0,298.0,10.0,457.91,44.0,299.5,1.0,44.0,74.0,24.530038320395047,118,-30.0,7.0,-0.25,299.0,2.0
2025-01-06 07:44:31,299.38,26.0,358.59,37.0,298.68,22.0,461.14,42.0,328.99,59.20999999999998,48.0,79.0,22.93031029009514,127,-31.0,9.0,-0.24,299.0,
2025-01-06 07:44:32,301.0,6.0,338.0,30.0,299.0,18.0,462.0,12.0,319.5,37.0,24.0,42.0,20.77049060566538,66,-18.0,-61.0,-0.27,299.0,
2025-01-06 07:44:33,301.0,8.0,411.19,37.0,299.0,24.0,471.0,16.0,356.09,110.19,32.0,53.0,21.848790584378676,85,-21.0,19.0,-0.25,299.0,
2025-01-06 07:44:35,299.07,29.0,364.33,75.0,298.18,17.0,378.2,75.0,331.7,65.25999999999999,46.0,150.0,24.95259766036539,196,-104.0,82.0,-0.53,300.0,2.0
2025-01-06 07:44:36,299.0,20.0,347.0,50.0,298.0,10.0,507.86,35.0,323.0,48.0,30.0,85.0,25.944822604906555,115,-55.0,-81.0,-0.48,300.0,
2025-01-06 07:44:37,299.0,12.0,347.0,30.0,298.0,6.0,463.5,30.0,323.0,48.0,18.0,60.0,25.2142285228018,78,-42.0,-37.0,-0.54,300.0,
2025-01-06 07:44:38,296.14,51.0,345.5,62.0,295.03,233.0,369.57,70.0,320.82,49.360000000000014,284.0,132.0,25.553259674649325,416,152.0,180.0,0.37,298.0,4.0
2025-01-06 07:44:39,296.07,15.0,344.0,32.0,295.03,137.0,346.0,40.0,320.03,47.93000000000001,152.0,72.0,4.656790740417365,224,80.0,-180.0,0.36,296.33,3.0
2025-01-06 07:44:40,295.05,113.0,341.27,49.0,293.95,120.0,343.37,41.0,318.16,46.21999999999997,233.0,90.0,2.063908912726492,323,143.0,99.0,0.44,295.29,7.0
2025-01-06 07:44:41,295.0,167.0,331.49,59.0,293.0,117.0,339.57,46.0,313.25,36.49000000000001,284.0,105.0,3.6785826074764607,389,179.0,66.0,0.46,295.0,5.0
2025-01-06 07:44:42,295.0,77.0,321.92,65.0,292.99,104.0,343.0,52.0,308.46,26.920000000000016,181.0,117.0,5.20695016300551,298,64.0,-91.0,0.21,295.0,5.0
2025-01-06 07:44:43,295.23,26.0,320.45,55.0,293.55,44.0,342.78,46.0,307.84,25.21999999999997,70.0,101.0,5.51916388595397,171,-31.0,-127.0,-0.18,295.5,4.0
2025-01-06 07:44:44,295.0,22.0,318.1,49.0,293.0,77.0,329.13,53.0,306.55,23.100000000000023,99.0,102.0,4.807761433350632,201,-3.0,30.0,-0.01,295.5,
2025-01-06 07:44:45,293.09,46.0,315.49,41.0,292.44,16.0,318.76,49.0,304.29,22.400000000000038,62.0,90.0,3.3028729918070865,152,-28.0,-49.0,-0.18,293.8,5.0
2025-01-06 07:44:46,294.82,44.0,304.38,65.0,294.2,64.0,306.51,72.0,299.6,9.560000000000002,108.0,137.0,3.588115104062822,245,-29.0,93.0,-0.12,293.8,
2025-01-06 07:44:47,295.43,42.0,300.18,39.0,294.91,141.0,300.92,48.0,297.8,4.75,183.0,87.0,4.360588263067251,270,96.0,25.0,0.36,295.4,5.0
2025-01-06 07:44:48,295.0,132.0,298.91,22.0,293.0,33.0,300.0,44.0,296.95,3.910000000000025,165.0,66.0,4.189924820327447,231,99.0,-39.0,0.43,295.4,
2025-01-06 07:44:49,295.0,132.0,296.29,45.0,293.0,36.0,307.15,52.0,295.64,1.2900000000000205,168.0,97.0,3.3605252565621235,265,71.0,34.0,0.27,295.0,7.0
2025-01-06 07:44:50,294.7,40.0,316.0,48.0,292.88,34.0,428.85,55.0,305.35,21.30000000000001,74.0,103.0,3.7944525296796594,177,-29.0,-88.0,-0.16,295.0,5.0
2025-01-06 07:44:52,297.76,191.0,344.54,41.0,292.9,60.0,417.86,70.0,321.15,46.78000000000003,251.0,111.0,43.70895995102193,362,140.0,180.0,0.39,295.0,
2025-01-06 07:44:53,298.0,160.0,359.8,10.0,293.0,40.0,477.78,41.0,328.9,61.80000000000001,200.0,51.0,41.06044970528272,251,149.0,-111.0,0.59,295.0,
2025-01-06 07:44:54,298.0,54.0,357.56,9.0,293.0,36.0,484.44,39.0,327.78,59.56,90.0,48.0,36.573146843005794,138,42.0,-113.0,0.3,295.0,
2025-01-06 07:44:55,293.57,37.0,317.97,32.0,290.18,44.0,432.75,40.0,305.77,24.400000000000038,81.0,72.0,36.48379681447732,153,9.0,15.0,0.06,295.64,11.0
2025-01-06 07:44:56,290.62,48.0,306.8,15.0,287.55,85.0,371.4,75.0,298.71,16.180000000000007,133.0,90.0,13.548345655467363,223,43.0,70.0,0.19,295.64,
2025-01-06 07:44:57,291.04,28.0,296.8,30.0,267.91,76.0,459.67,30.0,293.92,5.759999999999991,104.0,60.0,16.37147305528766,164,44.0,-59.0,0.27,295.64,
2025-01-06 07:44:58,292.0,11.0,294.9,39.0,287.8,30.0,297.59,27.0,293.45,2.8999999999999773,41.0,66.0,14.225741808425846,107,-25.0,-57.0,-0.23,295.64,
2025-01-06 07:45:01,291.52,25.0,418.03,61.0,288.75,32.0,481.81,47.0,354.78,126.51,57.0,108.0,43.93100249254584,165,-51.0,76.0,-0.31,292.0,1.0
2025-01-06 07:45:02,295.29,51.0,391.76,29.0,291.31,29.0,413.74,57.0,343.53,96.46999999999996,80.0,86.0,35.67283097821211,166,-6.0,1.0,-0.04,292.0,
2025-01-06 07:45:03,300.0,63.0,346.56,36.0,292.0,27.0,354.97,30.0,323.28,46.56,90.0,66.0,24.58189130234089,156,24.0,-10.0,0.15,292.0,
2025-01-06 07:45:04,300.0,66.0,318.64,45.0,292.0,39.0,323.66,41.0,309.32,18.639999999999983,105.0,86.0,29.54584268556367,191,19.0,35.0,0.1,300.0,5.0
2025-01-06 07:45:05,299.28,25.0,315.12,32.0,293.14,49.0,315.22,36.0,307.2,15.840000000000032,74.0,68.0,20.985088038891902,142,6.0,-49.0,0.04,296.4,5.0
2025-01-06 07:45:06,295.98,66.0,309.37,65.0,294.98,58.0,310.22,41.0,302.68,13.389999999999986,124.0,106.0,16.606926868027767,230,18.0,88.0,0.08,296.4,
2025-01-06 07:45:07,296.28,75.0,304.67,43.0,294.72,50.0,306.62,21.0,300.48,8.390000000000043,125.0,64.0,8.92974355734835,189,61.0,-41.0,0.32,297.0,5.0
2025-01-06 07:45:08,294.0,26.0,303.42,24.0,292.0,48.0,303.9,20.0,298.71,9.420000000000016,74.0,44.0,4.476071938652697,118,30.0,-71.0,0.25,297.0,
2025-01-06 07:45:09,294.0,32.0,300.17,36.0,292.0,48.0,301.1,20.0,297.08,6.170000000000016,80.0,56.0,3.933153950710399,136,24.0,18.0,0.18,297.0,
2025-01-06 07:45:10,294.0,35.0,299.06,34.0,292.0,84.0,300.04,68.0,296.53,5.060000000000002,119.0,102.0,2.527751965677034,221,17.0,85.0,0.08,295.14,7.0
2025-01-06 07:45:11,292.57,35.0,297.09,11.0,291.81,31.0,298.67,15.0,294.83,4.519999999999982,66.0,26.0,2.1556507138171863,92,40.0,-129.0,0.43,296.0,1.0
2025-01-06 07:45:12,292.0,55.0,296.09,35.0,291.0,11.0,297.27,11.0,294.04,4.089999999999975,66.0,46.0,1.8519368239704077,112,20.0,20.0,0.18,296.0,
2025-01-06 07:45:13,292.0,55.0,295.72,39.0,291.0,11.0,296.33,18.0,293.86,3.7200000000000273,66.0,57.0,1.4627269054664405,123,9.0,11.0,0.07,296.0,
2025-01-06 07:45:14,292.0,55.0,293.36,44.0,291.0,11.0,295.0,22.0,292.68,1.3600000000000136,66.0,66.0,1.4230846777242456,132,0.0,9.0,0.0,296.0,
2025-01-06 07:45:15,292.0,17.0,294.27,22.0,291.0,9.0,296.27,11.0,293.14,2.269999999999982,26.0,33.0,0.8324061508495099,59,-7.0,-73.0,-0.12,292.0,4.0
2025-01-06 07:45:16,291.56,18.0,293.89,36.0,290.11,18.0,294.36,53.0,292.72,2.329999999999984,36.0,89.0,0.633813852776342,125,-53.0,66.0,-0.42,292.0,1.0
2025-01-06 07:45:17,291.9,39.0,293.55,22.0,290.06,17.0,349.08,52.0,292.72,1.650000000000034,56.0,74.0,0.5038650612719832,130,-18.0,5.0,-0.14,292.0,2.0
2025-01-06 07:45:18,292.0,27.0,293.89,36.0,291.0,9.0,421.55,38.0,292.94,1.8899999999999864,36.0,74.0,0.1964688269680932,110,-38.0,-20.0,-0.35,292.0,
2025-01-06 07:45:19,292.0,27.0,293.0,36.0,291.0,43.0,373.0,36.0,292.5,1.0,70.0,72.0,0.2438852188430871,142,-2.0,32.0,-0.01,292.0,
2025-01-06 07:45:29,283.11,19.0,287.73,22.0,271.61,83.0,343.0,19.0,285.42,4.6200000000000045,102.0,41.0,1.3217677556810867,143,61.0,88.0,0.43,286.0,1.0
2025-01-06 07:45:30,284.38,29.0,287.33,36.0,270.27,135.0,299.41,51.0,285.86,2.9499999999999886,164.0,87.0,1.1626994452392827,251,77.0,108.0,0.31,286.6,5.0
2025-01-06 07:45:31,285.0,4.0,288.0,12.0,271.0,36.0,385.0,4.0,286.5,3.0,40.0,16.0,1.0664661269637856,56,24.0,-180.0,0.43,286.6,
2025-01-06 07:45:32,286.22,23.0,301.86,14.0,273.19,32.0,426.75,8.0,294.04,15.639999999999986,55.0,22.0,3.827286244843087,77,33.0,21.0,0.43,288.0,3.0
2025-01-06 07:45:35,292.16,19.0,419.2,25.0,291.53,17.0,542.76,29.0,355.68,127.03999999999996,36.0,54.0,77.97788930203296,90,-18.0,-11.0,-0.2,292.33,3.0
2025-01-06 07:45:36,296.0,12.0,431.89,45.0,291.14,21.0,433.0,9.0,363.94,135.89,33.0,54.0,65.12981882363972,87,-21.0,-3.0,-0.24,292.33,
2025-01-06 07:45:37,300.0,22.0,423.36,55.0,294.0,11.0,439.32,19.0,361.68,123.36,33.0,74.0,47.27093208304827,107,-41.0,20.0,-0.38,292.33,
2025-01-06 07:45:38,300.0,16.0,374.5,24.0,294.0,8.0,394.0,40.0,337.25,74.5,24.0,64.0,48.05325275150608,88,-40.0,-19.0,-0.45,292.33,
2025-01-06 07:45:39,296.4,10.0,300.83,18.0,291.3,20.0,388.38,24.0,298.62,4.430000000000007,30.0,42.0,27.15655316861962,72,-12.0,-16.0,-0.17,300.0,2.0
2025-01-06 07:45:40,293.98,48.0,299.0,30.0,290.08,26.0,300.0,10.0,296.49,5.019999999999982,74.0,40.0,32.7986162817891,114,34.0,42.0,0.3,294.0,1.0
2025-01-06 07:45:41,293.29,56.0,299.0,33.0,290.75,40.0,300.0,11.0,296.14,5.70999999999998,96.0,44.0,29.977585459806708,140,52.0,26.0,0.37,295.0,7.0
2025-01-06 07:45:42,291.0,81.0,298.44,27.0,290.0,18.0,432.78,9.0,294.72,7.439999999999998,99.0,36.0,18.280668204417125,135,63.0,-5.0,0.47,295.0,
2025-01-06 07:45:43,291.68,44.0,316.56,39.0,290.51,65.0,430.0,20.0,304.12,24.879999999999995,109.0,59.0,3.6856234208033647,168,50.0,33.0,0.3,290.0,1.0
2025-01-06 07:45:44,295.0,182.0,343.2,25.0,292.0,16.0,354.84,31.0,319.1,48.19999999999999,198.0,56.0,10.180097249043468,254,142.0,86.0,0.56,295.0,5.0
2025-01-06 07:45:45,294.04,25.0,322.25,32.0,291.25,8.0,324.0,8.0,308.14,28.20999999999998,33.0,40.0,9.900458575237142,73,-7.0,-180.0,-0.1,294.62,8.0
2025-01-06 07:45:46,291.0,36.0,321.1,51.0,285.25,81.0,322.5,24.0,306.05,30.100000000000023,117.0,75.0,8.747249853524835,192,42.0,119.0,0.22,291.0,1.0
2025-01-06 07:45:47,292.46,82.0,319.09,35.0,289.69,26.0,320.6,20.0,305.77,26.629999999999995,108.0,55.0,6.021563750388648,163,53.0,-29.0,0.33,291.0,
2025-01-06 07:45:48,293.79,75.0,316.88,64.0,292.97,116.0,317.88,34.0,305.33,23.08999999999997,191.0,98.0,5.815485362374758,289,93.0,126.0,0.32,291.0,
2025-01-06 07:45:49,296.0,60.0,311.42,48.0,295.18,51.0,312.92,48.0,303.71,15.420000000000016,111.0,96.0,1.5912259424697202,207,15.0,-82.0,0.07,297.0,3.0
2025-01-06 07:45:50,297.92,48.0,307.53,19.0,296.16,38.0,308.24,34.0,302.72,9.609999999999957,86.0,53.0,1.437316944861626,139,33.0,-68.0,0.24,298.0,4.0
2025-01-06 07:45:51,298.0,36.0,304.56,9.0,297.0,9.0,306.0,36.0,301.28,6.560000000000002,45.0,45.0,1.8533402278006963,90,0.0,-49.0,0.0,298.0,
2025-01-06 07:45:52,298.0,36.0,301.7,33.0,297.0,9.0,302.33,12.0,299.85,3.6999999999999886,45.0,45.0,2.121431120725316,90,0.0,0.0,0.0,298.0,
2025-01-06 07:45:53,297.07,27.0,299.0,8.0,294.82,11.0,301.0,32.0,298.04,1.9300000000000068,38.0,40.0,2.2579304683667347,78,-2.0,-12.0,-0.03,296.33,9.0
2025-01-06 07:45:54,294.0,33.0,298.0,11.0,292.0,22.0,301.0,44.0,296.0,4.0,55.0,55.0,2.6462463981979494,110,0.0,32.0,0.0,296.33,
2025-01-06 07:45:55,294.0,34.0,296.33,30.0,292.0,24.0,364.68,38.0,295.17,2.329999999999984,58.0,68.0,2.5577470555104718,126,-10.0,16.0,-0.08,294.0,1.0
2025-01-06 07:45:56,294.0,20.0,295.0,40.0,292.0,20.0,395.15,46.0,294.5,1.0,40.0,86.0,2.201606231815707,126,-46.0,0.0,-0.37,294.0,
2025-01-06 07:45:57,294.0,28.0,324.12,48.0,292.0,28.0,374.7,54.0,309.06,30.120000000000005,56.0,102.0,6.021825304670795,158,-46.0,32.0,-0.29,294.0,
2025-01-06 07:45:58,299.08,13.0,369.0,24.0,293.83,24.0,457.32,47.0,334.04,69.92000000000002,37.0,71.0,16.917753396949273,108,-34.0,-50.0,-0.31,294.0,
2025-01-06 07:45:59,300.0,10.0,357.5,28.0,294.0,20.0,418.65,34.0,328.75,57.5,30.0,62.0,18.4662159090595,92,-32.0,-16.0,-0.35,294.0,
2025-01-06 07:46:00,300.0,9.0,316.38,29.0,294.0,18.0,321.03,33.0,308.19,16.379999999999995,27.0,62.0,16.228458645232074,89,-35.0,-3.0,-0.39,294.0,
2025-01-06 07:46:01,300.0,10.0,309.0,24.0,294.0,20.0,380.47,30.0,304.5,9.0,30.0,54.0,13.465618069736411,84,-24.0,-5.0,-0.29,294.0,
2025-01-06 07:46:02,300.0,14.0,310.43,28.0,294.0,28.0,406.0,50.0,305.21,10.430000000000009,42.0,78.0,14.12072129885759,120,-36.0,36.0,-0.3,294.0,
2025-01-06 07:46:03,300.0,12.0,308.53,34.0,294.0,24.0,441.14,44.0,304.26,8.529999999999973,36.0,78.0,10.497793577699946,114,-42.0,-6.0,-0.37,294.0,
2025-01-06 07:46:04,298.61,51.0,307.38,32.0,293.46,26.0,308.13,46.0,302.99,8.769999999999982,77.0,78.0,1.939935565937272,155,-1.0,41.0,-0.01,294.0,
2025-01-06 07:46:05,299.0,98.0,304.76,34.0,296.57,14.0,306.59,44.0,301.88,5.759999999999991,112.0,78.0,1.325432005040604,190,34.0,35.0,0.18,294.0,
2025-01-06 07:46:06,297.83,65.0,301.57,28.0,294.18,40.0,304.0,56.0,299.7,3.740000000000009,105.0,84.0,2.146618270672285,189,21.0,-1.0,0.11,298.75,8.0
2025-01-06 07:46:07,294.0,23.0,300.0,36.0,292.0,45.0,301.0,18.0,297.0,6.0,68.0,54.0,2.8685501564345777,122,14.0,-67.0,0.11,294.0,5.0
2025-01-06 07:46:08,294.0,24.0,297.56,32.0,292.0,60.0,299.25,32.0,295.78,3.5600000000000023,84.0,64.0,3.080925185715744,148,20.0,26.0,0.14,294.0,
2025-01-06 07:46:09,294.62,37.0,296.3,46.0,293.04,25.0,297.93,30.0,295.46,1.6800000000000068,62.0,76.0,2.7530855417103623,138,-14.0,-10.0,-0.1,295.0,4.0
2025-01-06 07:46:10,292.12,43.0,295.49,45.0,289.87,39.0,297.47,34.0,293.8,3.3700000000000045,82.0,79.0,2.194566016316529,161,3.0,23.0,0.02,294.0,2.0
2025-01-06 07:46:11,291.0,15.0,294.69,13.0,289.0,15.0,296.0,12.0,292.85,3.6899999999999977,30.0,25.0,1.64924831361706,55,5.0,-106.0,0.09,294.0,
2025-01-06 07:46:12,290.5,48.0,292.8,35.0,288.8,40.0,294.73,45.0,291.65,2.300000000000012,88.0,80.0,1.7423174222760411,168,8.0,113.0,0.05,291.0,3.0
2025-01-06 07:46:13,288.86,21.0,290.44,27.0,255.44,25.0,300.22,27.0,289.65,1.579999999999984,46.0,54.0,2.193939379282006,100,-8.0,-68.0,-0.08,289.0,3.0
2025-01-06 07:46:14,287.0,21.0,290.0,33.0,201.76,75.0,306.0,55.0,288.5,3.0,96.0,88.0,2.19869279344834,184,8.0,84.0,0.04,288.0,3.0
2025-01-06 07:46:15,286.0,14.0,291.13,45.0,212.92,78.0,352.42,53.0,288.57,5.129999999999996,92.0,98.0,1.9342130182478785,190,-6.0,6.0,-0.03,288.0,3.0
2025-01-06 07:46:27,287.37,57.0,356.71,35.0,284.96,56.0,404.08,48.0,322.04,69.33999999999997,113.0,83.0,46.14774176490096,196,30.0,-164.0,0.15,288.0,
2025-01-06 07:46:28,289.14,14.0,354.7,30.0,287.65,51.0,461.42,43.0,321.92,65.56,65.0,73.0,41.60914046216303,138,-8.0,-58.0,-0.06,288.0,
2025-01-06 07:46:29,289.88,34.0,327.76,63.0,285.09,96.0,417.97,62.0,308.82,37.88,130.0,125.0,32.44445360920774,255,5.0,117.0,0.02,291.0,2.0
