DateTime,Bid1_Price,Bid1_Volume,Ask1_Price,Ask1_Volume,Bid2_Price,Bid2_Volume,Ask2_Price,Ask2_Volume,Mid-Price,Bid_Ask_Spread,Market_Depth_Bid,Market_Depth_Ask,Historical_Volatility,Total_volume,Cumulative_Volume_Difference,Total_Volume_Change_Corrected,Order_imbalance,Weighted_Avg_Price,Trade_Volume
2025-03-20 07:30:10,155.67,9.0,165.95,39.0,150.24,63.0,172.0,18.0,160.81,10.28,72.0,57.0,141.68940669647822,129,15.0,59.0,0.12,166.0,1.0
2025-03-20 07:30:11,156.6,10.0,164.71,41.0,150.94,128.0,166.65,17.0,160.65,8.110000000000014,138.0,58.0,164.11495565608885,196,80.0,67.0,0.41,166.0,
2025-03-20 07:30:12,157.57,7.0,164.0,28.0,155.71,70.0,165.0,7.0,160.79,6.430000000000007,77.0,35.0,152.1860942070596,112,42.0,-84.0,0.38,166.0,
2025-03-20 07:30:13,158.7,10.0,169.5,34.0,155.0,100.0,172.26,39.0,164.1,10.800000000000011,110.0,73.0,94.13736064921318,183,37.0,71.0,0.2,165.0,7.0
2025-03-20 07:30:14,161.0,13.0,172.41,29.0,155.15,130.0,214.23,61.0,166.71,11.409999999999997,143.0,90.0,2.712198370332394,233,53.0,50.0,0.23,171.25,8.0
2025-03-20 07:30:15,162.5,16.0,168.62,64.0,156.0,160.0,178.58,66.0,165.56,6.1200000000000045,176.0,130.0,2.7547722228949514,306,46.0,73.0,0.15,171.25,
2025-03-20 07:30:16,156.6,35.0,169.92,39.0,155.27,82.0,173.78,27.0,163.26,13.319999999999991,117.0,66.0,2.269588068358122,183,51.0,-123.0,0.28,163.0,1.0
2025-03-20 07:30:17,156.0,32.0,164.64,22.0,155.0,80.0,172.12,34.0,160.32,8.639999999999986,112.0,56.0,2.443215094917664,168,56.0,-15.0,0.33,167.5,6.0
2025-03-20 07:30:18,157.12,33.0,172.0,24.0,155.59,66.0,173.0,24.0,164.56,14.879999999999995,99.0,48.0,2.4570144484787897,147,51.0,-21.0,0.35,167.5,
2025-03-20 07:30:19,163.78,9.0,172.0,12.0,162.95,21.0,173.0,12.0,167.89,8.219999999999999,30.0,24.0,2.804624752089575,54,6.0,-93.0,0.11,167.5,
2025-03-20 07:30:20,165.71,7.0,172.14,14.0,162.53,19.0,175.25,16.0,168.93,6.429999999999978,26.0,30.0,3.4971516981728903,56,-4.0,2.0,-0.07,172.0,2.0
2025-03-20 07:30:21,168.57,23.0,174.31,32.0,165.67,15.0,181.79,58.0,171.44,5.740000000000009,38.0,90.0,4.304494163085086,128,-52.0,72.0,-0.41,173.0,2.0
2025-03-20 07:30:22,171.05,60.0,180.0,36.0,170.0,60.0,182.0,48.0,175.53,8.949999999999989,120.0,84.0,4.101847144888953,204,36.0,76.0,0.18,173.0,
2025-03-20 07:30:23,174.23,57.0,181.68,57.0,174.92,39.0,192.4,60.0,177.96,7.450000000000017,96.0,117.0,4.301180070635701,213,-21.0,9.0,-0.1,173.0,
2025-03-20 07:30:24,173.44,48.0,182.0,32.0,174.36,11.0,195.0,32.0,177.72,8.560000000000002,59.0,64.0,3.98811108170694,123,-5.0,-90.0,-0.04,178.0,4.0
2025-03-20 07:30:25,174.0,126.0,182.0,56.0,171.0,24.0,195.0,56.0,178.0,8.0,150.0,112.0,2.81646942110752,262,38.0,139.0,0.15,178.0,
2025-03-20 07:30:26,175.0,48.0,182.0,28.0,172.0,42.0,192.71,28.0,178.5,7.0,90.0,56.0,1.1599655167433718,146,34.0,-116.0,0.23,175.0,5.0
2025-03-20 07:30:27,175.11,36.0,182.0,40.0,173.06,68.0,195.0,40.0,178.56,6.889999999999986,104.0,80.0,0.3654038861776179,184,24.0,38.0,0.13,175.0,
2025-03-20 07:30:28,176.0,22.0,182.0,44.0,175.0,44.0,195.0,44.0,179.0,6.0,66.0,88.0,0.5020756915383335,154,-22.0,-30.0,-0.14,175.0,
2025-03-20 07:30:29,176.55,22.0,182.0,44.0,175.0,44.0,196.36,44.0,179.27,5.449999999999989,66.0,88.0,0.4895712410198092,154,-22.0,0.0,-0.14,175.0,
2025-03-20 07:30:30,177.0,26.0,181.22,36.0,175.0,52.0,189.89,55.0,179.11,4.219999999999999,78.0,91.0,0.3412770136321251,169,-13.0,15.0,-0.08,175.0,
2025-03-20 07:30:31,176.25,32.0,179.69,32.0,174.25,64.0,184.45,55.0,177.97,3.4399999999999977,96.0,87.0,0.5248523602249232,183,9.0,14.0,0.05,178.0,2.0
2025-03-20 07:30:32,175.0,44.0,184.5,48.0,173.0,88.0,190.78,49.0,179.75,9.5,132.0,97.0,0.6531462317380796,229,35.0,46.0,0.15,178.0,
2025-03-20 07:30:33,173.2,80.0,181.11,45.0,171.46,70.0,182.73,55.0,177.16,7.910000000000025,150.0,100.0,1.05930165676906,250,50.0,21.0,0.2,175.0,4.0
2025-03-20 07:30:34,173.0,104.0,179.64,56.0,171.0,84.0,182.0,70.0,176.32,6.639999999999986,188.0,126.0,1.396807073304574,314,62.0,64.0,0.2,173.0,4.0
2025-03-20 07:30:35,173.0,56.0,176.57,56.0,171.0,84.0,183.15,54.0,174.79,3.569999999999993,140.0,110.0,1.8492890525912145,250,30.0,-64.0,0.12,173.0,
2025-03-20 07:30:36,173.0,48.0,174.56,27.0,171.0,72.0,176.54,35.0,173.78,1.5600000000000025,120.0,62.0,2.3051572614539118,182,58.0,-68.0,0.32,173.0,
2025-03-20 07:30:37,171.24,68.0,174.22,18.0,170.13,92.0,177.71,17.0,172.73,2.9799999999999898,160.0,35.0,1.8085712593187115,195,125.0,13.0,0.64,173.0,4.0
2025-03-20 07:30:38,173.75,48.0,177.61,31.0,170.73,44.0,181.62,47.0,175.68,3.8600000000000136,92.0,78.0,1.4415443108117325,170,14.0,-25.0,0.08,174.0,1.0
2025-03-20 07:30:39,175.14,28.0,178.0,28.0,174.74,35.0,182.0,35.0,176.57,2.8600000000000136,63.0,63.0,1.5159320565360723,126,0.0,-44.0,0.0,174.0,
2025-03-20 07:30:40,175.31,54.0,178.0,48.0,171.07,84.0,182.0,60.0,176.66,2.6899999999999977,138.0,108.0,1.7527777953961337,246,30.0,120.0,0.12,176.12,8.0
2025-03-20 07:30:41,175.57,42.0,178.0,36.0,170.86,87.0,182.0,45.0,176.79,2.430000000000007,129.0,81.0,1.7093068770802398,210,48.0,-36.0,0.23,176.12,
2025-03-20 07:30:42,175.0,25.0,178.0,20.0,170.0,60.0,182.0,25.0,176.5,3.0,85.0,45.0,0.4384632254064932,130,40.0,-80.0,0.31,176.12,
2025-03-20 07:30:43,175.0,50.0,177.54,26.0,171.29,21.0,180.5,40.0,176.27,2.539999999999992,71.0,66.0,0.1940876091714113,137,5.0,7.0,0.04,175.0,2.0
2025-03-20 07:30:44,174.52,42.0,178.0,36.0,171.56,50.0,183.27,75.0,176.26,3.4799999999999898,92.0,111.0,0.2345847395587978,203,-19.0,66.0,-0.09,175.0,
2025-03-20 07:30:45,175.0,24.0,178.65,40.0,173.0,60.0,182.67,46.0,176.82,3.6500000000000057,84.0,86.0,0.2706843180420211,170,-2.0,-33.0,-0.01,175.0,3.0
2025-03-20 07:30:46,175.86,49.0,179.17,82.0,173.65,26.0,181.22,90.0,177.51,3.309999999999974,75.0,172.0,0.5208358666930425,247,-97.0,77.0,-0.39,177.0,5.0
2025-03-20 07:30:47,173.71,21.0,181.0,78.0,172.6,15.0,182.0,117.0,177.36,7.289999999999992,36.0,195.0,0.5875627626338518,231,-159.0,-16.0,-0.69,173.0,5.0
2025-03-20 07:30:48,172.32,37.0,180.45,22.0,169.25,20.0,181.13,126.0,176.39,8.129999999999995,57.0,148.0,0.5600624965429615,205,-91.0,-26.0,-0.44,173.0,
2025-03-20 07:30:49,170.86,58.0,177.53,38.0,155.86,37.0,180.75,72.0,174.19,6.669999999999988,95.0,110.0,1.34161469879913,205,-15.0,0.0,-0.07,174.0,4.0
2025-03-20 07:30:50,174.0,48.0,176.45,20.0,170.64,28.0,177.08,52.0,175.22,2.4499999999999886,76.0,72.0,1.420960942473033,148,4.0,-57.0,0.03,174.0,
2025-03-20 07:30:51,174.69,72.0,177.24,58.0,172.15,40.0,178.38,48.0,175.97,2.550000000000012,112.0,106.0,1.1974681624301453,218,6.0,70.0,0.03,174.0,3.0
2025-03-20 07:30:52,176.0,50.0,178.71,17.0,173.0,10.0,181.74,35.0,177.35,2.710000000000008,60.0,52.0,1.1942696513073656,112,8.0,-106.0,0.07,174.0,
2025-03-20 07:30:53,176.0,100.0,179.0,30.0,173.0,20.0,182.0,80.0,177.5,3.0,120.0,110.0,1.4095495734573655,230,10.0,118.0,0.04,174.0,
2025-03-20 07:30:54,176.0,90.0,179.0,27.0,173.0,18.0,182.0,47.0,177.5,3.0,108.0,74.0,1.0518412427899428,182,34.0,-48.0,0.19,174.0,
2025-03-20 07:30:55,176.0,90.0,178.0,18.0,173.0,18.0,179.0,27.0,177.0,2.0,108.0,45.0,0.6447712773022072,153,63.0,-29.0,0.41,174.0,
2025-03-20 07:30:56,176.0,49.0,178.0,14.0,173.0,14.0,180.14,21.0,177.0,2.0,63.0,35.0,0.2539685020508208,98,28.0,-55.0,0.29,176.0,3.0
2025-03-20 07:30:57,176.0,35.0,178.0,10.0,173.0,10.0,181.0,15.0,177.0,2.0,45.0,25.0,0.2738612788145312,70,20.0,-28.0,0.29,176.0,
2025-03-20 07:30:58,176.0,34.0,178.0,10.0,173.0,10.0,181.0,15.0,177.0,2.0,44.0,25.0,0.2236067978258262,69,19.0,-1.0,0.28,176.0,1.0
2025-03-20 07:30:59,176.0,30.0,178.0,10.0,173.0,10.0,181.0,15.0,177.0,2.0,40.0,25.0,0.0,65,15.0,-4.0,0.23,176.0,
2025-03-20 07:31:00,176.0,66.0,177.45,22.0,172.84,19.0,179.67,27.0,176.73,1.4499999999999886,85.0,49.0,0.1207476709253812,134,36.0,69.0,0.27,176.0,
2025-03-20 07:31:01,173.49,182.0,179.09,22.0,171.0,15.0,181.6,40.0,176.29,5.599999999999994,197.0,62.0,0.3102096066112157,259,135.0,125.0,0.52,177.0,2.0
2025-03-20 07:31:02,174.97,248.0,178.79,80.0,173.18,334.0,181.63,76.0,176.88,3.819999999999993,582.0,156.0,0.2955503341799529,738,426.0,169.5,0.58,178.0,1.0
2025-03-20 07:31:03,175.82,169.0,177.33,48.0,173.22,213.0,181.83,72.0,176.58,1.510000000000019,382.0,120.0,0.2764597620520386,502,262.0,-170.5,0.52,176.0,4.0
2025-03-20 07:31:04,176.0,130.0,178.71,28.0,173.08,198.0,181.68,38.0,177.36,2.710000000000008,328.0,66.0,0.3963205773535926,394,262.0,-108.0,0.66,176.0,7.0
2025-03-20 07:31:05,176.72,25.0,180.0,10.0,174.16,62.0,182.0,20.0,178.36,3.280000000000001,87.0,30.0,0.810851404410171,117,57.0,-170.5,0.49,176.0,
2025-03-20 07:31:06,178.31,39.0,180.94,34.0,176.29,84.0,182.25,48.0,179.62,2.6299999999999955,123.0,82.0,1.2395967086250463,205,41.0,88.0,0.2,180.0,2.0
2025-03-20 07:31:07,178.16,25.0,182.0,44.0,176.35,68.0,183.0,33.0,180.08,3.8400000000000034,93.0,77.0,1.4753304714653523,170,16.0,-35.0,0.09,180.0,
2025-03-20 07:31:08,178.3,10.0,182.0,40.0,176.28,65.0,183.0,30.0,180.15,3.6999999999999886,75.0,70.0,1.2152695174463708,145,5.0,-25.0,0.03,178.33,3.0
2025-03-20 07:31:09,178.0,7.0,182.0,28.0,176.0,56.0,183.0,21.0,180.0,4.0,63.0,49.0,0.7453321407496512,112,14.0,-33.0,0.12,178.33,
2025-03-20 07:31:10,178.0,4.0,182.0,17.0,176.0,32.0,183.0,12.0,180.0,4.0,36.0,29.0,0.2054263859258096,65,7.0,-47.0,0.11,178.33,
2025-03-20 07:31:11,178.59,17.0,182.0,53.0,176.16,61.0,183.0,36.0,180.29,3.4099999999999966,78.0,89.0,0.1213672115300077,167,-11.0,102.0,-0.07,178.33,
2025-03-20 07:31:12,180.0,18.0,182.0,36.0,178.0,9.0,183.0,27.0,181.0,2.0,27.0,63.0,0.4158966218119799,90,-36.0,-77.0,-0.4,178.33,
2025-03-20 07:31:13,180.0,14.0,182.0,28.0,178.0,7.0,183.0,21.0,181.0,2.0,21.0,49.0,0.5087435503617295,70,-28.0,-20.0,-0.4,178.33,
2025-03-20 07:31:14,180.0,20.0,181.47,34.0,178.0,10.0,182.28,43.0,180.74,1.4699999999999989,30.0,77.0,0.4459596394682961,107,-47.0,37.0,-0.44,178.33,
2025-03-20 07:31:15,178.5,8.0,181.86,21.0,176.04,49.0,182.94,51.0,180.18,3.3600000000000136,57.0,72.0,0.3883555072799914,129,-15.0,22.0,-0.12,180.0,2.0
2025-03-20 07:31:16,178.0,10.0,182.0,30.0,176.0,80.0,183.0,80.0,180.0,4.0,90.0,110.0,0.4676323342484854,200,-20.0,71.0,-0.1,180.0,
2025-03-20 07:31:17,178.0,9.0,181.29,21.0,176.0,72.0,182.64,47.0,179.64,3.289999999999992,81.0,68.0,0.5529195240128895,149,13.0,-51.0,0.09,180.0,
2025-03-20 07:31:18,176.26,39.0,179.88,24.0,175.62,65.0,181.74,34.0,178.07,3.620000000000005,104.0,58.0,1.0073628939138708,162,46.0,13.0,0.28,176.67,3.0
2025-03-20 07:31:19,176.0,63.0,179.45,33.0,175.0,55.0,183.0,93.0,177.73,3.4499999999999886,118.0,126.0,1.140495506363087,244,-8.0,82.0,-0.03,176.0,1.0
2025-03-20 07:31:20,176.0,36.0,178.0,30.0,175.0,50.0,182.37,38.0,177.0,2.0,86.0,68.0,1.2822519253384872,154,18.0,-90.0,0.12,176.0,2.0
2025-03-20 07:31:21,175.71,45.0,178.0,39.0,173.32,184.0,181.0,52.0,176.86,2.289999999999992,229.0,91.0,1.1145626945282727,320,138.0,166.0,0.43,175.0,3.0
2025-03-20 07:31:22,176.71,28.0,177.89,27.0,175.65,23.0,181.0,36.0,177.3,1.1799999999999784,51.0,63.0,0.5047474616420092,114,-12.0,-170.5,-0.11,176.8,5.0
2025-03-20 07:31:23,175.0,24.0,179.23,35.0,173.0,228.0,181.0,46.0,177.11,4.22999999999999,252.0,81.0,0.3371201566712106,333,171.0,169.5,0.51,176.0,2.0
2025-03-20 07:31:24,173.04,213.0,177.0,13.0,172.41,93.0,178.0,39.0,175.02,3.960000000000008,306.0,52.0,0.929688119765935,358,254.0,25.0,0.71,175.0,2.0
2025-03-20 07:31:25,173.0,57.0,176.67,3.0,172.0,15.0,178.0,9.0,174.83,3.669999999999988,72.0,12.0,1.1979273767778378,84,60.0,-170.5,0.71,175.0,
2025-03-20 07:31:26,173.0,319.0,174.75,40.0,172.0,85.0,177.77,44.0,173.88,1.75,404.0,84.0,1.5044833000182245,488,320.0,169.5,0.66,173.0,2.0
2025-03-20 07:31:27,173.0,138.0,177.33,27.0,172.0,45.0,180.71,42.0,175.17,4.3300000000000125,183.0,69.0,1.1790547061242094,252,114.0,-170.5,0.45,173.0,3.0
2025-03-20 07:31:28,173.0,168.0,178.92,36.0,172.0,60.0,180.47,57.0,175.96,5.919999999999988,228.0,93.0,0.7467061001716829,321,135.0,69.0,0.42,173.0,
2025-03-20 07:31:29,175.0,55.0,177.0,33.0,173.0,154.0,178.45,33.0,176.0,2.0,209.0,66.0,0.8793008586562641,275,143.0,-46.0,0.52,173.0,
2025-03-20 07:31:30,175.0,41.0,176.86,49.0,173.0,182.0,178.09,33.0,175.93,1.8600000000000136,223.0,82.0,0.9106426302527766,305,141.0,30.0,0.46,175.62,8.0
2025-03-20 07:31:31,175.83,12.0,178.0,18.0,173.83,24.0,179.0,12.0,176.92,2.1699999999999875,36.0,30.0,0.6208300895042094,66,6.0,-170.5,0.09,175.62,
2025-03-20 07:31:32,176.7,20.0,178.0,30.0,175.0,20.0,179.0,20.0,177.35,1.3000000000000114,40.0,50.0,0.6599772723616156,90,-10.0,24.0,-0.11,175.62,
2025-03-20 07:31:33,174.38,32.0,178.0,14.0,173.07,103.0,179.0,20.0,176.19,3.620000000000005,135.0,34.0,0.6259952076764556,169,101.0,79.0,0.6,176.5,4.0
2025-03-20 07:31:34,175.5,54.0,178.43,14.0,173.12,127.0,179.86,28.0,176.96,2.930000000000007,181.0,42.0,0.5888548208462971,223,139.0,54.0,0.62,176.5,
2025-03-20 07:31:35,176.0,30.0,179.0,12.0,173.0,84.0,181.0,24.0,177.5,3.0,114.0,36.0,0.5087533784005625,150,78.0,-73.0,0.52,176.5,
2025-03-20 07:31:36,174.92,39.0,177.18,22.0,172.8,75.0,179.57,14.0,176.05,2.2600000000000198,114.0,36.0,0.6618534581264605,150,78.0,0.0,0.52,176.0,5.0
2025-03-20 07:31:37,173.16,98.0,177.88,32.0,171.79,87.0,181.35,46.0,175.52,4.719999999999999,185.0,78.0,0.7834092162043377,263,107.0,113.0,0.41,176.2,5.0
2025-03-20 07:31:38,178.58,38.0,181.0,22.0,176.72,43.0,182.0,66.0,179.79,2.4199999999999875,81.0,88.0,1.657869114265059,169,-7.0,-94.0,-0.04,176.2,
2025-03-20 07:31:39,179.0,48.0,181.0,24.0,177.0,12.0,182.0,72.0,180.0,2.0,60.0,96.0,2.0704516415589405,156,-36.0,-13.0,-0.23,176.2,
2025-03-20 07:31:40,179.0,36.0,181.0,18.0,177.0,9.0,182.0,54.0,180.0,2.0,45.0,72.0,2.279642515841945,117,-27.0,-39.0,-0.23,176.2,
2025-03-20 07:31:41,179.0,55.0,181.0,28.0,177.0,14.0,182.0,84.0,180.0,2.0,69.0,112.0,1.98212512219444,181,-43.0,64.0,-0.24,179.0,1.0
2025-03-20 07:31:42,179.0,21.0,181.0,14.0,177.0,7.0,182.0,42.0,180.0,2.0,28.0,56.0,0.0939148552384135,84,-28.0,-97.0,-0.33,179.0,
2025-03-20 07:31:43,179.0,30.0,181.97,62.0,176.4,15.0,408.0,38.0,180.48,2.969999999999999,45.0,100.0,0.2146625259202605,145,-55.0,61.0,-0.38,179.8,5.0
2025-03-20 07:31:44,177.0,8.0,182.0,48.0,171.47,34.0,266.95,37.0,179.5,5.0,42.0,85.0,0.3465256123787324,127,-43.0,-18.0,-0.34,179.8,
2025-03-20 07:31:45,177.0,7.0,182.0,42.0,174.67,36.0,253.0,35.0,179.5,5.0,43.0,77.0,0.4111933852026866,120,-34.0,-7.0,-0.28,179.8,
2025-03-20 07:31:46,175.79,53.0,182.0,54.0,174.77,52.0,253.0,45.0,178.9,6.210000000000008,105.0,99.0,0.5948781388103112,204,6.0,84.0,0.03,179.8,
2025-03-20 07:31:47,177.0,30.0,181.55,11.0,175.0,48.0,197.43,23.0,179.27,4.550000000000011,78.0,34.0,0.5849786321177904,112,44.0,-92.0,0.39,179.8,
2025-03-20 07:31:48,177.0,75.0,181.0,15.0,175.0,120.0,182.0,82.0,179.0,4.0,195.0,97.0,0.2779928057241172,292,98.0,169.5,0.34,179.8,
2025-03-20 07:31:49,177.0,42.0,181.0,9.0,175.0,72.0,182.0,54.0,179.0,4.0,114.0,63.0,0.2465360014974574,177,51.0,-115.0,0.29,177.0,1.0
2025-03-20 07:31:50,177.2,20.0,180.5,10.0,175.67,48.0,181.82,40.0,178.85,3.300000000000012,68.0,50.0,0.1622652151089171,118,18.0,-59.0,0.15,177.0,
2025-03-20 07:31:51,177.2,20.0,179.45,11.0,175.5,64.0,181.0,23.0,178.33,2.25,84.0,34.0,0.3477786652949359,118,50.0,0.0,0.42,177.25,4.0
2025-03-20 07:31:52,175.22,9.0,182.0,6.0,174.57,14.0,183.0,15.0,178.61,6.780000000000001,23.0,21.0,0.2875239121087365,44,2.0,-74.0,0.05,175.4,5.0
2025-03-20 07:31:53,175.0,20.0,181.38,16.0,174.0,15.0,182.79,19.0,178.19,6.379999999999996,35.0,35.0,0.340411515719299,70,0.0,26.0,0.0,175.4,
2025-03-20 07:31:54,175.0,24.0,179.67,24.0,174.0,18.0,181.0,30.0,177.33,4.669999999999988,42.0,54.0,0.5799310304116397,96,-12.0,26.0,-0.12,175.4,
2025-03-20 07:31:55,175.18,44.0,177.75,51.0,174.23,35.0,179.36,42.0,176.46,2.569999999999993,79.0,93.0,0.880954028331964,172,-14.0,76.0,-0.08,177.0,4.0
2025-03-20 07:31:56,175.12,64.0,177.35,68.0,174.16,50.0,180.57,28.0,176.24,2.2299999999999898,114.0,96.0,1.0388118212815731,210,18.0,38.0,0.09,176.0,4.0
2025-03-20 07:31:57,174.23,43.0,180.0,26.0,172.32,75.0,184.0,13.0,177.12,5.77000000000001,118.0,39.0,0.7722499595560781,157,79.0,-53.0,0.5,175.0,4.0
2025-03-20 07:31:58,174.0,36.0,180.0,20.0,172.0,70.0,184.0,10.0,177.0,6.0,106.0,30.0,0.4604345773661986,136,76.0,-21.0,0.56,174.0,4.0
2025-03-20 07:31:59,174.0,18.0,179.36,11.0,172.0,63.0,183.2,10.0,176.68,5.360000000000014,81.0,21.0,0.366060104401447,102,60.0,-34.0,0.59,174.0,
2025-03-20 07:32:00,174.0,22.0,179.0,33.0,172.0,77.0,184.0,11.0,176.5,5.0,99.0,44.0,0.359888871784607,143,55.0,41.0,0.38,174.0,
2025-03-20 07:32:01,174.0,26.0,177.0,33.0,172.0,77.0,178.46,26.0,175.5,3.0,103.0,59.0,0.6420280367977809,162,44.0,19.0,0.27,174.0,
2025-03-20 07:32:02,174.0,33.0,176.08,13.0,172.0,77.0,177.06,32.0,175.04,2.0800000000000125,110.0,45.0,0.833714579478164,155,65.0,-7.0,0.42,174.0,
2025-03-20 07:32:03,172.24,51.0,176.5,18.0,170.33,86.0,179.94,34.0,174.37,4.259999999999991,137.0,52.0,0.9761249920140788,189,85.0,34.0,0.45,174.33,9.0
2025-03-20 07:32:04,172.0,55.0,178.0,22.0,170.0,88.0,183.0,59.0,175.0,6.0,143.0,81.0,0.7907085430387715,224,62.0,35.0,0.28,174.33,
2025-03-20 07:32:05,176.33,52.0,178.88,16.0,173.78,58.0,183.0,56.0,177.6,2.549999999999983,110.0,72.0,1.2398064365192187,182,38.0,-42.0,0.21,174.33,
2025-03-20 07:32:06,177.13,78.0,182.65,57.0,173.55,58.0,215.51,35.0,179.89,5.52000000000001,136.0,92.0,2.3210234811467254,228,44.0,46.0,0.19,178.0,4.0
2025-03-20 07:32:07,177.29,49.0,182.0,52.0,175.31,74.0,183.0,80.0,179.64,4.710000000000008,123.0,132.0,2.5567850907016862,255,-9.0,27.0,-0.04,178.0,
2025-03-20 07:32:08,178.79,38.0,181.28,67.0,177.42,48.0,182.17,87.0,180.04,2.490000000000009,86.0,154.0,2.158791328506388,240,-68.0,-15.0,-0.28,178.0,
2025-03-20 07:32:09,178.92,24.0,180.0,36.0,177.29,49.0,182.0,76.0,179.46,1.0800000000000125,73.0,112.0,0.9903938610645422,185,-39.0,-55.0,-0.21,179.0,5.0
2025-03-20 07:32:10,177.0,70.0,181.57,28.0,172.0,50.0,183.33,36.0,179.29,4.569999999999993,120.0,64.0,0.3059901959774376,184,56.0,-1.0,0.3,179.0,
2025-03-20 07:32:11,177.0,84.0,179.71,21.0,172.0,60.0,181.86,42.0,178.36,2.710000000000008,144.0,63.0,0.6236345083735441,207,81.0,23.0,0.39,177.0,1.0
2025-03-20 07:32:12,174.16,76.0,181.12,32.0,169.17,72.0,183.0,44.0,177.64,6.960000000000008,148.0,76.0,0.9523234744740596,224,72.0,17.0,0.32,177.0,6.0
2025-03-20 07:32:13,170.83,59.0,177.03,62.0,167.53,47.0,183.33,72.0,173.93,6.199999999999989,106.0,134.0,2.2511841328586164,240,-28.0,16.0,-0.12,169.0,4.0
2025-03-20 07:32:14,172.88,16.0,176.0,36.0,171.4,20.0,181.0,36.0,174.44,3.1200000000000045,36.0,72.0,2.404302393634048,108,-36.0,-132.0,-0.33,169.0,
2025-03-20 07:32:15,174.44,9.0,176.0,27.0,172.0,18.0,181.0,27.0,175.22,1.5600000000000025,27.0,54.0,1.971831635823512,81,-27.0,-27.0,-0.33,169.0,
2025-03-20 07:32:16,174.54,13.0,176.0,36.0,170.93,28.0,181.0,36.0,175.27,1.460000000000008,41.0,72.0,1.422972241484146,113,-31.0,32.0,-0.27,175.0,1.0
2025-03-20 07:32:17,172.0,20.0,175.82,22.0,167.0,60.0,179.0,30.0,173.91,3.819999999999993,80.0,52.0,0.6658303087382492,132,28.0,19.0,0.21,175.0,
2025-03-20 07:32:18,172.0,20.0,174.23,26.0,167.0,60.0,175.82,22.0,173.12,2.2299999999999898,80.0,48.0,0.909543841733031,128,32.0,-4.0,0.25,175.0,
2025-03-20 07:32:19,172.67,36.0,174.0,90.0,169.0,60.0,175.0,18.0,173.33,1.3300000000000125,96.0,108.0,1.023254611538343,204,-12.0,76.0,-0.06,175.0,
2025-03-20 07:32:20,172.57,21.0,173.73,45.0,170.53,17.0,175.46,13.0,173.15,1.1599999999999966,38.0,58.0,0.9040353975561496,96,-20.0,-108.0,-0.21,173.33,3.0
2025-03-20 07:32:21,172.0,9.0,175.22,27.0,170.0,24.0,177.68,25.0,173.61,3.219999999999999,33.0,52.0,0.3343351612297435,85,-19.0,-11.0,-0.22,173.0,3.0
2025-03-20 07:32:22,169.04,23.0,177.0,36.0,167.18,40.0,178.58,24.0,173.02,7.960000000000008,63.0,60.0,0.2322283359853678,123,3.0,38.0,0.02,172.0,4.0
2025-03-20 07:32:23,169.27,88.0,177.0,48.0,167.76,33.0,178.0,88.0,173.14,7.72999999999999,121.0,136.0,0.2296736816322963,257,-15.0,134.0,-0.06,172.0,
2025-03-20 07:32:24,171.0,56.0,177.0,21.0,168.0,24.0,178.0,42.0,174.0,6.0,80.0,63.0,0.4114972661325082,143,17.0,-114.0,0.12,172.0,
2025-03-20 07:32:25,172.05,59.0,177.0,24.0,169.15,27.0,178.0,48.0,174.53,4.949999999999989,86.0,72.0,0.623498195694675,158,14.0,15.0,0.09,173.0,3.0
2025-03-20 07:32:26,173.05,76.0,177.0,33.0,173.08,39.0,178.0,66.0,175.03,3.9499999999999886,115.0,99.0,0.869787330348348,214,16.0,56.0,0.07,173.0,
2025-03-20 07:32:27,176.0,45.0,177.0,27.0,175.0,72.0,178.0,54.0,176.5,1.0,117.0,81.0,1.25333554965719,198,36.0,-16.0,0.18,173.0,
2025-03-20 07:32:28,176.0,50.0,177.0,30.0,175.0,80.0,178.0,54.0,176.5,1.0,130.0,84.0,1.1440148600584077,214,46.0,16.0,0.21,173.0,
2025-03-20 07:32:29,176.0,50.0,177.0,30.0,175.0,80.0,178.0,48.0,176.5,1.0,130.0,78.0,0.9585249084058498,208,52.0,-6.0,0.25,173.0,
2025-03-20 07:32:30,175.5,32.0,176.95,19.0,174.14,56.0,177.94,51.0,176.22,1.4499999999999886,88.0,70.0,0.6377303505670961,158,18.0,-50.0,0.11,176.0,5.0
2025-03-20 07:32:31,175.0,99.0,176.81,43.0,172.0,104.0,177.36,56.0,175.91,1.8100000000000025,203.0,99.0,0.2622594136240466,302,104.0,144.0,0.34,175.0,1.0
2025-03-20 07:32:32,175.0,77.0,177.0,77.0,172.0,88.0,178.0,44.0,176.0,2.0,165.0,121.0,0.2743720102970203,286,44.0,-16.0,0.15,175.0,
2025-03-20 07:32:33,175.4,105.0,177.0,96.0,173.11,114.0,178.0,60.0,176.2,1.5999999999999943,219.0,156.0,0.2284294202471037,375,63.0,89.0,0.17,175.0,
2025-03-20 07:32:34,176.62,74.0,178.0,28.0,174.06,51.0,182.0,35.0,177.31,1.3799999999999957,125.0,63.0,0.5645086359254743,188,62.0,-170.5,0.33,177.0,7.0
2025-03-20 07:32:35,177.0,128.0,178.0,44.0,175.0,77.0,182.0,55.0,177.5,1.0,205.0,99.0,0.7597565399747852,304,106.0,116.0,0.35,177.0,2.0
2025-03-20 07:32:36,177.0,128.0,178.0,60.0,175.0,105.0,182.0,75.0,177.5,1.0,233.0,135.0,0.7396080043066555,368,98.0,64.0,0.27,177.0,2.0
2025-03-20 07:32:37,177.0,28.0,178.0,28.0,175.0,49.0,182.0,35.0,177.5,1.0,77.0,63.0,0.5661448578186313,140,14.0,-170.5,0.1,177.0,4.0
2025-03-20 07:32:38,177.0,16.0,178.0,16.0,175.0,28.0,182.0,20.0,177.5,1.0,44.0,36.0,0.0849705833478629,80,8.0,-60.0,0.1,177.0,
2025-03-20 07:32:39,175.77,35.0,178.0,40.0,174.01,73.0,182.0,50.0,176.89,2.2299999999999898,108.0,90.0,0.2728002933181678,198,18.0,118.0,0.09,177.0,4.0
2025-03-20 07:32:40,176.71,49.0,178.0,32.0,174.58,57.0,182.0,40.0,177.36,1.289999999999992,106.0,72.0,0.2641968963377071,178,34.0,-20.0,0.19,177.0,2.0
2025-03-20 07:32:41,177.0,30.0,178.0,28.0,175.0,49.0,182.0,35.0,177.5,1.0,79.0,63.0,0.2641968963377071,142,16.0,-36.0,0.11,177.0,3.0
2025-03-20 07:32:42,177.0,24.0,178.0,32.0,175.19,52.0,182.0,40.0,177.5,1.0,76.0,72.0,0.2641968963377071,148,4.0,6.0,0.03,177.0,
2025-03-20 07:32:43,176.23,39.0,178.0,36.0,174.57,77.0,182.0,45.0,177.12,1.7700000000000102,116.0,81.0,0.2649150807984856,197,35.0,49.0,0.18,177.0,
2025-03-20 07:32:44,176.0,50.0,179.05,38.0,175.0,160.0,194.36,44.0,177.53,3.050000000000012,210.0,82.0,0.1709385855635888,292,128.0,95.0,0.44,177.0,
2025-03-20 07:32:45,176.0,50.0,178.0,30.0,175.0,160.0,182.0,50.0,177.0,2.0,210.0,80.0,0.2503996805798125,290,130.0,-2.0,0.45,177.0,
2025-03-20 07:32:46,176.0,55.0,177.07,43.0,175.0,176.0,178.57,35.0,176.53,1.0699999999999932,231.0,78.0,0.410402241751243,309,153.0,19.0,0.5,177.0,
2025-03-20 07:32:47,176.0,34.0,177.0,40.0,175.0,160.0,178.2,30.0,176.5,1.0,194.0,70.0,0.4317754046195986,264,124.0,-45.0,0.47,176.0,4.0
2025-03-20 07:32:48,175.02,122.0,177.88,41.0,172.92,104.0,180.33,45.0,176.45,2.859999999999985,226.0,86.0,0.4632170118145495,312,140.0,48.0,0.45,175.2,5.0
2025-03-20 07:32:49,175.0,108.0,177.0,45.0,172.0,72.0,179.0,27.0,176.0,2.0,180.0,72.0,0.3547252458373225,252,108.0,-60.0,0.43,175.2,
2025-03-20 07:32:50,175.0,142.0,176.56,54.0,172.0,112.0,177.62,58.0,175.78,1.5600000000000025,254.0,112.0,0.3406904754088362,366,142.0,114.0,0.39,175.0,2.0
2025-03-20 07:32:51,175.0,100.0,176.88,34.0,174.0,170.0,177.83,46.0,175.94,1.8799999999999957,270.0,80.0,0.3219937888131903,350,190.0,-16.0,0.54,176.0,3.0
2025-03-20 07:32:52,175.17,29.0,179.0,20.0,174.14,59.0,180.0,12.0,177.09,3.830000000000013,88.0,32.0,0.5303489417678756,120,56.0,-170.5,0.47,175.0,2.0
2025-03-20 07:32:53,177.24,42.0,179.3,50.0,175.3,69.0,181.09,46.0,178.27,2.0600000000000023,111.0,96.0,1.060155648965947,207,15.0,87.0,0.07,179.0,5.0
2025-03-20 07:32:54,177.0,26.0,180.0,39.0,175.0,104.0,182.0,65.0,178.5,3.0,130.0,104.0,1.2664635802242938,234,26.0,27.0,0.11,179.0,
2025-03-20 07:32:55,177.6,25.0,180.0,24.0,175.26,46.0,221.38,32.0,178.8,2.4000000000000057,71.0,56.0,1.1877078765566431,127,15.0,-107.0,0.12,178.0,5.0
2025-03-20 07:32:56,177.0,16.0,180.0,31.0,175.0,64.0,182.0,16.0,178.5,3.0,80.0,47.0,0.6655599146844641,127,33.0,0.0,0.26,178.0,
2025-03-20 07:32:57,176.0,32.0,178.79,38.0,174.91,70.0,180.07,28.0,177.39,2.789999999999992,102.0,66.0,0.5382099962234196,168,36.0,41.0,0.21,177.0,2.0
2025-03-20 07:32:58,176.58,118.0,179.0,33.0,174.6,53.0,180.0,21.0,177.79,2.4199999999999875,171.0,54.0,0.5839777393315564,225,117.0,57.0,0.52,178.0,2.0
2025-03-20 07:32:59,178.0,105.0,179.0,21.0,175.0,56.0,180.0,21.0,178.5,1.0,161.0,42.0,0.5839777393315564,203,119.0,-22.0,0.59,178.0,
2025-03-20 07:33:00,178.0,166.0,179.0,36.0,175.08,61.0,180.0,32.0,178.5,1.0,227.0,68.0,0.5181023065329656,295,159.0,92.0,0.54,178.0,2.0
2025-03-20 07:33:01,177.53,51.0,179.0,45.0,175.03,99.0,194.89,36.0,178.26,1.4699999999999989,150.0,81.0,0.4860761257609432,231,69.0,-64.0,0.3,178.0,
2025-03-20 07:33:02,176.0,12.0,179.0,36.0,175.0,96.0,180.0,48.0,177.5,3.0,108.0,84.0,0.447548880050846,192,24.0,-39.0,0.12,178.0,
2025-03-20 07:33:03,176.86,21.0,179.0,36.0,175.27,33.0,180.0,48.0,177.93,2.1399999999999864,54.0,84.0,0.4264035647538284,138,-30.0,-54.0,-0.22,178.0,
2025-03-20 07:33:04,177.0,20.0,179.0,30.0,176.0,10.0,180.0,40.0,178.0,2.0,30.0,70.0,0.3759255245853258,100,-40.0,-38.0,-0.4,178.0,
2025-03-20 07:33:05,175.5,56.0,179.0,39.0,174.16,88.0,180.0,52.0,177.25,3.5,144.0,91.0,0.4062880751815196,235,53.0,135.0,0.23,176.25,4.0
2025-03-20 07:33:06,175.0,48.0,179.0,27.0,174.0,63.0,180.0,36.0,177.0,4.0,111.0,63.0,0.4303835499117698,174,48.0,-61.0,0.28,175.0,3.0
2025-03-20 07:33:07,175.0,40.0,179.0,30.0,174.0,70.0,180.0,40.0,177.0,4.0,110.0,70.0,0.4941963173017757,180,40.0,6.0,0.22,175.0,
2025-03-20 07:33:08,175.33,36.0,179.0,36.0,174.09,69.0,180.0,48.0,177.17,3.669999999999988,105.0,84.0,0.4147649937429672,189,21.0,9.0,0.11,175.0,2.0
2025-03-20 07:33:09,177.0,18.0,180.0,36.0,175.0,18.0,182.0,18.0,178.5,3.0,36.0,54.0,0.6332692950353978,90,-18.0,-99.0,-0.2,175.0,
2025-03-20 07:33:10,177.0,28.0,179.17,29.0,175.0,28.0,179.45,51.0,178.09,2.1699999999999875,56.0,80.0,0.6970437576183229,136,-24.0,46.0,-0.18,177.0,2.0
2025-03-20 07:33:11,175.16,31.0,178.0,14.0,174.02,93.0,179.59,49.0,176.58,2.8400000000000034,124.0,63.0,0.7981666492873808,187,61.0,51.0,0.33,177.0,
2025-03-20 07:33:12,175.0,18.0,178.47,15.0,174.0,77.0,180.1,39.0,176.73,3.469999999999999,95.0,54.0,0.8454761972016921,149,41.0,-38.0,0.28,175.0,1.0
2025-03-20 07:33:13,174.6,15.0,179.0,10.0,173.8,70.0,180.0,44.0,176.8,4.400000000000006,85.0,54.0,0.8873274480340468,139,31.0,-10.0,0.22,174.5,2.0
2025-03-20 07:33:14,174.0,54.0,179.0,9.0,172.0,63.0,180.0,36.0,176.5,5.0,117.0,45.0,0.653720123626718,162,72.0,23.0,0.44,174.5,
2025-03-20 07:33:15,174.0,48.0,179.0,8.0,172.0,56.0,180.0,32.0,176.5,5.0,104.0,40.0,0.1368210511378236,144,64.0,-18.0,0.44,174.5,
2025-03-20 07:33:16,174.4,20.0,179.0,10.0,173.55,62.0,180.0,40.0,176.7,4.599999999999994,82.0,50.0,0.1381303733234105,132,32.0,-12.0,0.24,174.5,
2025-03-20 07:33:17,177.31,13.0,179.0,13.0,174.0,78.0,180.0,52.0,178.15,1.6899999999999975,91.0,65.0,0.6942621983332585,156,26.0,24.0,0.17,174.5,
2025-03-20 07:33:18,178.0,10.0,179.0,10.0,174.0,60.0,180.0,40.0,178.5,1.0,70.0,50.0,0.974422906152456,120,20.0,-36.0,0.17,174.5,
2025-03-20 07:33:19,178.0,10.0,179.0,10.0,174.0,63.0,180.0,40.0,178.5,1.0,73.0,50.0,0.9896969233228252,123,23.0,3.0,0.19,174.5,
2025-03-20 07:33:20,178.0,13.0,179.0,13.0,174.54,78.0,180.0,52.0,178.5,1.0,91.0,65.0,0.7807048097935172,156,26.0,33.0,0.17,174.5,
2025-03-20 07:33:21,175.0,77.0,178.02,47.0,174.0,57.0,179.09,44.0,176.51,3.0200000000000102,134.0,91.0,0.8642164081031551,225,43.0,69.0,0.19,178.0,1.0
2025-03-20 07:33:22,175.0,91.0,177.81,62.0,174.0,65.0,178.85,47.0,176.4,2.8100000000000023,156.0,109.0,1.1207675941222843,265,47.0,40.0,0.18,178.0,
2025-03-20 07:33:23,174.94,51.0,177.6,50.0,172.56,73.0,179.6,45.0,176.27,2.6599999999999966,124.0,95.0,1.1569917890955703,219,29.0,-46.0,0.13,176.0,5.0
2025-03-20 07:33:24,174.63,95.0,177.0,84.0,172.7,81.0,180.21,87.0,175.82,2.3700000000000045,176.0,171.0,1.0398798007627972,347,5.0,128.0,0.01,176.0,
2025-03-20 07:33:25,175.0,75.0,176.0,60.0,174.0,75.0,178.0,15.0,175.5,1.0,150.0,75.0,0.42585208703771,225,75.0,-122.0,0.33,176.0,
2025-03-20 07:33:26,174.67,45.0,179.6,25.0,171.0,60.0,181.64,44.0,177.13,4.930000000000007,105.0,69.0,0.6207495469465882,174,36.0,-51.0,0.21,175.44,9.0
2025-03-20 07:33:27,174.0,20.0,180.0,18.0,172.0,4.0,183.0,24.0,177.0,6.0,24.0,42.0,0.7142338552843966,66,-18.0,-108.0,-0.27,175.44,
2025-03-20 07:33:28,174.0,60.0,178.33,60.0,172.0,12.0,180.0,54.0,176.17,4.3300000000000125,72.0,114.0,0.7182130603340561,186,-42.0,120.0,-0.23,175.44,
2025-03-20 07:33:29,174.0,65.0,176.15,65.0,172.0,13.0,179.62,52.0,175.08,2.1500000000000057,78.0,117.0,0.9010160931050978,195,-39.0,9.0,-0.2,175.44,
2025-03-20 07:33:30,168.92,26.0,175.0,40.0,167.91,66.0,179.0,32.0,171.96,6.0800000000000125,92.0,72.0,2.1247752822438044,164,20.0,-31.0,0.12,173.67,6.0
2025-03-20 07:33:31,168.0,100.0,174.53,47.0,167.0,30.0,179.67,36.0,171.27,6.530000000000001,130.0,83.0,2.552044278619405,213,47.0,49.0,0.22,174.0,1.0
2025-03-20 07:33:32,168.0,127.0,172.78,36.0,167.0,39.0,174.91,47.0,170.39,4.780000000000001,166.0,83.0,2.5128927553785187,249,83.0,36.0,0.33,174.0,
2025-03-20 07:33:33,168.0,130.0,170.71,34.0,167.0,39.0,171.55,44.0,169.35,2.710000000000008,169.0,78.0,2.1722683996305925,247,91.0,-2.0,0.37,174.0,
2025-03-20 07:33:34,168.0,88.0,169.6,20.0,167.0,30.0,172.3,40.0,168.8,1.5999999999999943,118.0,60.0,1.3079105474126944,178,58.0,-69.0,0.33,168.0,4.0
2025-03-20 07:33:35,168.0,44.0,171.4,20.0,165.35,17.0,175.29,28.0,169.7,3.4000000000000057,61.0,48.0,0.9577943411992382,109,13.0,-69.0,0.12,168.0,2.0
2025-03-20 07:33:36,168.68,22.0,175.0,40.0,166.42,19.0,177.0,20.0,171.84,6.319999999999993,41.0,60.0,1.1714222125405065,101,-19.0,-8.0,-0.19,168.0,3.0
2025-03-20 07:33:37,170.7,50.0,175.0,40.0,168.91,47.0,177.0,20.0,172.85,4.300000000000011,97.0,60.0,1.744296419773128,157,37.0,56.0,0.24,168.0,
2025-03-20 07:33:38,172.0,70.0,175.14,58.0,169.1,50.0,177.54,39.0,173.57,3.1399999999999864,120.0,97.0,2.039821070592568,217,23.0,60.0,0.11,168.0,
2025-03-20 07:33:39,173.83,30.0,175.0,30.0,172.83,30.0,178.0,24.0,174.42,1.1699999999999875,60.0,54.0,1.8184141442568864,114,6.0,-103.0,0.05,168.0,
2025-03-20 07:33:40,174.0,50.0,175.0,49.0,173.0,50.0,178.0,40.0,174.5,1.0,100.0,89.0,1.119030830689467,189,11.0,75.0,0.06,175.0,1.0
2025-03-20 07:33:41,174.0,45.0,175.0,28.0,171.79,33.0,178.0,28.0,174.5,1.0,78.0,56.0,0.7380176149886838,134,22.0,-55.0,0.16,174.0,3.0
2025-03-20 07:33:42,174.0,75.0,177.23,43.0,168.0,52.0,178.55,44.0,175.62,3.2299999999999898,127.0,87.0,0.7285739495985222,214,40.0,80.0,0.19,175.0,4.0
2025-03-20 07:33:43,174.17,24.0,178.0,32.0,171.33,36.0,179.0,24.0,176.08,3.830000000000013,60.0,56.0,0.7720621736839595,116,4.0,-98.0,0.03,175.0,
2025-03-20 07:33:44,174.5,8.0,178.0,24.0,171.2,25.0,179.0,18.0,176.25,3.5,33.0,42.0,0.8445116932485824,75,-9.0,-41.0,-0.12,174.4,5.0
2025-03-20 07:33:45,174.47,17.0,178.0,20.0,169.33,18.0,179.0,15.0,176.24,3.530000000000001,35.0,35.0,0.7378482228978954,70,0.0,-5.0,0.0,174.4,
2025-03-20 07:33:46,175.21,28.0,177.4,30.0,174.0,27.0,178.27,33.0,176.31,2.1899999999999977,55.0,63.0,0.2815137652648203,118,-8.0,48.0,-0.07,175.0,2.0
2025-03-20 07:33:47,176.0,12.0,177.0,18.0,174.0,18.0,178.0,14.0,176.5,1.0,30.0,32.0,0.1514265499625764,62,-2.0,-56.0,-0.03,175.0,
2025-03-20 07:33:48,174.5,40.0,176.76,25.0,172.86,35.0,178.96,48.0,175.63,2.259999999999991,75.0,73.0,0.3279176726460067,148,2.0,86.0,0.01,177.0,2.0
2025-03-20 07:33:49,174.0,39.0,176.0,13.0,172.0,26.0,179.0,26.0,175.0,2.0,65.0,39.0,0.6164657330570612,104,26.0,-44.0,0.25,177.0,
2025-03-20 07:33:50,173.91,23.0,177.08,12.0,169.58,31.0,179.33,18.0,175.5,3.170000000000016,54.0,30.0,0.6140602576568377,84,24.0,-20.0,0.29,173.5,4.0
2025-03-20 07:33:51,172.0,3.0,179.0,6.0,167.0,45.0,180.0,6.0,175.5,7.0,48.0,12.0,0.5448669562687655,60,36.0,-24.0,0.6,173.5,
2025-03-20 07:33:52,172.97,161.0,179.0,28.0,167.54,84.0,180.0,28.0,175.98,6.030000000000001,245.0,56.0,0.3517385393066776,301,189.0,169.5,0.63,173.0,3.0
2025-03-20 07:33:53,173.39,83.0,179.0,26.0,172.96,125.0,180.0,26.0,176.19,5.610000000000014,208.0,52.0,0.4654889902388554,260,156.0,-41.0,0.6,173.0,
2025-03-20 07:33:54,177.79,33.0,179.44,18.0,173.08,51.0,275.67,18.0,178.62,1.6500000000000057,84.0,36.0,1.3000076922978478,120,48.0,-140.0,0.4,178.33,6.0
2025-03-20 07:33:55,177.0,6.0,180.0,12.0,172.0,6.0,307.0,10.0,178.5,3.0,12.0,22.0,1.4842573900889229,34,-10.0,-86.0,-0.29,178.33,
2025-03-20 07:33:56,177.79,34.0,180.0,20.0,173.5,10.0,182.0,10.0,178.9,2.210000000000008,44.0,30.0,1.427031884729136,74,14.0,40.0,0.19,178.33,
2025-03-20 07:33:57,178.0,28.0,180.0,16.0,177.0,8.0,182.0,8.0,179.0,2.0,36.0,24.0,1.164869091371888,60,12.0,-14.0,0.2,178.0,8.0
2025-03-20 07:33:58,178.29,7.0,180.0,14.0,177.0,7.0,182.0,11.0,179.14,1.710000000000008,14.0,25.0,0.265932322280566,39,-11.0,-21.0,-0.28,178.0,
2025-03-20 07:33:59,178.67,12.0,180.0,24.0,175.25,24.0,182.0,12.0,179.33,1.3300000000000125,36.0,36.0,0.3102901868147487,72,0.0,33.0,0.0,179.0,1.0
2025-03-20 07:34:00,175.0,20.0,180.0,18.0,173.85,40.0,182.0,9.0,177.5,5.0,60.0,27.0,0.7302602276131068,87,33.0,15.0,0.38,174.75,4.0
2025-03-20 07:34:01,176.0,32.0,178.06,64.0,174.0,64.0,179.38,21.0,177.03,2.0600000000000023,96.0,85.0,1.055864574665508,181,11.0,94.0,0.06,174.75,
2025-03-20 07:34:02,176.0,17.0,177.0,50.0,174.0,40.0,179.0,17.0,176.5,1.0,57.0,67.0,1.2707674846460402,124,-10.0,-57.0,-0.08,176.0,1.0
2025-03-20 07:34:03,174.87,30.0,177.0,70.0,173.33,36.0,179.0,14.0,175.93,2.1299999999999955,66.0,84.0,1.2982565232008958,150,-18.0,26.0,-0.12,174.67,3.0
2025-03-20 07:34:04,175.42,36.0,177.0,51.0,174.43,35.0,179.0,12.0,176.21,1.5800000000000125,71.0,63.0,0.6324792486981018,134,8.0,-16.0,0.06,177.0,3.0
2025-03-20 07:34:05,175.0,21.0,178.27,41.0,174.0,34.0,179.55,11.0,176.63,3.2700000000000102,55.0,52.0,0.4179712909204801,107,3.0,-27.0,0.03,175.0,2.0
2025-03-20 07:34:06,174.31,13.0,179.5,16.0,173.03,31.0,181.71,7.0,176.9,5.189999999999998,44.0,23.0,0.3755396118037798,67,21.0,-40.0,0.31,174.5,2.0
2025-03-20 07:34:07,174.0,33.0,175.93,43.0,172.0,55.0,180.75,16.0,174.97,1.9300000000000068,88.0,59.0,0.7474757521376758,147,29.0,80.0,0.2,174.5,
2025-03-20 07:34:08,174.0,24.0,175.0,40.0,172.0,40.0,181.75,8.0,174.5,1.0,64.0,48.0,1.0532188756539815,112,16.0,-35.0,0.14,174.5,
2025-03-20 07:34:09,172.65,37.0,178.2,30.0,170.8,50.0,263.17,12.0,175.42,5.549999999999983,87.0,42.0,1.0434222539479705,129,45.0,17.0,0.35,174.62,8.0
2025-03-20 07:34:10,172.0,40.0,180.57,35.0,170.0,48.0,181.59,17.0,176.29,8.569999999999993,88.0,52.0,0.975207670208694,140,36.0,11.0,0.26,174.62,
2025-03-20 07:34:11,172.0,60.0,179.81,63.0,170.0,72.0,180.67,54.0,175.9,7.810000000000002,132.0,117.0,0.713463383807397,249,15.0,109.0,0.06,174.62,
2025-03-20 07:34:12,172.0,40.0,178.47,17.0,170.0,48.0,179.47,38.0,175.24,6.469999999999999,88.0,55.0,0.6807348970295947,143,33.0,-106.0,0.23,176.0,1.0
2025-03-20 07:34:13,172.0,25.0,179.0,20.0,170.0,30.0,180.0,30.0,175.5,7.0,55.0,50.0,0.4223742416789474,105,5.0,-38.0,0.05,176.0,
2025-03-20 07:34:14,172.0,50.0,179.0,70.0,170.0,60.0,180.0,10.0,175.5,7.0,110.0,80.0,0.4119223228156774,190,30.0,85.0,0.16,176.0,
2025-03-20 07:34:15,172.0,45.0,179.0,45.0,170.0,54.0,180.0,9.0,175.5,7.0,99.0,54.0,0.2364741001333793,153,45.0,-37.0,0.29,176.0,
2025-03-20 07:34:16,174.57,28.0,178.0,18.0,171.43,42.0,178.97,33.0,176.29,3.430000000000007,70.0,51.0,0.3985975414297889,121,19.0,-32.0,0.16,176.0,
2025-03-20 07:34:17,176.0,23.0,177.0,59.0,172.0,55.0,178.0,18.0,176.5,1.0,78.0,77.0,0.495802380020327,155,1.0,34.0,0.01,176.0,2.0
2025-03-20 07:34:18,175.73,11.0,177.0,64.0,172.06,51.0,179.8,20.0,176.36,1.2700000000000102,62.0,84.0,0.4896937819023092,146,-22.0,-9.0,-0.15,176.0,1.0
2025-03-20 07:34:19,175.0,5.0,177.0,41.0,172.0,25.0,181.0,20.0,176.0,2.0,30.0,61.0,0.3966106403436052,91,-31.0,-55.0,-0.34,176.0,
2025-03-20 07:34:20,175.91,33.0,177.0,99.0,173.04,23.0,181.0,44.0,176.45,1.0900000000000034,56.0,143.0,0.1963415392465999,199,-87.0,108.0,-0.44,176.0,1.0
2025-03-20 07:34:21,176.0,30.0,177.0,59.0,175.0,10.0,181.0,40.0,176.5,1.0,40.0,99.0,0.2102855202664121,139,-59.0,-60.0,-0.42,176.0,
2025-03-20 07:34:22,176.0,33.0,177.0,66.0,172.78,27.0,250.23,26.0,176.5,1.0,60.0,92.0,0.2102855202664121,152,-32.0,13.0,-0.21,176.0,
2025-03-20 07:34:23,174.36,61.0,177.0,45.0,170.58,74.0,240.98,41.0,175.68,2.6399999999999864,135.0,86.0,0.3706480811143381,221,49.0,69.0,0.22,175.75,8.0
2025-03-20 07:34:24,172.0,35.0,177.0,21.0,167.0,56.0,181.0,35.0,174.5,5.0,91.0,56.0,0.8699885056906292,147,35.0,-74.0,0.24,175.75,
2025-03-20 07:34:25,173.09,35.0,177.0,29.0,170.38,74.0,181.0,65.0,175.04,3.9099999999999966,109.0,94.0,0.8860474028142571,203,15.0,56.0,0.07,177.0,2.0
2025-03-20 07:34:26,176.0,22.0,177.0,11.0,172.16,49.0,181.0,55.0,176.5,1.0,71.0,66.0,0.8860474028142571,137,5.0,-66.0,0.04,177.0,
2025-03-20 07:34:27,176.0,25.0,177.0,11.0,174.0,22.0,181.0,55.0,176.5,1.0,47.0,66.0,0.8860474028142571,113,-19.0,-24.0,-0.17,176.0,1.0
2025-03-20 07:34:28,174.15,13.0,180.87,31.0,169.76,41.0,275.97,30.0,177.51,6.719999999999999,54.0,61.0,1.2197540735877088,115,-7.0,2.0,-0.06,177.0,1.0
2025-03-20 07:34:29,174.17,24.0,179.12,49.0,170.44,36.0,193.33,51.0,176.64,4.950000000000017,60.0,100.0,0.8877049059421288,160,-40.0,45.0,-0.25,177.0,
2025-03-20 07:34:30,174.87,30.0,176.53,60.0,173.73,30.0,178.03,62.0,175.7,1.6599999999999966,60.0,122.0,0.6432728814692051,182,-62.0,22.0,-0.34,175.0,2.0
2025-03-20 07:34:31,173.0,38.0,179.57,49.0,171.06,34.0,187.21,80.0,176.29,6.569999999999993,72.0,129.0,0.6557209772713546,201,-57.0,19.0,-0.28,173.33,6.0
2025-03-20 07:34:32,169.0,26.0,179.54,26.0,167.0,50.0,181.0,65.0,174.27,10.539999999999992,76.0,91.0,1.2065529412478102,167,-15.0,-34.0,-0.09,173.33,
2025-03-20 07:34:33,169.0,30.0,177.51,39.0,167.0,60.0,179.88,48.0,173.26,8.509999999999991,90.0,87.0,1.4261030818401186,177,3.0,10.0,0.02,173.33,
2025-03-20 07:34:34,169.0,12.0,170.71,17.0,167.0,24.0,176.23,13.0,169.85,1.710000000000008,36.0,30.0,2.5444901257489896,66,6.0,-111.0,0.09,173.33,
2025-03-20 07:34:35,167.53,30.0,169.69,32.0,166.31,32.0,172.71,35.0,168.61,2.1599999999999966,62.0,67.0,3.170943077387911,129,-5.0,63.0,-0.04,169.0,2.0
2025-03-20 07:34:36,167.0,10.0,168.0,18.0,166.0,18.0,169.96,25.0,167.5,1.0,28.0,43.0,2.9423239114745066,71,-15.0,-58.0,-0.21,167.67,3.0
2025-03-20 07:34:37,168.16,31.0,170.0,33.0,166.22,18.0,171.0,11.0,169.08,1.8400000000000036,49.0,44.0,2.1852116602367757,93,5.0,22.0,0.05,167.67,
2025-03-20 07:34:38,169.0,48.0,170.0,14.0,166.38,13.0,171.0,8.0,169.5,1.0,61.0,22.0,0.9136027583336672,83,39.0,-10.0,0.47,170.0,2.0
2025-03-20 07:34:39,169.0,42.0,170.0,7.0,166.0,14.0,171.0,7.0,169.5,1.0,56.0,14.0,0.8332586633422422,70,42.0,-13.0,0.6,170.0,
2025-03-20 07:34:40,168.57,37.0,170.29,7.0,165.92,13.0,175.0,15.0,169.43,1.7199999999999989,50.0,22.0,0.8575080174755647,72,28.0,2.0,0.39,170.0,1.0
2025-03-20 07:34:41,168.38,40.0,171.0,11.0,167.67,36.0,177.0,45.0,169.69,2.6200000000000045,76.0,56.0,0.2232711356955962,132,20.0,60.0,0.15,169.0,1.0
2025-03-20 07:34:42,169.0,44.0,171.0,11.0,168.0,55.0,177.0,55.0,170.0,2.0,99.0,66.0,0.2313655117660818,165,33.0,33.0,0.2,169.0,
2025-03-20 07:34:43,169.61,49.0,175.44,27.0,168.22,37.0,177.36,55.0,172.53,5.829999999999984,86.0,82.0,1.3045497307633434,168,4.0,3.0,0.02,170.0,2.0
2025-03-20 07:34:44,170.08,39.0,177.0,60.0,166.33,27.0,178.0,60.0,173.54,6.919999999999988,66.0,120.0,1.868574322855427,186,-54.0,18.0,-0.29,170.0,
2025-03-20 07:34:45,167.23,39.0,176.93,57.0,166.0,26.0,177.85,65.0,172.08,9.700000000000015,65.0,122.0,1.6629702342599435,187,-57.0,1.0,-0.3,170.0,
2025-03-20 07:34:46,168.0,36.0,174.0,80.0,166.0,24.0,176.39,36.0,171.0,6.0,60.0,116.0,1.3706202975421542,176,-56.0,-11.0,-0.32,170.0,
2025-03-20 07:34:47,169.68,69.0,174.0,120.0,167.76,34.0,175.43,23.0,171.84,4.319999999999993,103.0,143.0,0.9338736531429208,246,-40.0,70.0,-0.16,170.0,
2025-03-20 07:34:48,170.0,114.0,172.05,57.0,167.0,51.0,174.23,79.0,171.03,2.050000000000012,165.0,136.0,1.0359150544492175,301,29.0,55.0,0.1,170.0,5.0
2025-03-20 07:34:49,167.28,36.0,173.86,73.0,165.38,32.0,175.58,90.0,170.57,6.5800000000000125,68.0,163.0,0.631609056327234,231,-95.0,-70.0,-0.41,168.71,7.0
2025-03-20 07:34:50,167.0,20.0,170.0,30.0,165.0,20.0,175.0,60.0,168.5,3.0,40.0,90.0,1.2542607384569708,130,-50.0,-101.0,-0.38,168.71,
2025-03-20 07:34:51,167.0,20.0,169.86,28.0,164.57,14.0,174.44,54.0,168.43,2.8600000000000136,34.0,82.0,1.5377678628566265,116,-48.0,-14.0,-0.41,168.71,
2025-03-20 07:34:52,168.0,30.0,173.78,49.0,165.41,34.0,175.06,96.0,170.89,5.780000000000001,64.0,145.0,1.3062848081619225,209,-81.0,93.0,-0.39,169.6,5.0
2025-03-20 07:34:53,170.38,26.0,172.71,42.0,164.0,127.0,175.77,65.0,171.55,2.3300000000000125,153.0,107.0,1.4347194847894933,260,46.0,51.0,0.18,169.6,
2025-03-20 07:34:54,164.44,63.0,174.18,22.0,163.25,32.0,175.75,8.0,169.31,9.740000000000007,95.0,30.0,1.41749074072272,125,65.0,-135.0,0.52,174.45,11.0
2025-03-20 07:34:55,174.0,84.0,176.0,48.0,164.34,104.0,177.0,12.0,175.0,2.0,188.0,60.0,2.5381646912749014,248,128.0,123.0,0.52,174.0,4.0
2025-03-20 07:34:56,174.2,25.0,176.25,16.0,168.66,59.0,200.08,26.0,175.22,2.050000000000012,84.0,42.0,2.610695309689474,126,42.0,-122.0,0.33,174.0,
2025-03-20 07:34:57,174.38,16.0,176.0,34.0,171.76,41.0,177.0,8.0,175.19,1.6200000000000043,57.0,42.0,2.6981716031480616,99,15.0,-27.0,0.15,176.0,1.0
2025-03-20 07:34:58,174.0,50.0,176.0,60.0,166.09,46.0,177.5,10.0,175.0,2.0,96.0,70.0,2.592533509915459,166,26.0,67.0,0.16,176.0,
2025-03-20 07:34:59,174.0,35.0,175.88,34.0,166.02,43.0,176.59,17.0,174.94,1.8799999999999957,78.0,51.0,0.126095202266107,129,27.0,-37.0,0.21,176.0,
2025-03-20 07:35:00,174.0,40.0,175.0,16.0,166.0,56.0,176.0,34.0,174.5,1.0,96.0,50.0,0.2887905816236696,146,46.0,17.0,0.32,176.0,
2025-03-20 07:35:01,174.0,30.0,176.0,34.0,166.4,60.0,177.0,10.0,175.0,2.0,90.0,44.0,0.2560859231479553,134,46.0,-12.0,0.34,174.67,3.0
2025-03-20 07:35:02,174.0,21.0,176.0,21.0,172.0,14.0,177.0,7.0,175.0,2.0,35.0,28.0,0.2184490788136734,63,7.0,-71.0,0.11,174.67,
2025-03-20 07:35:03,174.0,15.0,176.0,15.0,172.0,10.0,177.0,5.0,175.0,2.0,25.0,20.0,0.2184490788136734,45,5.0,-18.0,0.11,174.67,
2025-03-20 07:35:04,174.0,11.0,175.0,35.0,172.0,14.0,176.0,21.0,174.5,1.0,25.0,56.0,0.273861278815651,81,-31.0,36.0,-0.38,174.0,2.0
2025-03-20 07:35:05,174.0,4.0,175.0,20.0,172.0,8.0,176.0,12.0,174.5,1.0,12.0,32.0,0.273861278815651,44,-20.0,-37.0,-0.45,174.0,
2025-03-20 07:35:06,169.8,40.0,175.0,50.0,169.26,23.0,176.0,30.0,172.4,5.199999999999989,63.0,80.0,1.080277742080498,143,-17.0,99.0,-0.12,173.2,5.0
2025-03-20 07:35:07,166.17,42.0,174.18,22.0,165.32,22.0,175.16,38.0,170.17,8.01000000000002,64.0,60.0,2.023358594029874,124,4.0,-19.0,0.03,173.2,
2025-03-20 07:35:08,166.56,32.0,172.93,43.0,165.08,88.0,174.89,91.0,169.75,6.3700000000000045,120.0,134.0,2.2761217014989588,254,-14.0,130.0,-0.06,173.2,
2025-03-20 07:35:09,167.1,20.0,170.09,45.0,165.09,85.0,172.16,43.0,168.59,2.990000000000009,105.0,88.0,2.357746805752152,193,17.0,-61.0,0.09,173.2,
2025-03-20 07:35:10,167.43,14.0,170.28,18.0,165.36,22.0,172.42,26.0,168.85,2.8499999999999943,36.0,44.0,1.5124880164928451,80,-8.0,-113.0,-0.1,169.62,8.0
2025-03-20 07:35:11,165.86,14.0,172.0,7.0,163.19,16.0,174.0,51.0,168.93,6.139999999999986,30.0,58.0,0.669716357896725,88,-28.0,8.0,-0.32,169.62,
2025-03-20 07:35:12,166.03,31.0,171.73,11.0,162.44,18.0,174.0,99.0,168.88,5.699999999999989,49.0,110.0,0.4394314508936206,159,-61.0,71.0,-0.38,169.62,
2025-03-20 07:35:13,167.4,10.0,171.0,10.0,165.56,18.0,174.0,90.0,169.2,3.5999999999999943,28.0,100.0,0.2176005515491146,128,-72.0,-31.0,-0.56,167.5,2.0
2025-03-20 07:35:14,162.67,12.0,171.0,7.0,160.09,47.0,174.0,63.0,166.83,8.330000000000013,59.0,70.0,0.9648160446605862,129,-11.0,1.0,-0.09,167.5,
2025-03-20 07:35:15,162.65,17.0,170.31,26.0,160.58,38.0,173.77,78.0,166.48,7.659999999999997,55.0,104.0,1.2978944487262976,159,-49.0,30.0,-0.31,167.5,
2025-03-20 07:35:16,163.0,8.0,169.88,24.0,162.0,8.0,171.0,12.0,166.44,6.879999999999996,16.0,36.0,1.3588156607997155,52,-20.0,-107.0,-0.38,167.5,
2025-03-20 07:35:17,163.0,12.0,169.0,36.0,162.0,12.0,171.0,52.0,166.0,6.0,24.0,88.0,1.2700787377303102,112,-64.0,60.0,-0.57,167.5,
2025-03-20 07:35:18,163.0,10.0,168.12,25.0,162.0,10.0,170.74,57.0,165.56,5.1200000000000045,20.0,82.0,0.4907341439463031,102,-62.0,-10.0,-0.61,168.0,1.0
2025-03-20 07:35:19,163.77,26.0,168.0,22.0,162.45,11.0,170.0,55.0,165.88,4.22999999999999,37.0,77.0,0.3892557000671061,114,-40.0,12.0,-0.35,168.0,
2025-03-20 07:35:20,164.38,52.0,168.0,26.0,162.24,21.0,170.0,65.0,166.19,3.620000000000005,73.0,91.0,0.3304239701273861,164,-18.0,50.0,-0.11,168.0,
2025-03-20 07:35:21,165.0,48.0,168.0,24.0,162.0,24.0,170.0,60.0,166.5,3.0,72.0,84.0,0.3502570485154328,156,-12.0,-8.0,-0.08,168.0,
2025-03-20 07:35:22,166.36,44.0,168.0,22.0,162.0,22.0,170.0,55.0,167.18,1.6399999999999864,66.0,77.0,0.6211441056910296,143,-11.0,-13.0,-0.08,168.0,
2025-03-20 07:35:23,167.55,62.0,169.77,64.0,159.0,34.0,170.27,41.0,168.66,2.219999999999999,96.0,105.0,1.104409344416571,201,-9.0,58.0,-0.04,168.0,1.0
2025-03-20 07:35:24,165.19,32.0,169.17,60.0,158.76,21.0,170.82,57.0,167.18,3.9799999999999898,53.0,117.0,0.9520609224385872,170,-64.0,-31.0,-0.38,168.33,3.0
2025-03-20 07:35:25,159.0,50.0,168.27,60.0,158.0,15.0,171.0,75.0,163.63,9.27000000000001,65.0,135.0,1.8535641343192528,200,-70.0,30.0,-0.35,168.33,
2025-03-20 07:35:26,159.0,52.0,167.54,52.0,158.0,13.0,171.0,125.0,163.27,8.539999999999992,65.0,177.0,2.394207593345817,242,-112.0,42.0,-0.46,168.33,
2025-03-20 07:35:27,160.0,20.0,165.2,40.0,159.0,20.0,169.47,55.0,162.6,5.199999999999989,40.0,95.0,2.6811695209432265,135,-55.0,-107.0,-0.41,168.33,
2025-03-20 07:35:28,160.0,24.0,164.75,24.0,159.0,24.0,167.77,39.0,162.38,4.75,48.0,63.0,1.9487098296142356,111,-15.0,-24.0,-0.14,165.88,8.0
2025-03-20 07:35:29,165.45,44.0,168.0,12.0,162.53,30.0,169.0,60.0,166.73,2.550000000000012,74.0,72.0,1.7550413100651303,146,2.0,35.0,0.01,165.88,
2025-03-20 07:35:30,167.36,55.0,168.78,27.0,161.0,22.0,169.45,55.0,168.07,1.4199999999999875,77.0,82.0,2.61125448779604,159,-5.0,13.0,-0.03,168.67,3.0
2025-03-20 07:35:31,165.62,52.0,170.15,34.0,159.7,27.0,170.69,74.0,167.88,4.530000000000001,79.0,108.0,2.824954866902268,187,-29.0,28.0,-0.16,170.0,11.0
2025-03-20 07:35:32,161.74,62.0,171.0,72.0,159.61,18.0,172.0,72.0,166.37,9.259999999999993,80.0,144.0,2.3013322228732336,224,-64.0,37.0,-0.29,170.0,
2025-03-20 07:35:33,162.0,48.0,169.67,45.0,159.0,8.0,171.53,47.0,165.83,7.6699999999999875,56.0,92.0,0.968906600263666,148,-36.0,-76.0,-0.24,170.0,
2025-03-20 07:35:34,163.43,56.0,167.0,70.0,162.0,28.0,170.0,70.0,165.21,3.569999999999993,84.0,140.0,1.2600872985767897,224,-56.0,76.0,-0.25,170.0,
2025-03-20 07:35:35,165.86,56.0,169.46,61.0,160.0,28.0,173.5,54.0,167.66,3.5999999999999943,84.0,115.0,1.1553570876722787,199,-31.0,-25.0,-0.16,169.76,17.0
2025-03-20 07:35:36,166.55,22.0,172.0,14.0,163.11,18.0,307.29,35.0,169.27,5.449999999999989,40.0,49.0,1.6179678612489603,89,-9.0,-110.0,-0.1,169.76,
2025-03-20 07:35:37,171.0,72.0,172.0,24.0,170.0,12.0,368.37,54.0,171.5,1.0,84.0,78.0,2.5697918203687937,162,6.0,73.0,0.04,169.76,
2025-03-20 07:35:38,170.0,8.0,341.75,40.0,167.0,32.0,587.82,22.0,255.88,171.75,40.0,62.0,39.18510852351989,102,-22.0,-60.0,-0.22,172.0,2.0
2025-03-20 07:35:39,178.15,105.0,382.0,51.0,168.22,81.0,498.08,60.0,280.08,203.85,186.0,111.0,54.64372077375431,297,75.0,169.5,0.25,172.0,
2025-03-20 07:35:43,172.87,23.0,401.19,27.0,168.54,26.0,525.31,26.0,287.03,228.32,49.0,53.0,44.96766249206212,102,-4.0,11.0,-0.04,173.0,3.0
2025-03-20 07:35:44,169.48,21.0,221.73,22.0,168.38,21.0,523.48,31.0,195.6,52.25,42.0,53.0,75.27766488142422,95,-11.0,-7.0,-0.12,173.0,
2025-03-20 07:35:45,176.39,51.0,219.64,22.0,172.15,26.0,385.0,22.0,198.01,43.25,77.0,44.0,83.30638853053233,121,33.0,26.0,0.27,173.0,
2025-03-20 07:35:50,180.0,7.0,211.12,16.0,178.0,7.0,213.1,20.0,195.56,31.120000000000005,14.0,36.0,1.944826470410746,50,-22.0,-48.0,-0.44,173.0,
2025-03-20 07:35:55,179.18,11.0,190.91,23.0,178.18,11.0,191.29,35.0,185.05,11.72999999999999,22.0,58.0,3.892345051509633,80,-36.0,-37.0,-0.45,180.5,2.0
2025-03-20 07:35:56,179.0,16.0,184.47,36.0,178.0,16.0,186.57,49.0,181.74,5.469999999999999,32.0,85.0,4.515425782804077,117,-53.0,37.0,-0.45,180.5,
2025-03-20 07:35:57,174.58,55.0,179.52,42.0,172.25,238.0,181.1,51.0,177.05,4.939999999999998,293.0,93.0,5.265456295518199,386,200.0,169.5,0.52,178.33,3.0
2025-03-20 07:35:58,174.0,42.0,176.84,19.0,172.0,189.0,177.25,16.0,175.42,2.8400000000000034,231.0,35.0,5.249680942687149,266,196.0,-120.0,0.74,178.33,
2025-03-20 07:35:59,174.0,60.0,175.29,17.0,172.0,297.0,203.82,33.0,174.65,1.289999999999992,357.0,50.0,4.455723285844054,407,307.0,141.0,0.75,174.38,8.0
2025-03-20 07:36:00,172.09,135.0,418.22,27.0,167.44,114.0,563.71,24.0,295.16,246.13,249.0,51.0,52.81837398103063,300,198.0,-107.0,0.66,172.67,3.0
2025-03-20 07:36:01,176.76,58.0,263.45,53.0,172.67,113.0,265.38,52.0,220.11,86.69,171.0,105.0,52.1391328082853,276,66.0,-24.0,0.24,178.0,5.0
2025-03-20 07:36:02,179.82,89.0,263.0,33.0,177.11,18.0,265.0,44.0,221.41,83.18,107.0,77.0,49.14242617128312,184,30.0,-92.0,0.16,178.0,
2025-03-20 07:36:07,179.77,26.0,252.59,17.0,176.76,71.0,254.33,18.0,216.18,72.82,97.0,35.0,2.123998587572805,132,62.0,-94.0,0.47,180.0,4.0
2025-03-20 07:36:08,177.0,74.0,249.68,34.0,176.0,221.0,251.03,31.0,213.34,72.68,295.0,65.0,2.626471016404208,360,230.0,169.5,0.64,177.0,3.0
2025-03-20 07:36:09,178.33,30.0,246.69,32.0,176.93,115.0,248.58,38.0,212.51,68.35999999999999,145.0,70.0,2.584505755461084,215,75.0,-145.0,0.35,177.0,
2025-03-20 07:36:12,180.0,38.0,241.57,21.0,179.0,18.0,243.38,24.0,210.79,61.56999999999999,56.0,45.0,1.0207497244730448,101,11.0,-19.0,0.11,180.0,1.0
2025-03-20 07:36:13,180.0,32.0,239.4,20.0,179.0,16.0,240.6,20.0,209.7,59.400000000000006,48.0,40.0,1.2957353124816289,88,8.0,-13.0,0.09,180.0,
2025-03-20 07:36:14,179.91,45.0,237.0,31.0,178.38,32.0,238.59,34.0,208.46,57.09,77.0,65.0,1.7106519225172456,142,12.0,54.0,0.08,180.0,4.0
2025-03-20 07:36:15,177.29,28.0,207.71,28.0,176.09,112.0,210.32,25.0,192.5,30.420000000000016,140.0,53.0,7.98178676738564,193,87.0,51.0,0.45,178.33,3.0
2025-03-20 07:36:16,177.0,52.0,184.78,51.0,176.0,221.0,185.86,42.0,180.89,7.780000000000001,273.0,93.0,13.25172328416246,366,180.0,169.5,0.49,178.33,
2025-03-20 07:36:17,176.53,30.0,180.64,22.0,175.95,122.0,182.4,30.0,178.58,4.109999999999985,152.0,52.0,14.726478873105208,204,100.0,-162.0,0.49,176.57,7.0
2025-03-20 07:36:18,176.0,158.0,177.45,40.0,174.0,36.0,178.73,30.0,176.72,1.4499999999999886,194.0,70.0,13.264275328867942,264,124.0,60.0,0.47,176.0,5.0
2025-03-20 07:36:19,176.0,74.0,178.59,29.0,174.0,30.0,203.97,29.0,177.29,2.5900000000000034,104.0,58.0,6.519373436152834,162,46.0,-102.0,0.28,176.0,5.0
2025-03-20 07:36:20,176.0,32.0,182.0,32.0,174.0,24.0,337.11,18.0,179.0,6.0,56.0,50.0,1.6279527020203566,106,6.0,-56.0,0.06,176.0,
2025-03-20 07:36:21,174.36,28.0,181.27,60.0,173.27,41.0,520.4,30.0,177.81,6.909999999999997,69.0,90.0,0.9277661343331356,159,-21.0,53.0,-0.13,173.9,10.0
2025-03-20 07:36:22,172.0,45.0,180.3,40.0,171.0,30.0,379.29,28.0,176.15,8.300000000000011,75.0,68.0,1.0914348354416217,143,7.0,-16.0,0.05,173.9,
2025-03-20 07:36:23,172.0,39.0,180.0,36.0,171.0,27.0,331.9,20.0,176.0,8.0,66.0,56.0,1.239979838552023,122,10.0,-21.0,0.08,173.9,
2025-03-20 07:36:24,176.38,39.0,179.0,44.0,172.8,30.0,453.38,26.0,177.69,2.6200000000000045,69.0,70.0,1.25600557324221,139,-1.0,17.0,-0.01,178.14,7.0
2025-03-20 07:36:25,178.75,32.0,361.4,40.0,177.6,20.0,617.0,20.0,270.07,182.65,52.0,60.0,41.66977297754349,112,-8.0,-27.0,-0.07,178.14,
2025-03-20 07:36:30,179.44,27.0,239.39,31.0,178.71,34.0,240.31,13.0,209.42,59.94999999999999,61.0,44.0,20.26911394215375,105,17.0,41.0,0.16,179.67,3.0
2025-03-20 07:36:31,179.0,33.0,237.04,23.0,178.0,22.0,238.04,23.0,208.02,58.03999999999999,55.0,46.0,6.767353988082194,101,9.0,-4.0,0.09,179.67,
2025-03-20 07:36:32,179.0,45.0,232.3,40.0,178.0,30.0,233.33,46.0,205.65,53.30000000000001,75.0,86.0,2.549760773094629,161,-11.0,60.0,-0.07,179.67,
2025-03-20 07:36:33,179.0,27.0,227.0,30.0,178.0,18.0,228.0,33.0,203.0,48.0,45.0,63.0,3.035144148143907,108,-18.0,-53.0,-0.17,179.67,
2025-03-20 07:36:34,179.0,33.0,222.56,32.0,178.0,22.0,224.37,19.0,200.78,43.56,55.0,51.0,3.542185765881318,106,4.0,-2.0,0.04,179.67,
2025-03-20 07:36:35,179.0,27.0,215.77,22.0,178.0,18.0,215.25,24.0,197.39,36.77000000000001,45.0,46.0,4.141807576410612,91,-1.0,-15.0,-0.01,179.67,
2025-03-20 07:36:36,179.0,24.0,200.47,17.0,178.0,16.0,202.35,23.0,189.74,21.47,40.0,40.0,6.149062530175829,80,0.0,-11.0,0.0,179.67,
2025-03-20 07:36:37,179.0,51.0,196.86,65.0,178.0,34.0,197.3,40.0,187.93,17.860000000000014,85.0,105.0,6.667531027300322,190,-20.0,110.0,-0.11,179.67,
2025-03-20 07:36:38,179.0,29.0,193.0,24.0,178.0,24.0,193.67,48.0,186.0,14.0,53.0,72.0,6.3862328488720745,125,-19.0,-65.0,-0.15,179.0,1.0
2025-03-20 07:36:39,176.83,12.0,190.89,9.0,175.64,22.0,193.0,36.0,183.86,14.059999999999974,34.0,45.0,5.184180745307107,79,-11.0,-46.0,-0.14,177.33,9.0
2025-03-20 07:36:40,177.78,9.0,186.4,25.0,175.17,12.0,188.18,22.0,182.09,8.620000000000005,21.0,47.0,3.0639565923839887,68,-26.0,-11.0,-0.38,177.33,
2025-03-20 07:36:42,178.5,16.0,183.6,20.0,177.26,19.0,184.52,31.0,181.05,5.099999999999994,35.0,51.0,2.007319107669101,86,-16.0,-19.0,-0.19,178.8,5.0
2025-03-20 07:36:43,177.25,16.0,179.63,49.0,175.45,22.0,181.4,30.0,178.44,2.3799999999999955,38.0,79.0,1.96737642560176,117,-41.0,31.0,-0.35,178.0,1.0
2025-03-20 07:36:44,175.43,21.0,177.52,29.0,174.29,21.0,188.97,39.0,176.47,2.0900000000000034,42.0,68.0,2.4051153818504467,110,-26.0,-7.0,-0.24,175.71,7.0
2025-03-20 07:36:45,151.98,43.0,200.0,25.0,151.17,23.0,215.71,42.0,175.99,48.02000000000001,66.0,67.0,2.5848172082400067,133,-1.0,23.0,-0.01,172.0,2.0
2025-03-20 07:36:46,146.46,56.0,209.0,30.0,84.92,24.0,210.0,40.0,177.73,62.53999999999999,80.0,70.0,1.9955901382833372,150,10.0,17.0,0.07,172.0,
2025-03-20 07:36:47,147.47,32.0,179.93,29.0,51.83,29.0,196.0,28.0,163.7,32.46000000000001,61.0,57.0,6.09696071826068,118,4.0,-32.0,0.03,167.0,3.0
2025-03-20 07:36:48,131.57,42.0,171.5,28.0,86.41,29.0,174.27,33.0,151.54,39.93000000000001,71.0,61.0,11.333341519605508,132,10.0,14.0,0.08,172.0,5.0
2025-03-20 07:36:49,141.44,16.0,220.14,14.0,111.14,14.0,305.0,10.0,180.79,78.69999999999999,30.0,24.0,12.170725122194405,54,6.0,-78.0,0.11,171.5,4.0
2025-03-20 07:36:54,179.58,31.0,346.82,44.0,176.27,49.0,474.13,46.0,263.2,167.23999999999998,80.0,90.0,44.20177564306673,170,-10.0,40.0,-0.06,179.0,5.0
2025-03-20 07:36:55,177.0,20.0,316.77,31.0,173.0,21.0,419.06,32.0,246.89,139.76999999999998,41.0,63.0,34.713018739372224,104,-22.0,-66.0,-0.21,179.0,
2025-03-20 07:36:56,177.0,24.0,314.92,38.0,173.0,24.0,474.06,34.0,245.96,137.92000000000002,48.0,72.0,31.5376528930104,120,-24.0,16.0,-0.2,179.0,
2025-03-20 07:36:57,174.33,9.0,461.4,10.0,171.18,33.0,549.5,26.0,317.87,287.06999999999994,42.0,36.0,29.38443856873916,78,6.0,-42.0,0.08,175.4,5.0
2025-03-20 07:36:58,171.29,28.0,337.72,25.0,141.24,34.0,714.4,25.0,254.5,166.43000000000004,62.0,50.0,29.98700268449659,112,12.0,34.0,0.11,172.0,2.0
2025-03-20 07:36:59,171.38,52.0,327.45,71.0,151.74,68.0,443.93,40.0,249.42,156.07,120.0,111.0,30.891953159358607,231,9.0,119.0,0.04,171.0,1.0
2025-03-20 07:37:00,176.0,28.0,323.82,55.0,171.0,33.0,327.0,55.0,249.91,147.82,61.0,110.0,30.52735609252799,171,-49.0,-60.0,-0.29,171.0,
2025-03-20 07:37:01,176.0,24.0,320.5,30.0,172.5,30.0,327.0,30.0,248.25,144.5,54.0,60.0,30.21338031402653,114,-6.0,-57.0,-0.05,171.0,
2025-03-20 07:37:02,176.0,36.0,316.56,45.0,174.0,135.0,318.0,45.0,246.28,140.56,171.0,90.0,3.0396332015571024,261,81.0,147.0,0.31,171.0,
2025-03-20 07:37:03,178.51,73.0,314.0,40.0,178.49,113.0,316.0,40.0,246.25,135.49,186.0,80.0,1.713583963512904,266,106.0,5.0,0.4,171.0,
2025-03-20 07:37:04,179.04,168.0,313.08,60.0,177.91,99.0,316.0,60.0,246.06,134.04,267.0,120.0,1.6869054508207428,387,147.0,121.0,0.38,179.4,5.0
2025-03-20 07:37:05,179.0,108.0,312.0,30.0,176.0,24.0,313.5,30.0,245.5,133.0,132.0,60.0,1.0442557158133765,192,72.0,-170.5,0.38,179.4,
2025-03-20 07:37:06,179.0,180.0,312.11,18.0,176.0,28.0,318.24,42.0,245.56,133.11,208.0,60.0,0.3753664875944653,268,148.0,76.0,0.55,179.4,
2025-03-20 07:37:07,179.0,124.0,309.21,19.0,176.0,28.0,312.61,23.0,244.11,130.20999999999998,152.0,42.0,0.8384092079701105,194,110.0,-74.0,0.57,179.0,1.0
2025-03-20 07:37:08,179.27,168.0,306.88,24.0,177.76,87.0,307.19,48.0,243.07,127.61,255.0,72.0,1.2355363207972427,327,183.0,133.0,0.56,179.0,
2025-03-20 07:37:12,179.69,39.0,282.8,15.0,178.97,157.0,304.41,41.0,231.25,103.11,196.0,56.0,5.1003852795656535,252,140.0,-73.0,0.56,180.0,3.0
2025-03-20 07:37:13,179.0,135.0,218.24,25.0,178.0,18.0,219.71,17.0,198.62,39.24000000000001,153.0,42.0,18.989183236780143,195,111.0,-57.0,0.57,180.0,
2025-03-20 07:37:14,179.0,210.0,216.53,38.0,178.0,28.0,216.88,34.0,197.76,37.53,238.0,72.0,22.578236866505197,310,166.0,115.0,0.54,180.0,
2025-03-20 07:37:15,179.0,195.0,211.12,48.0,178.0,26.0,212.89,18.0,195.06,32.120000000000005,221.0,66.0,21.993913248897226,287,155.0,-23.0,0.54,180.0,
2025-03-20 07:37:16,179.0,175.0,208.34,68.0,178.0,32.0,210.13,54.0,193.67,29.340000000000003,207.0,122.0,15.767268945509215,329,85.0,42.0,0.26,179.0,5.0
2025-03-20 07:37:17,179.0,170.0,205.91,64.0,178.0,34.0,207.22,55.0,192.45,26.91,204.0,119.0,2.6308876828974395,323,85.0,-6.0,0.26,179.0,
2025-03-20 07:37:18,179.0,110.0,202.88,25.0,178.0,22.0,204.04,52.0,190.94,23.879999999999995,132.0,77.0,2.6044826741642697,209,55.0,-114.0,0.26,179.0,
2025-03-20 07:37:19,179.0,76.0,201.0,10.0,178.0,20.0,202.0,20.0,190.0,22.0,96.0,30.0,2.0359101158996027,126,66.0,-83.0,0.52,179.0,4.0
2025-03-20 07:37:20,179.0,90.0,189.28,43.0,178.0,30.0,192.04,23.0,184.14,10.28,120.0,66.0,3.6880414856700097,186,54.0,60.0,0.29,179.0,
2025-03-20 07:37:21,179.0,84.0,182.12,25.0,178.0,28.0,183.58,26.0,180.56,3.1200000000000045,112.0,51.0,5.049001881562725,163,61.0,-23.0,0.37,179.0,
2025-03-20 07:37:22,178.77,115.0,180.45,33.0,177.43,60.0,182.08,38.0,179.61,1.6799999999999784,175.0,71.0,5.238711673687031,246,104.0,83.0,0.42,178.75,8.0
2025-03-20 07:37:23,177.0,54.0,178.25,24.0,176.0,42.0,194.69,39.0,177.62,1.25,96.0,63.0,4.868385769433808,159,33.0,-87.0,0.21,177.0,3.0
2025-03-20 07:37:24,176.23,26.0,220.04,27.0,175.1,117.0,255.07,27.0,198.13,43.81,143.0,54.0,8.238414289171489,197,89.0,38.0,0.45,177.0,3.0
2025-03-20 07:37:25,176.0,32.0,226.51,45.0,175.0,66.0,248.08,24.0,201.26,50.50999999999999,98.0,69.0,11.295398620678403,167,29.0,-30.0,0.17,177.0,
2025-03-20 07:37:26,176.1,20.0,223.3,30.0,175.18,11.0,230.89,27.0,199.7,47.20000000000002,31.0,57.0,11.62112860267978,88,-26.0,-79.0,-0.3,177.0,
2025-03-20 07:37:27,176.1,20.0,221.64,42.0,175.13,15.0,223.14,42.0,198.87,45.53999999999999,35.0,84.0,9.849473589995595,119,-49.0,31.0,-0.41,176.0,1.0
2025-03-20 07:37:28,173.13,53.0,217.29,56.0,171.24,38.0,218.25,56.0,195.21,44.16,91.0,112.0,2.2397388240639686,203,-21.0,84.0,-0.1,174.5,6.0
2025-03-20 07:37:29,173.07,30.0,184.32,28.0,171.64,22.0,200.57,28.0,178.69,11.25,52.0,56.0,9.246514478441105,108,-4.0,-95.0,-0.04,174.5,
2025-03-20 07:37:30,175.08,52.0,179.02,49.0,172.0,39.0,186.95,42.0,177.05,3.9399999999999977,91.0,91.0,11.129729556463742,182,0.0,74.0,0.0,174.5,
2025-03-20 07:37:31,176.0,41.0,177.4,40.0,172.0,30.0,183.15,26.0,176.7,1.4000000000000057,71.0,66.0,10.817434076527778,137,5.0,-45.0,0.04,176.0,3.0
2025-03-20 07:37:32,175.14,56.0,190.39,23.0,171.45,29.0,221.84,25.0,182.77,15.25,85.0,48.0,7.723508270211507,133,37.0,-4.0,0.28,176.0,8.0
2025-03-20 07:37:39,180.0,63.0,211.89,27.0,178.0,36.0,509.37,38.0,195.94,31.889999999999983,99.0,65.0,1.4657523665405494,164,34.0,-2.0,0.21,180.67,3.0
2025-03-20 07:37:40,180.0,42.0,209.57,28.0,178.0,24.0,298.75,20.0,194.79,29.569999999999997,66.0,48.0,1.66235676075254,114,18.0,-50.0,0.16,180.67,
2025-03-20 07:37:41,180.0,62.0,208.0,45.0,178.0,36.0,211.0,27.0,194.0,28.0,98.0,72.0,1.7107834462666935,170,26.0,56.0,0.15,180.0,1.0
2025-03-20 07:37:42,180.0,48.0,206.34,38.0,178.0,32.0,207.65,26.0,193.17,26.340000000000003,80.0,64.0,1.6951843557621125,144,16.0,-26.0,0.11,180.0,
2025-03-20 07:37:43,180.0,66.0,205.67,51.0,178.0,44.0,206.46,37.0,192.83,25.669999999999987,110.0,88.0,1.2588605959442136,198,22.0,54.0,0.11,180.0,
2025-03-20 07:37:44,180.0,60.0,203.71,34.0,178.0,40.0,204.87,46.0,191.85,23.710000000000008,100.0,80.0,1.1232185895992777,180,20.0,-18.0,0.11,180.0,
2025-03-20 07:37:45,180.0,54.0,201.89,54.0,178.0,44.0,203.03,33.0,190.94,21.889999999999983,98.0,87.0,1.1881792794110315,185,11.0,5.0,0.06,180.0,4.0
2025-03-20 07:37:46,180.0,18.0,200.0,45.0,178.0,36.0,201.79,19.0,190.0,20.0,54.0,64.0,1.3144466516454996,118,-10.0,-67.0,-0.08,180.0,
2025-03-20 07:37:47,180.0,18.0,199.32,31.0,178.0,36.0,200.29,41.0,189.66,19.319999999999997,54.0,72.0,1.3090951073250552,126,-18.0,8.0,-0.14,180.0,
2025-03-20 07:37:48,180.0,22.0,194.61,49.0,178.0,44.0,199.38,39.0,187.31,14.610000000000014,66.0,88.0,1.7063323240280333,154,-22.0,28.0,-0.14,180.0,
2025-03-20 07:37:49,179.38,26.0,196.73,55.0,177.67,54.0,199.44,45.0,188.06,17.349999999999994,80.0,100.0,1.479080795637373,180,-20.0,26.0,-0.11,180.0,
2025-03-20 07:37:50,177.88,73.0,192.92,78.0,176.99,145.0,194.2,75.0,185.4,15.039999999999992,218.0,153.0,1.868041755428336,371,65.0,169.5,0.18,178.0,4.0
2025-03-20 07:37:51,177.0,87.0,188.3,91.0,175.0,20.0,189.3,79.0,182.65,11.300000000000011,107.0,170.0,2.694462840720662,277,-63.0,-94.0,-0.23,178.0,
2025-03-20 07:37:52,174.82,33.0,183.8,50.0,172.58,19.0,185.0,55.0,179.31,8.980000000000018,52.0,105.0,3.5960992756075933,157,-53.0,-120.0,-0.34,176.0,6.0
2025-03-20 07:37:53,173.7,40.0,175.97,36.0,117.25,56.0,180.66,53.0,174.84,2.2700000000000102,96.0,89.0,5.176733526078646,185,7.0,28.0,0.04,174.0,4.0
2025-03-20 07:37:57,133.86,56.0,165.0,16.0,115.43,49.0,170.5,24.0,149.43,31.139999999999983,105.0,40.0,21.669880710332585,145,65.0,-65.0,0.45,166.0,4.0
2025-03-20 07:37:58,160.0,20.0,171.0,5.0,141.0,20.0,172.0,15.0,165.5,11.0,40.0,20.0,18.361695727792817,60,20.0,-85.0,0.33,166.0,
2025-03-20 07:37:59,160.33,36.0,297.56,16.0,147.33,36.0,351.76,25.0,228.95,137.23,72.0,41.0,40.05690989080453,113,31.0,53.0,0.27,172.0,5.0
2025-03-20 07:38:00,165.15,26.0,265.25,40.0,161.12,32.0,433.42,12.0,215.2,100.1,58.0,52.0,38.98210140564545,110,6.0,-3.0,0.05,172.0,
2025-03-20 07:38:01,173.15,13.0,189.0,45.0,166.43,28.0,345.51,37.0,181.08,15.849999999999994,41.0,82.0,33.38606999932788,123,-41.0,13.0,-0.33,176.33,3.0
2025-03-20 07:38:02,163.56,41.0,211.73,33.0,127.67,42.0,219.6,15.0,187.64,48.16999999999999,83.0,48.0,25.867726610585976,131,35.0,8.0,0.27,178.0,1.0
2025-03-20 07:38:03,164.4,30.0,168.0,16.0,105.77,35.0,171.0,8.0,166.2,3.5999999999999943,65.0,24.0,25.664691309268036,89,41.0,-42.0,0.46,178.0,
2025-03-20 07:38:04,167.0,52.0,169.88,16.0,160.93,58.0,299.39,41.0,168.44,2.8799999999999955,110.0,57.0,19.70884877409192,167,53.0,78.0,0.32,178.0,
2025-03-20 07:38:05,169.0,10.0,170.0,28.0,153.23,31.0,171.0,7.0,169.5,1.0,41.0,35.0,9.30784185512568,76,6.0,-91.0,0.08,169.0,3.0
2025-03-20 07:38:06,169.0,9.0,170.0,36.0,114.38,42.0,171.78,9.0,169.5,1.0,51.0,45.0,8.704819354818946,96,6.0,20.0,0.06,169.0,
2025-03-20 07:38:07,169.56,9.0,270.12,43.0,87.45,33.0,288.67,9.0,219.84,100.56,42.0,52.0,23.03962412887909,94,-10.0,-2.0,-0.11,170.4,5.0
2025-03-20 07:38:08,176.86,21.0,295.72,43.0,134.52,21.0,346.53,19.0,236.29,118.86,42.0,62.0,32.79365151976858,104,-20.0,10.0,-0.19,178.0,5.0
2025-03-20 07:38:09,178.0,10.0,230.6,10.0,173.38,24.0,257.4,10.0,204.3,52.6,34.0,20.0,29.956279475262225,54,14.0,-50.0,0.26,178.0,
2025-03-20 07:38:10,178.0,13.0,229.85,13.0,176.82,22.0,231.0,13.0,203.92,51.85,35.0,26.0,24.726158213519817,61,9.0,7.0,0.15,178.0,
2025-03-20 07:38:11,178.0,10.0,228.6,10.0,177.0,20.0,311.3,10.0,203.3,50.6,30.0,20.0,14.491649319522274,50,10.0,-11.0,0.2,178.0,
2025-03-20 07:38:12,177.08,13.0,227.29,7.0,176.25,8.0,529.27,11.0,202.18,50.20999999999998,21.0,18.0,14.71956928717726,39,3.0,-11.0,0.08,178.0,1.0
2025-03-20 07:38:13,177.0,20.0,218.9,10.0,176.0,10.0,327.88,16.0,197.95,41.900000000000006,30.0,26.0,2.576664510567066,56,4.0,17.0,0.07,178.0,
2025-03-20 07:38:14,177.0,26.0,217.7,27.0,175.56,41.0,224.0,33.0,197.35,40.69999999999999,67.0,60.0,3.0747276302164512,127,7.0,71.0,0.06,178.0,
2025-03-20 07:38:15,177.0,16.0,195.85,20.0,176.0,72.0,197.77,26.0,186.43,18.849999999999994,88.0,46.0,6.676366526788222,134,42.0,7.0,0.31,178.0,
2025-03-20 07:38:16,178.12,49.0,193.18,11.0,176.5,36.0,196.0,44.0,185.65,15.060000000000002,85.0,55.0,7.428426482103726,140,30.0,6.0,0.21,179.0,5.0
2025-03-20 07:38:17,176.64,28.0,179.67,18.0,175.63,82.0,182.36,22.0,178.15,3.030000000000001,110.0,40.0,8.44569002509696,150,70.0,10.0,0.47,178.0,2.0
2025-03-20 07:38:18,176.0,100.0,179.06,32.0,173.0,60.0,262.75,20.0,177.53,3.0600000000000023,160.0,52.0,8.026687984469328,212,108.0,62.0,0.51,177.33,6.0
2025-03-20 07:38:19,176.0,55.0,420.0,11.0,173.0,55.0,498.18,11.0,298.0,244.0,110.0,22.0,52.06648461342493,132,88.0,-80.0,0.67,176.0,3.0
2025-03-20 07:38:20,176.47,47.0,465.0,9.0,174.33,45.0,652.11,9.0,320.73,288.53,92.0,18.0,71.14094826469494,110,74.0,-22.0,0.67,177.0,4.0
2025-03-20 07:38:21,178.63,46.0,429.73,11.0,176.57,37.0,679.78,9.0,304.18,251.1,83.0,20.0,71.57697094736541,103,63.0,-7.0,0.61,177.0,4.0
2025-03-20 07:38:22,180.0,80.0,402.12,24.0,178.0,30.0,446.44,16.0,291.06,222.12,110.0,40.0,57.39246422658624,150,70.0,47.0,0.47,177.0,
2025-03-20 07:38:23,180.0,44.0,325.0,12.0,178.0,30.0,449.41,32.0,252.5,145.0,74.0,44.0,25.310702874475343,118,30.0,-32.0,0.25,180.0,4.0
2025-03-20 07:38:24,180.0,52.0,425.67,46.0,178.0,39.0,451.26,34.0,302.84,245.67,91.0,80.0,25.626262310371636,171,11.0,53.0,0.06,180.0,
2025-03-20 07:38:25,179.05,38.0,260.8,30.0,177.45,33.0,328.03,31.0,219.93,81.75,71.0,61.0,36.808234404817405,132,10.0,-39.0,0.08,180.0,
2025-03-20 07:38:26,178.25,55.0,224.29,68.0,176.79,57.0,226.0,51.0,201.27,46.03999999999999,112.0,119.0,43.87796998494796,231,-7.0,99.0,-0.03,178.0,3.0
2025-03-20 07:38:27,180.0,50.0,222.32,37.0,177.0,36.0,224.18,33.0,201.16,42.31999999999999,86.0,70.0,43.06106419957598,156,16.0,-75.0,0.1,178.0,
2025-03-20 07:38:28,180.0,55.0,219.31,49.0,177.0,43.0,220.15,46.0,199.65,39.31,98.0,95.0,44.32506909188084,193,3.0,37.0,0.02,178.0,
2025-03-20 07:38:29,177.9,40.0,216.75,32.0,175.71,65.0,217.84,38.0,197.32,38.85,105.0,70.0,9.120560838019935,175,35.0,-18.0,0.2,180.0,5.0
2025-03-20 07:38:30,178.0,15.0,214.13,23.0,177.0,10.0,215.25,16.0,196.07,36.13,25.0,39.0,2.3240116178765846,64,-14.0,-111.0,-0.22,180.0,
2025-03-20 07:38:31,176.67,36.0,212.71,34.0,175.24,68.0,214.0,30.0,194.69,36.04000000000002,104.0,64.0,2.6270268365637155,168,40.0,104.0,0.24,177.6,5.0
2025-03-20 07:38:32,176.0,48.0,209.55,22.0,175.0,120.0,212.76,38.0,192.77,33.55000000000001,168.0,60.0,2.606184951231731,228,108.0,60.0,0.47,177.6,
2025-03-20 07:38:33,176.0,42.0,209.31,29.0,175.0,105.0,211.67,27.0,192.66,33.31,147.0,56.0,2.038864880277111,203,91.0,-25.0,0.45,177.6,
2025-03-20 07:38:34,176.0,69.0,206.02,63.0,175.0,195.0,208.12,41.0,191.01,30.02000000000001,264.0,104.0,1.9647900651285968,368,160.0,165.0,0.43,176.0,1.0
2025-03-20 07:38:35,177.5,60.0,203.36,56.0,175.19,151.0,205.05,56.0,190.43,25.860000000000014,211.0,112.0,1.675028357977444,323,99.0,-45.0,0.31,176.0,
2025-03-20 07:38:39,176.0,32.0,182.38,32.0,175.0,100.0,467.38,32.0,179.19,6.379999999999996,132.0,64.0,5.361312339346755,196,68.0,-53.0,0.35,176.0,
2025-03-20 07:38:40,176.74,27.0,181.58,60.0,175.21,42.0,183.0,36.0,179.16,4.840000000000003,69.0,96.0,5.610907235022953,165,-27.0,-31.0,-0.16,176.0,3.0
2025-03-20 07:38:41,178.18,22.0,180.18,55.0,176.0,11.0,446.57,46.0,179.18,2.0,33.0,101.0,4.072763189780881,134,-68.0,-31.0,-0.51,176.0,
2025-03-20 07:38:42,176.46,13.0,180.0,50.0,173.3,10.0,401.53,38.0,178.23,3.539999999999992,23.0,88.0,1.5921275074676604,111,-65.0,-23.0,-0.59,179.0,2.0
2025-03-20 07:38:43,176.0,12.0,179.83,24.0,173.0,5.0,222.46,13.0,177.92,3.830000000000013,17.0,37.0,0.6133759043487166,54,-20.0,-57.0,-0.37,176.0,2.0
2025-03-20 07:38:44,175.83,18.0,178.19,16.0,172.9,10.0,179.24,42.0,177.01,2.359999999999985,28.0,58.0,0.9120581122032814,86,-30.0,32.0,-0.35,176.0,1.0
2025-03-20 07:38:45,172.69,16.0,182.8,35.0,153.9,21.0,194.12,41.0,177.74,10.110000000000014,37.0,76.0,0.7902721050599887,113,-39.0,27.0,-0.35,173.67,6.0
2025-03-20 07:38:46,174.33,12.0,275.85,26.0,112.19,21.0,396.0,30.0,225.09,101.52,33.0,56.0,21.187018903093264,89,-23.0,-24.0,-0.26,173.67,
2025-03-20 07:38:47,176.0,105.0,448.09,57.0,172.0,15.0,488.67,73.0,312.04,272.09,120.0,130.0,58.56542452676339,250,-10.0,161.0,-0.04,173.67,
2025-03-20 07:38:48,176.0,70.0,335.2,30.0,173.75,40.0,480.57,44.0,255.6,159.2,110.0,74.0,56.89421613837395,184,36.0,-66.0,0.2,173.67,
2025-03-20 07:39:01,179.8,100.0,182.68,63.0,178.92,142.0,183.55,44.0,181.24,2.8799999999999955,242.0,107.0,3.629997245182455,349,135.0,166.0,0.39,180.0,8.0
2025-03-20 07:39:02,179.0,117.0,180.17,29.0,176.1,81.0,181.82,34.0,179.59,1.1699999999999875,198.0,63.0,2.646907629675284,261,135.0,-88.0,0.52,180.0,
2025-03-20 07:39:03,179.0,74.0,180.0,36.0,176.73,44.0,231.4,43.0,179.5,1.0,118.0,79.0,2.4376894798217927,197,39.0,-64.0,0.2,179.0,6.0
2025-03-20 07:39:04,176.63,62.0,180.0,36.0,174.68,59.0,454.19,21.0,178.31,3.3700000000000045,121.0,57.0,1.81800165017376,178,64.0,-19.0,0.36,178.17,6.0
2025-03-20 07:39:05,176.0,33.0,179.0,27.0,174.0,63.0,462.33,36.0,177.5,3.0,96.0,63.0,1.4214323761737837,159,33.0,-19.0,0.21,178.17,
2025-03-20 07:39:06,174.04,45.0,177.17,36.0,173.39,18.0,442.87,46.0,175.61,3.1299999999999955,63.0,82.0,1.6419713761316272,145,-19.0,-14.0,-0.13,174.5,4.0
2025-03-20 07:39:07,174.95,81.0,205.18,33.0,173.98,45.0,317.91,23.0,190.07,30.230000000000015,126.0,56.0,5.697303748268517,182,70.0,37.0,0.38,174.5,
2025-03-20 07:39:08,177.31,104.0,256.77,22.0,174.57,74.0,257.47,34.0,217.04,79.45999999999998,178.0,56.0,17.355348743255792,234,122.0,52.0,0.52,174.5,
2025-03-20 07:39:09,180.0,132.0,252.86,29.0,175.96,175.0,255.35,31.0,216.43,72.86000000000001,307.0,60.0,20.316181973983856,367,247.0,133.0,0.67,180.0,2.0
2025-03-20 07:39:15,180.0,31.0,212.0,21.0,176.0,84.0,213.0,7.0,196.0,32.0,115.0,28.0,2.6675363165334725,143,87.0,-148.0,0.61,180.0,1.0
2025-03-20 07:39:16,178.29,56.0,211.7,30.0,175.87,110.0,213.0,10.0,194.99,33.41,166.0,40.0,2.6103160728206487,206,126.0,63.0,0.61,180.0,4.0
2025-03-20 07:39:17,176.0,84.0,210.54,13.0,175.0,49.0,211.4,15.0,193.27,34.53999999999999,133.0,28.0,2.495800472799602,161,105.0,-45.0,0.65,180.0,
2025-03-20 07:39:18,176.57,112.0,206.19,16.0,175.77,124.0,210.12,32.0,191.38,29.620000000000005,236.0,48.0,2.401118489376919,284,188.0,123.0,0.66,180.0,
2025-03-20 07:39:19,177.0,60.0,203.0,12.0,176.0,120.0,204.93,28.0,190.0,26.0,180.0,40.0,2.47868311811505,220,140.0,-64.0,0.64,177.0,2.0
2025-03-20 07:39:20,177.0,90.0,199.78,50.0,176.0,180.0,201.2,25.0,188.39,22.78,270.0,75.0,2.607360734541605,345,195.0,125.0,0.57,177.0,
2025-03-20 07:39:21,178.03,76.0,198.27,60.0,176.35,160.0,200.0,45.0,188.15,20.24000000000001,236.0,105.0,2.1406003830771376,341,131.0,-4.0,0.38,177.0,2.0
2025-03-20 07:39:22,179.0,64.0,197.06,33.0,178.0,112.0,199.15,48.0,188.03,18.06,176.0,81.0,1.4594005618850798,257,95.0,-84.0,0.37,177.0,
2025-03-20 07:39:23,179.0,36.0,189.29,17.0,178.0,63.0,191.06,17.0,184.15,10.289999999999992,99.0,34.0,2.16045828472368,133,65.0,-124.0,0.49,177.0,
2025-03-20 07:39:24,179.0,44.0,186.55,11.0,178.0,77.0,188.0,33.0,182.77,7.550000000000011,121.0,44.0,2.6394544891003267,165,77.0,32.0,0.47,177.0,
2025-03-20 07:39:25,178.47,68.0,184.35,20.0,176.88,128.0,185.69,16.0,181.41,5.879999999999996,196.0,36.0,3.067526691005739,232,160.0,67.0,0.69,178.8,5.0
2025-03-20 07:39:26,177.56,54.0,180.75,8.0,175.92,91.0,182.25,8.0,179.15,3.1899999999999977,145.0,16.0,3.3156779095734747,161,129.0,-71.0,0.8,178.8,
2025-03-20 07:39:27,176.0,149.0,177.2,20.0,175.0,91.0,178.92,13.0,176.6,1.1999999999999886,240.0,33.0,2.993188934904496,273,207.0,112.0,0.76,176.5,2.0
2025-03-20 07:39:28,176.0,70.0,303.6,30.0,175.0,70.0,648.57,37.0,239.8,127.60000000000002,140.0,67.0,26.853532914684237,207,73.0,-66.0,0.35,176.67,6.0
2025-03-20 07:39:29,179.18,34.0,351.71,28.0,175.9,70.0,440.0,32.0,265.45,172.52999999999997,104.0,60.0,41.339725083749904,164,44.0,-43.0,0.27,176.67,
2025-03-20 07:39:30,180.0,36.0,264.67,36.0,176.0,84.0,292.76,33.0,222.33,84.67000000000002,120.0,69.0,38.60011696873492,189,51.0,25.0,0.27,176.67,
2025-03-20 07:39:31,180.0,27.0,212.37,35.0,176.0,63.0,246.14,28.0,196.19,32.370000000000005,90.0,63.0,35.04860953019414,153,27.0,-36.0,0.18,176.67,
2025-03-20 07:39:32,180.0,49.0,213.17,47.0,176.39,69.0,349.5,48.0,196.59,33.16999999999999,118.0,95.0,29.560149187715773,213,23.0,60.0,0.11,176.67,
2025-03-20 07:39:33,180.0,48.0,212.75,36.0,177.0,36.0,562.42,40.0,196.38,32.75,84.0,76.0,30.1563727924964,160,8.0,-53.0,0.05,176.67,
2025-03-20 07:39:34,180.0,24.0,210.5,18.0,177.0,18.0,531.33,18.0,195.25,30.5,42.0,36.0,11.740469326224732,78,6.0,-82.0,0.08,176.67,
2025-03-20 07:39:35,180.0,7.0,210.0,21.0,177.0,21.0,336.0,21.0,195.0,30.0,28.0,42.0,0.7108938036205595,70,-14.0,-8.0,-0.2,180.0,3.0
2025-03-20 07:39:36,180.0,14.0,209.62,24.0,177.0,24.0,229.5,24.0,194.81,29.620000000000005,38.0,48.0,0.8208105749965918,86,-10.0,16.0,-0.12,179.0,3.0
2025-03-20 07:39:37,176.1,81.0,206.36,33.0,175.51,101.0,265.75,32.0,191.23,30.26000000000002,182.0,65.0,1.9448727464867124,247,117.0,161.0,0.47,176.4,5.0
2025-03-20 07:39:38,176.0,92.0,205.5,30.0,175.0,70.0,270.64,25.0,190.75,29.5,162.0,55.0,2.2193287273469235,217,107.0,-30.0,0.49,176.4,
2025-03-20 07:39:39,177.56,64.0,206.46,39.0,176.3,106.0,321.55,33.0,192.01,28.90000000000001,170.0,72.0,2.0101989951314785,242,98.0,25.0,0.4,180.0,5.0
2025-03-20 07:39:40,177.0,56.0,203.14,21.0,176.0,42.0,472.86,21.0,190.07,26.139999999999983,98.0,42.0,1.8385537794766924,140,56.0,-102.0,0.4,180.0,
2025-03-20 07:39:41,177.48,62.0,200.89,27.0,175.6,70.0,592.33,27.0,189.19,23.41,132.0,54.0,1.079814798948649,186,78.0,46.0,0.42,178.5,4.0
2025-03-20 07:39:42,176.27,44.0,194.56,27.0,175.05,118.0,340.22,27.0,185.41,18.289999999999992,162.0,54.0,2.5005359425589258,216,108.0,30.0,0.5,179.0,4.0
2025-03-20 07:39:43,175.37,67.0,201.42,43.0,174.61,139.0,337.27,33.0,188.4,26.049999999999983,206.0,76.0,2.423216870201526,282,130.0,66.0,0.46,176.0,4.0
2025-03-20 07:39:44,176.0,18.0,200.32,22.0,175.0,84.0,201.23,26.0,188.16,24.319999999999997,102.0,48.0,1.7530059897301151,150,54.0,-132.0,0.36,176.0,
2025-03-20 07:39:45,176.29,21.0,197.94,53.0,175.2,88.0,198.86,35.0,187.11,21.65000000000001,109.0,88.0,1.4580226335794395,197,21.0,47.0,0.11,176.0,
2025-03-20 07:39:46,175.38,50.0,196.05,37.0,174.54,84.0,197.76,51.0,185.72,20.670000000000016,134.0,88.0,1.367132034600251,222,46.0,25.0,0.21,175.83,6.0
2025-03-20 07:39:47,175.0,60.0,194.2,25.0,173.0,45.0,196.0,15.0,184.6,19.19999999999999,105.0,40.0,1.621116898940448,145,65.0,-77.0,0.45,175.83,
2025-03-20 07:39:48,175.0,84.0,192.29,35.0,173.0,63.0,196.0,21.0,183.64,17.289999999999992,147.0,56.0,1.829420673336428,203,91.0,58.0,0.45,175.83,
2025-03-20 07:39:49,175.0,125.0,190.14,35.0,173.0,99.0,191.28,53.0,182.57,15.139999999999986,224.0,88.0,1.7688329485938477,312,136.0,109.0,0.44,175.83,
2025-03-20 07:39:50,175.0,50.0,190.0,15.0,173.0,45.0,191.0,25.0,182.5,15.0,95.0,40.0,1.3742925452870645,135,55.0,-170.5,0.41,175.83,
2025-03-20 07:39:51,175.0,58.0,187.52,27.0,173.0,90.0,189.71,38.0,181.26,12.52000000000001,148.0,65.0,1.2644287247733614,213,83.0,78.0,0.39,175.0,7.0
2025-03-20 07:39:52,178.18,74.0,182.65,40.0,173.31,96.0,186.4,47.0,180.41,4.469999999999999,170.0,87.0,1.2561170327769378,257,83.0,44.0,0.32,180.0,8.0
2025-03-20 07:39:53,180.0,24.0,181.83,12.0,175.12,17.0,217.0,24.0,180.92,1.8300000000000125,41.0,36.0,0.9646087289842312,77,5.0,-170.5,0.06,180.0,
2025-03-20 07:39:54,175.0,15.0,180.4,10.0,173.0,45.0,217.0,20.0,177.7,5.400000000000006,60.0,30.0,1.7737869094209124,90,30.0,13.0,0.33,180.0,4.0
2025-03-20 07:39:55,176.5,24.0,180.0,10.0,173.67,27.0,409.6,5.0,178.25,3.5,51.0,15.0,1.6223655568438804,66,36.0,-24.0,0.55,180.0,
2025-03-20 07:39:56,177.0,60.0,178.7,20.0,175.0,30.0,444.7,10.0,177.85,1.6999999999999886,90.0,30.0,1.5203716650982628,120,60.0,54.0,0.5,180.0,
2025-03-20 07:39:57,178.17,23.0,241.32,28.0,176.6,45.0,364.45,22.0,209.75,63.150000000000006,68.0,50.0,13.95642970103855,118,18.0,-2.0,0.15,177.0,2.0
2025-03-20 07:39:58,180.0,14.0,184.82,17.0,177.0,56.0,202.79,33.0,182.41,4.819999999999993,70.0,50.0,13.865977066187252,120,20.0,2.0,0.17,177.0,
2025-03-20 07:39:59,176.75,40.0,182.0,16.0,176.39,66.0,403.39,59.0,179.38,5.25,106.0,75.0,13.657837310497978,181,31.0,61.0,0.17,177.6,5.0
2025-03-20 07:40:00,175.55,55.0,181.25,12.0,174.86,140.0,361.0,60.0,178.4,5.699999999999989,195.0,72.0,13.638004619446006,267,123.0,86.0,0.46,175.75,4.0
2025-03-20 07:40:01,175.0,96.0,179.75,8.0,173.0,40.0,361.0,40.0,177.38,4.75,136.0,48.0,13.705864803069913,184,88.0,-83.0,0.48,175.75,
2025-03-20 07:40:02,175.86,84.0,272.14,14.0,174.48,97.0,480.9,29.0,224.0,96.27999999999996,181.0,43.0,20.037489363690984,224,138.0,40.0,0.62,178.0,2.0
2025-03-20 07:40:03,178.0,27.0,459.38,21.0,175.0,108.0,576.04,27.0,318.69,281.38,135.0,48.0,60.939725138861725,183,87.0,-41.0,0.48,178.0,
2025-03-20 07:40:04,175.0,110.0,339.77,13.0,173.0,50.0,548.24,25.0,257.38,164.76999999999998,160.0,38.0,59.32149778958728,198,122.0,15.0,0.62,177.25,4.0
2025-03-20 07:40:05,175.0,131.0,226.0,12.0,173.0,50.0,386.11,36.0,200.5,51.0,181.0,48.0,55.07824979063883,229,133.0,31.0,0.58,175.0,1.0
2025-03-20 07:40:06,175.0,110.0,212.77,31.0,173.16,38.0,297.53,17.0,193.89,37.77000000000001,148.0,48.0,51.06472432119853,196,100.0,-33.0,0.51,175.0,
2025-03-20 07:40:07,175.0,80.0,236.78,18.0,174.0,16.0,317.11,37.0,205.89,61.78,96.0,55.0,52.99101386084255,151,41.0,-45.0,0.27,175.0,
2025-03-20 07:40:08,175.0,90.0,238.09,22.0,174.0,18.0,307.18,33.0,206.55,63.09,108.0,55.0,25.411888359585184,163,53.0,12.0,0.33,175.0,
2025-03-20 07:40:09,175.0,101.0,211.76,29.0,174.0,22.0,230.25,32.0,193.38,36.75999999999999,123.0,61.0,6.304607045647549,184,62.0,21.0,0.34,175.0,1.0
2025-03-20 07:40:10,175.0,90.0,367.24,41.0,174.0,22.0,569.08,12.0,271.12,192.24,112.0,53.0,32.45546071156625,165,59.0,-19.0,0.36,175.0,3.0
2025-03-20 07:40:11,175.77,78.0,418.66,29.0,174.91,66.0,615.82,22.0,297.21,242.89,144.0,51.0,46.26989572065197,195,93.0,30.0,0.48,175.0,
2025-03-20 07:40:12,176.0,110.0,319.7,53.0,175.0,96.0,414.02,54.0,247.85,143.7,206.0,107.0,43.4266090087633,313,99.0,118.0,0.32,175.0,
2025-03-20 07:40:13,176.0,103.0,288.54,39.0,175.0,78.0,289.68,41.0,232.27,112.54000000000002,181.0,80.0,39.326481281701255,261,101.0,-52.0,0.39,175.0,
2025-03-20 07:40:14,176.69,70.0,286.0,45.0,175.65,74.0,288.47,45.0,231.34,109.31,144.0,90.0,28.1270362818409,234,54.0,-27.0,0.23,175.0,
2025-03-20 07:40:15,178.0,56.0,276.18,51.0,177.0,30.0,281.46,46.0,227.09,98.18,86.0,97.0,29.07003474370127,183,-11.0,-51.0,-0.06,178.0,2.0
2025-03-20 07:40:16,177.76,25.0,244.0,30.0,176.83,24.0,267.59,34.0,210.88,66.24000000000001,49.0,64.0,13.224489782218786,113,-15.0,-70.0,-0.13,178.5,4.0
2025-03-20 07:40:17,178.52,58.0,243.18,33.0,176.3,74.0,250.73,33.0,210.85,64.66,132.0,66.0,10.786710805431523,198,66.0,85.0,0.33,179.5,2.0
2025-03-20 07:40:28,178.0,15.0,425.0,5.0,176.0,60.0,0.0,0.0,301.5,247.0,75.0,5.0,51.33242669112788,80,70.0,-11.0,0.88,179.5,
2025-03-20 07:40:29,178.0,14.0,424.04,26.0,176.0,72.0,532.75,8.0,301.02,246.04,86.0,34.0,61.51797517799172,120,52.0,40.0,0.43,178.0,2.0
2025-03-20 07:40:30,176.27,37.0,423.78,45.0,175.43,84.0,537.0,36.0,300.02,247.51,121.0,81.0,59.60783421665304,202,40.0,82.0,0.2,176.4,5.0
2025-03-20 07:40:31,176.0,68.0,408.11,38.0,174.0,60.0,496.88,43.0,292.05,232.11,128.0,81.0,43.513152379481554,209,47.0,7.0,0.22,176.0,2.0
2025-03-20 07:40:32,176.0,27.0,184.0,20.0,174.0,30.0,241.0,5.0,180.0,8.0,57.0,25.0,53.19999924812014,82,32.0,-127.0,0.39,176.0,
2025-03-20 07:40:33,176.46,57.0,180.83,60.0,174.74,76.0,225.8,15.0,178.64,4.3700000000000045,133.0,75.0,64.93245398104092,208,58.0,126.0,0.28,178.0,3.0
2025-03-20 07:40:34,178.55,11.0,181.69,36.0,176.16,38.0,291.91,11.0,180.12,3.1399999999999864,49.0,47.0,63.84623935675468,96,2.0,-112.0,0.02,179.0,2.0
2025-03-20 07:40:35,177.0,16.0,240.0,30.0,175.8,60.0,367.45,31.0,208.5,63.0,76.0,61.0,48.70282661201525,137,15.0,41.0,0.11,176.5,4.0
2025-03-20 07:40:36,175.67,21.0,239.5,30.0,158.84,37.0,381.0,40.0,207.58,63.83000000000001,58.0,70.0,15.59876020714564,128,-12.0,-9.0,-0.09,176.2,5.0
2025-03-20 07:40:37,173.1,20.0,229.83,35.0,104.67,84.0,319.29,35.0,201.46,56.73000000000002,104.0,70.0,14.756049606857111,174,34.0,46.0,0.2,176.2,
2025-03-20 07:40:38,174.0,16.0,234.8,25.0,173.0,16.0,250.94,31.0,204.4,60.80000000000001,32.0,56.0,11.67865231951123,88,-24.0,-86.0,-0.27,176.2,
2025-03-20 07:40:39,174.8,10.0,234.28,29.0,173.89,18.0,240.78,40.0,204.54,59.47999999999999,28.0,69.0,2.809426987843289,97,-41.0,9.0,-0.42,176.2,
2025-03-20 07:40:40,175.0,8.0,231.38,24.0,174.0,16.0,235.0,40.0,203.19,56.38,24.0,64.0,2.2417582385312853,88,-40.0,-9.0,-0.45,176.2,
2025-03-20 07:40:41,175.0,11.0,229.3,53.0,174.0,22.0,231.57,35.0,202.15,54.30000000000001,33.0,88.0,1.3557544025462602,121,-55.0,33.0,-0.45,176.2,
2025-03-20 07:40:42,175.88,25.0,228.62,65.0,173.83,24.0,230.63,41.0,202.25,52.74000000000001,49.0,106.0,1.1384770529191497,155,-57.0,34.0,-0.37,177.67,3.0
2025-03-20 07:40:43,176.86,28.0,227.0,70.0,174.0,28.0,228.0,70.0,201.93,50.13999999999999,56.0,140.0,1.0794535654782778,196,-84.0,41.0,-0.43,177.67,
2025-03-20 07:40:44,177.0,24.0,224.81,57.0,174.0,24.0,226.25,56.0,200.9,47.81,48.0,113.0,0.8186452223180808,161,-65.0,-35.0,-0.4,177.67,
2025-03-20 07:40:45,177.0,28.0,219.92,63.0,174.0,28.0,221.33,69.0,198.46,42.91999999999999,56.0,132.0,1.5903050022007783,188,-76.0,27.0,-0.4,177.67,
2025-03-20 07:40:46,178.66,38.0,213.89,54.0,176.77,26.0,215.64,55.0,196.27,35.22999999999999,64.0,109.0,2.543358016486389,173,-45.0,-15.0,-0.26,177.67,
2025-03-20 07:40:47,179.6,30.0,210.77,65.0,178.54,35.0,212.05,58.0,195.18,31.170000000000016,65.0,123.0,2.8944032200138423,188,-58.0,15.0,-0.31,177.67,
2025-03-20 07:40:55,179.75,24.0,183.21,28.0,177.9,39.0,184.26,31.0,181.48,3.460000000000008,63.0,59.0,2.599138318757733,122,4.0,-128.0,0.03,181.0,2.0
2025-03-20 07:40:56,178.0,36.0,179.23,31.0,177.0,22.0,181.97,29.0,178.61,1.2299999999999898,58.0,60.0,3.276113551151092,118,-2.0,-4.0,-0.02,178.57,7.0
2025-03-20 07:40:57,176.36,50.0,178.64,33.0,175.93,108.0,315.9,40.0,177.5,2.2799999999999727,158.0,73.0,3.4101612865137167,231,85.0,113.0,0.37,178.57,
2025-03-20 07:40:58,176.0,145.0,178.0,36.0,174.0,24.0,179.0,36.0,177.0,2.0,169.0,72.0,2.842372248675029,241,97.0,10.0,0.4,176.0,7.0
2025-03-20 07:40:59,176.0,126.0,177.93,42.0,174.0,28.0,179.0,42.0,176.96,1.9300000000000068,154.0,84.0,1.8929870575465584,238,70.0,-3.0,0.29,176.0,
2025-03-20 07:41:00,176.0,63.0,177.5,24.0,174.0,16.0,204.36,28.0,176.75,1.5,79.0,52.0,0.7489526019978885,131,27.0,-107.0,0.21,176.0,4.0
2025-03-20 07:41:01,176.87,69.0,189.29,31.0,174.89,47.0,227.57,44.0,183.08,12.419999999999987,116.0,75.0,2.709597756132605,191,41.0,60.0,0.21,178.25,8.0
2025-03-20 07:41:05,177.26,46.0,189.56,48.0,176.54,52.0,199.88,32.0,183.41,12.300000000000011,98.0,80.0,4.455081368508564,178,18.0,98.0,0.1,178.25,
2025-03-20 07:41:06,176.4,30.0,188.62,40.0,175.0,28.0,193.5,30.0,182.51,12.22,58.0,70.0,4.618661061393471,128,-12.0,-50.0,-0.09,176.23,13.0
2025-03-20 07:41:07,175.09,23.0,184.34,56.0,173.36,28.0,189.82,50.0,179.71,9.25,51.0,106.0,5.215877682618119,157,-55.0,29.0,-0.35,179.0,1.0
2025-03-20 07:41:08,174.0,16.0,179.92,38.0,164.0,39.0,181.62,26.0,176.96,5.919999999999988,55.0,64.0,4.92586743630355,119,-9.0,-38.0,-0.08,179.0,
2025-03-20 07:41:09,175.16,37.0,178.08,75.0,170.42,109.0,179.18,55.0,176.62,2.920000000000016,146.0,130.0,3.104572434335763,276,16.0,157.0,0.06,178.0,2.0
2025-03-20 07:41:10,176.0,6.0,223.83,18.0,174.0,42.0,448.55,22.0,199.92,47.83000000000001,48.0,40.0,9.67513462438819,88,8.0,-170.5,0.09,177.71,7.0
2025-03-20 07:41:11,179.89,9.0,358.65,31.0,174.3,33.0,664.76,41.0,269.27,178.76,42.0,72.0,39.64296696767313,114,-30.0,26.0,-0.26,177.71,
2025-03-20 07:41:13,179.5,4.0,313.0,20.0,174.25,16.0,638.0,12.0,246.25,133.5,20.0,32.0,47.11184957099434,52,-12.0,-18.0,-0.23,183.0,1.0
2025-03-20 07:41:14,176.0,3.0,260.0,15.0,174.0,21.0,275.0,9.0,218.0,84.0,24.0,24.0,36.4399523874551,48,0.0,-4.0,0.0,183.0,
2025-03-20 07:41:15,175.69,51.0,260.0,35.0,173.66,35.0,303.0,21.0,217.84,84.31,86.0,56.0,31.50022809441214,142,30.0,94.0,0.21,174.5,4.0
2025-03-20 07:41:16,176.28,43.0,260.0,25.0,175.76,68.0,294.0,15.0,218.14,83.72,111.0,40.0,31.218976921097195,151,71.0,9.0,0.47,176.8,5.0
2025-03-20 07:41:17,174.0,14.0,319.38,40.0,172.0,24.0,533.25,24.0,246.69,145.38,38.0,64.0,15.598449602444656,102,-26.0,-49.0,-0.25,174.0,3.0
2025-03-20 07:41:18,172.4,15.0,335.56,45.0,122.05,37.0,546.0,27.0,253.98,163.16,52.0,72.0,17.901097731703626,124,-20.0,22.0,-0.16,173.0,2.0
2025-03-20 07:41:19,172.0,10.0,238.82,17.0,134.0,45.0,398.29,14.0,205.41,66.82,55.0,31.0,20.821749926459265,86,24.0,-38.0,0.28,173.0,
2025-03-20 07:41:20,135.62,47.0,320.71,14.0,124.62,24.0,432.71,14.0,228.17,185.09,71.0,28.0,20.007065501967176,99,43.0,13.0,0.43,172.0,2.0
2025-03-20 07:41:21,137.74,39.0,173.95,21.0,129.85,39.0,228.38,13.0,155.85,36.20999999999998,78.0,34.0,39.5039048702785,112,44.0,13.0,0.39,172.0,
2025-03-20 07:41:22,140.0,26.0,240.22,41.0,95.27,33.0,287.15,27.0,190.11,100.22,59.0,68.0,37.279263404740455,127,-9.0,15.0,-0.07,172.0,2.0
2025-03-20 07:41:23,155.48,23.0,170.63,30.0,152.8,65.0,222.43,37.0,163.06,15.150000000000006,88.0,67.0,29.897588531519283,155,21.0,28.0,0.14,170.14,7.0
2025-03-20 07:41:24,159.5,34.0,169.55,33.0,158.96,114.0,199.67,27.0,164.52,10.050000000000011,148.0,60.0,29.71444379422301,208,88.0,53.0,0.42,170.14,
2025-03-20 07:41:25,163.0,53.0,169.0,33.0,159.82,50.0,172.0,22.0,166.0,6.0,103.0,55.0,13.009095664190005,158,48.0,-50.0,0.3,170.14,
2025-03-20 07:41:26,165.14,78.0,169.0,24.0,163.9,21.0,172.0,16.0,167.07,3.8600000000000136,99.0,40.0,11.259168264132374,139,59.0,-19.0,0.42,170.14,
2025-03-20 07:41:27,167.83,93.0,169.44,41.0,166.14,102.0,172.33,36.0,168.63,1.6099999999999852,195.0,77.0,2.167493944639372,272,118.0,133.0,0.43,169.0,3.0
2025-03-20 07:41:28,169.03,32.0,172.0,17.0,168.3,53.0,173.0,40.0,170.52,2.969999999999999,85.0,57.0,2.323632931434597,142,28.0,-130.0,0.2,172.0,1.0
2025-03-20 07:41:29,170.9,20.0,172.75,16.0,169.8,15.0,179.77,31.0,171.82,1.8499999999999943,35.0,47.0,2.3948006180152737,82,-12.0,-60.0,-0.15,172.0,1.0
2025-03-20 07:41:30,171.88,24.0,179.0,35.0,170.0,16.0,191.57,30.0,175.44,7.1200000000000045,40.0,65.0,3.209989096561713,105,-25.0,23.0,-0.24,173.0,4.0
2025-03-20 07:41:35,179.58,48.0,262.62,32.0,177.85,26.0,310.62,24.0,221.1,83.03999999999999,74.0,56.0,40.26155051659113,130,18.0,58.0,0.14,180.25,4.0
2025-03-20 07:41:40,178.79,19.0,192.73,11.0,179.12,17.0,194.0,33.0,185.76,13.939999999999998,36.0,44.0,3.8903855850077456,80,-8.0,26.0,-0.1,181.4,5.0
2025-03-20 07:41:41,178.55,44.0,188.21,38.0,177.55,22.0,189.58,26.0,183.38,9.659999999999997,66.0,64.0,2.820526546593254,130,2.0,50.0,0.02,181.4,
2025-03-20 07:41:42,178.88,50.0,183.39,28.0,177.88,25.0,202.03,32.0,181.14,4.509999999999991,75.0,60.0,3.353211893101626,135,15.0,5.0,0.11,179.6,5.0
2025-03-20 07:41:43,178.0,15.0,183.0,39.0,177.0,13.0,267.82,33.0,180.5,5.0,28.0,72.0,3.364479157319752,100,-44.0,-35.0,-0.44,178.0,1.0
2025-03-20 07:41:44,178.0,15.0,182.13,45.0,176.19,59.0,418.76,42.0,180.07,4.129999999999996,74.0,87.0,2.3776038358061045,161,-13.0,61.0,-0.08,176.4,5.0
2025-03-20 07:41:45,176.0,88.0,180.82,33.0,174.0,165.0,421.0,22.0,178.41,4.819999999999993,253.0,55.0,1.8067235538511732,308,198.0,147.0,0.64,176.4,
2025-03-20 07:41:46,176.8,79.0,179.67,27.0,175.3,86.0,537.31,26.0,178.23,2.869999999999976,165.0,53.0,1.2914139537890652,218,112.0,-90.0,0.51,176.4,
2025-03-20 07:41:47,177.47,111.0,218.56,27.0,176.39,92.0,384.68,28.0,198.01,41.09,203.0,55.0,8.425353405053077,258,148.0,40.0,0.57,178.5,4.0
2025-03-20 07:41:48,178.57,70.0,268.0,14.0,177.0,56.0,318.29,21.0,223.29,89.43,126.0,35.0,19.56411306448712,161,91.0,-97.0,0.57,178.5,
2025-03-20 07:41:49,179.0,70.0,256.14,14.0,177.0,56.0,282.4,20.0,217.57,77.13999999999999,126.0,34.0,21.160801497108565,160,92.0,-1.0,0.57,178.5,
2025-03-20 07:41:50,179.17,116.0,234.8,20.0,178.0,38.0,279.08,26.0,206.99,55.63000000000002,154.0,46.0,17.761028123395043,200,108.0,40.0,0.54,178.5,
2025-03-20 07:42:02,179.55,31.0,181.0,36.0,178.97,72.0,182.91,22.0,180.27,1.4499999999999886,103.0,58.0,2.6202232729365167,161,45.0,-9.0,0.28,180.0,7.0
2025-03-20 07:42:03,179.0,84.0,180.88,34.0,178.0,12.0,212.89,18.0,179.94,1.8799999999999957,96.0,52.0,2.1839116282575866,148,44.0,-13.0,0.3,180.0,
2025-03-20 07:42:04,179.0,40.0,209.62,29.0,178.0,13.0,260.72,39.0,194.31,30.620000000000005,53.0,68.0,5.979393781984751,121,-15.0,-27.0,-0.12,179.0,6.0
2025-03-20 07:42:05,179.0,10.0,219.1,10.0,178.0,10.0,221.0,50.0,199.05,40.1,20.0,60.0,8.998804365027421,80,-40.0,-41.0,-0.5,179.0,
2025-03-20 07:42:06,178.6,10.0,218.32,22.0,176.8,20.0,220.84,38.0,198.46,39.72,30.0,60.0,9.57995981202609,90,-30.0,10.0,-0.33,176.88,8.0
2025-03-20 07:42:07,176.0,14.0,218.0,35.0,175.0,35.0,219.0,7.0,197.0,42.0,49.0,42.0,7.935147761701309,91,7.0,1.0,0.08,176.88,
2025-03-20 07:42:08,176.0,14.0,216.52,27.0,175.0,35.0,216.93,15.0,196.26,40.52000000000001,49.0,42.0,1.878597881408245,91,7.0,0.0,0.08,176.88,
2025-03-20 07:42:09,178.73,22.0,212.72,39.0,175.8,25.0,214.74,27.0,195.72,33.99000000000001,47.0,66.0,1.4209222357438844,113,-19.0,22.0,-0.17,176.88,
2025-03-20 07:42:10,179.95,19.0,212.0,30.0,176.8,10.0,214.0,6.0,195.97,32.05000000000001,29.0,36.0,1.1037300394714966,65,-7.0,-48.0,-0.11,176.88,
2025-03-20 07:42:12,179.36,22.0,211.07,41.0,176.3,20.0,211.9,20.0,195.22,31.70999999999998,42.0,61.0,0.4958628843059233,103,-19.0,-37.0,-0.18,181.0,4.0
2025-03-20 07:42:13,179.0,11.0,208.23,13.0,177.0,12.0,209.02,41.0,193.62,29.22999999999999,23.0,54.0,1.0997636109785072,77,-31.0,-26.0,-0.4,179.0,1.0
2025-03-20 07:42:14,178.48,29.0,205.39,23.0,175.08,13.0,208.07,28.0,191.94,26.91,42.0,51.0,1.8637864684649192,93,-9.0,16.0,-0.1,176.8,5.0
2025-03-20 07:42:17,180.0,22.0,193.42,43.0,175.43,42.0,195.07,29.0,186.71,13.419999999999987,64.0,72.0,2.863428015514875,136,-8.0,36.0,-0.06,176.8,
2025-03-20 07:42:18,177.78,27.0,190.34,41.0,175.71,42.0,192.46,13.0,184.06,12.560000000000002,69.0,54.0,3.2702262918698093,123,15.0,-13.0,0.12,178.67,3.0
2025-03-20 07:42:19,176.0,45.0,188.44,9.0,174.0,18.0,190.0,45.0,182.22,12.439999999999998,63.0,54.0,3.523467042564429,117,9.0,-6.0,0.08,178.67,
2025-03-20 07:42:20,176.0,55.0,183.94,32.0,173.26,47.0,185.82,33.0,179.97,7.939999999999998,102.0,65.0,3.268230408040275,167,37.0,50.0,0.22,178.67,
2025-03-20 07:42:21,176.31,59.0,180.95,21.0,174.41,51.0,182.24,29.0,178.63,4.639999999999986,110.0,50.0,3.219016930685563,160,60.0,-7.0,0.38,178.67,
2025-03-20 07:42:22,177.31,144.0,178.97,58.0,176.0,112.0,207.69,49.0,178.14,1.6599999999999966,256.0,107.0,2.4962632072843323,363,149.0,169.5,0.41,178.92,12.0
2025-03-20 07:42:23,179.62,71.0,181.0,9.0,176.0,63.0,413.74,23.0,180.31,1.3799999999999957,134.0,32.0,1.6011964276883623,166,102.0,-170.5,0.61,180.0,5.0
2025-03-20 07:42:24,176.93,27.0,367.27,15.0,175.27,66.0,396.67,30.0,272.1,190.34,93.0,45.0,41.52799959063801,138,48.0,-28.0,0.35,178.33,3.0
2025-03-20 07:42:25,178.33,12.0,348.52,33.0,176.0,84.0,424.94,32.0,263.42,170.18999999999997,96.0,65.0,48.704689199296,161,31.0,23.0,0.19,178.33,
2025-03-20 07:42:26,179.0,11.0,304.66,35.0,176.0,77.0,421.65,34.0,241.83,125.66000000000004,88.0,69.0,45.131704488087,157,19.0,-4.0,0.12,178.33,
2025-03-20 07:42:27,179.33,12.0,245.0,30.0,176.2,45.0,400.29,28.0,212.17,65.66999999999999,57.0,58.0,37.8735214892939,115,-1.0,-42.0,-0.01,178.33,
2025-03-20 07:42:29,176.0,77.0,221.82,22.0,173.76,34.0,452.0,55.0,198.91,45.81999999999999,111.0,77.0,25.293522490946398,188,34.0,97.0,0.18,180.5,2.0
2025-03-20 07:42:30,176.0,45.0,409.87,30.0,174.0,9.0,564.78,41.0,292.93,233.87,54.0,71.0,36.547587061254895,125,-17.0,-63.0,-0.14,180.5,
2025-03-20 07:42:31,176.0,58.0,442.18,38.0,174.0,10.0,572.19,42.0,309.09,266.18,68.0,80.0,50.05240253973824,148,-12.0,23.0,-0.08,180.5,
2025-03-20 07:42:32,176.21,67.0,219.54,65.0,175.12,25.0,321.0,44.0,197.87,43.329999999999984,92.0,109.0,52.89713602833329,201,-17.0,53.0,-0.08,177.4,5.0
2025-03-20 07:42:33,176.0,36.0,376.16,19.0,174.0,12.0,446.11,45.0,276.08,200.16000000000005,48.0,64.0,52.95918598316999,112,-16.0,-89.0,-0.14,177.4,
2025-03-20 07:42:34,176.0,21.0,424.44,18.0,174.0,6.0,443.0,8.0,300.22,248.44,27.0,26.0,44.91542463341488,53,1.0,-59.0,0.02,177.4,
2025-03-20 07:42:35,176.0,17.0,408.67,6.0,174.0,5.0,409.95,21.0,292.33,232.67,22.0,27.0,44.857103896707066,49,-5.0,-4.0,-0.1,177.4,
2025-03-20 07:42:36,176.5,16.0,407.8,10.0,174.86,7.0,409.0,5.0,292.15,231.3,23.0,15.0,42.21148718062389,38,8.0,-11.0,0.21,177.4,
2025-03-20 07:42:37,176.2,25.0,284.65,17.0,175.36,22.0,276.85,53.0,230.42,108.45,47.0,70.0,28.13607381991968,117,-23.0,79.0,-0.2,176.5,2.0
2025-03-20 07:42:38,177.0,20.0,204.36,28.0,174.4,10.0,242.55,29.0,190.68,27.360000000000014,30.0,57.0,48.399407537696,87,-27.0,-30.0,-0.31,176.5,
2025-03-20 07:42:58,178.92,53.0,187.49,59.0,178.09,79.0,193.2,50.0,183.21,8.570000000000022,132.0,109.0,4.228956135984989,241,23.0,98.0,0.1,179.0,8.0
2025-03-20 07:42:59,177.0,44.0,190.62,40.0,176.0,22.0,192.25,40.0,183.81,13.620000000000005,66.0,80.0,4.148903469603461,146,-14.0,-95.0,-0.1,178.0,5.0
2025-03-20 07:43:00,177.0,32.0,189.86,28.0,176.0,16.0,191.24,29.0,183.43,12.860000000000014,48.0,57.0,3.3416492934013897,105,-9.0,-41.0,-0.09,178.0,
2025-03-20 07:43:01,177.0,30.0,187.11,18.0,176.0,18.0,189.0,45.0,182.06,10.110000000000014,48.0,63.0,2.304686529680818,111,-15.0,6.0,-0.14,177.0,1.0
2025-03-20 07:43:02,178.47,15.0,187.66,38.0,176.95,38.0,188.95,62.0,183.06,9.189999999999998,53.0,100.0,0.6533222788896291,153,-47.0,42.0,-0.31,177.0,
2025-03-20 07:43:04,178.67,12.0,180.74,27.0,177.0,27.0,182.25,32.0,179.7,2.0700000000000216,39.0,59.0,1.5063698085446,98,-20.0,-47.0,-0.2,180.0,2.0
2025-03-20 07:43:05,177.0,42.0,178.59,34.0,176.0,28.0,179.75,32.0,177.79,1.5900000000000034,70.0,66.0,2.296795593886438,136,4.0,38.0,0.03,178.0,1.0
2025-03-20 07:43:06,177.0,33.0,197.91,33.0,176.0,101.0,260.68,38.0,187.45,20.91,134.0,71.0,3.69331152221076,205,63.0,69.0,0.31,178.5,4.0
2025-03-20 07:43:07,177.0,36.0,200.17,36.0,176.0,132.0,203.0,48.0,188.58,23.169999999999987,168.0,84.0,4.704873005734942,252,84.0,47.0,0.33,178.5,
2025-03-20 07:43:08,179.82,76.0,197.79,42.0,175.55,116.0,266.1,42.0,188.8,17.97,192.0,84.0,5.289057572015252,276,108.0,24.0,0.39,178.25,8.0
2025-03-20 07:43:17,178.11,73.0,230.04,46.0,176.29,73.0,309.56,25.0,204.08,51.92999999999998,146.0,71.0,44.53724475088288,217,75.0,95.0,0.35,178.0,4.0
2025-03-20 07:43:18,178.71,139.0,228.73,44.0,177.0,11.0,310.71,21.0,203.72,50.01999999999998,150.0,65.0,41.02958262034895,215,85.0,-2.0,0.4,179.0,2.0
2025-03-20 07:43:19,180.0,143.0,226.98,49.0,177.0,13.0,323.43,21.0,203.49,46.97999999999999,156.0,70.0,36.29014012097549,226,86.0,11.0,0.38,179.0,
2025-03-20 07:43:28,177.4,10.0,203.35,26.0,176.03,118.0,202.89,38.0,190.37,25.94999999999999,128.0,64.0,28.686269886481416,192,64.0,88.0,0.33,179.33,3.0
2025-03-20 07:43:29,177.0,11.0,197.81,31.0,176.0,143.0,199.51,39.0,187.4,20.81,154.0,70.0,22.08919147456663,224,84.0,32.0,0.38,179.33,
2025-03-20 07:43:30,177.0,4.0,195.0,20.0,176.0,52.0,196.25,20.0,186.0,18.0,56.0,40.0,7.418013211101821,96,16.0,-128.0,0.17,179.33,
2025-03-20 07:43:31,176.1,124.0,192.84,58.0,175.09,98.0,194.78,54.0,184.47,16.74000000000001,222.0,112.0,3.9073482056359223,334,110.0,169.5,0.33,178.5,4.0
2025-03-20 07:43:32,176.0,157.0,189.21,57.0,174.0,65.0,189.55,33.0,182.61,13.210000000000008,222.0,90.0,2.947261440742781,312,132.0,-22.0,0.42,176.0,1.0
2025-03-20 07:43:33,176.1,120.0,185.6,43.0,174.7,69.0,187.35,23.0,180.85,9.5,189.0,66.0,2.611595297914975,255,123.0,-57.0,0.48,176.0,
2025-03-20 07:43:34,177.0,77.0,179.46,50.0,176.0,156.0,181.76,45.0,178.23,2.460000000000008,233.0,95.0,3.0444736819512737,328,138.0,73.0,0.42,177.5,2.0
2025-03-20 07:43:35,175.72,53.0,219.3,37.0,173.72,58.0,411.48,21.0,197.51,43.58000000000001,111.0,58.0,7.503244631497166,169,53.0,-159.0,0.31,176.8,10.0
2025-03-20 07:43:36,174.0,20.0,296.5,4.0,172.0,28.0,576.0,8.0,235.25,122.5,48.0,12.0,23.776404269781388,60,36.0,-109.0,0.6,176.8,
2025-03-20 07:43:37,174.0,28.0,406.67,9.0,172.0,49.0,580.17,12.0,290.33,232.67,77.0,21.0,47.16605007842031,98,56.0,38.0,0.57,174.0,3.0
2025-03-20 07:43:39,176.07,45.0,436.86,14.0,173.52,29.0,662.0,35.0,306.46,260.79,74.0,49.0,69.37055737126504,123,25.0,39.0,0.2,174.0,
2025-03-20 07:43:45,177.85,26.0,228.56,80.0,175.54,96.0,418.78,37.0,203.2,50.71000000000001,122.0,117.0,22.93195870395809,239,5.0,112.0,0.02,179.2,5.0
2025-03-20 07:43:46,178.0,7.0,181.0,35.0,176.0,77.0,231.0,35.0,179.5,3.0,84.0,70.0,28.479460142356245,154,14.0,-85.0,0.09,179.2,
2025-03-20 07:43:47,178.57,21.0,229.33,60.0,176.12,52.0,353.0,60.0,203.95,50.76000000000002,73.0,120.0,22.74273444421468,193,-47.0,39.0,-0.24,179.2,
2025-03-20 07:43:48,178.06,36.0,228.0,70.0,174.48,58.0,305.57,70.0,203.03,49.94,94.0,140.0,11.296210426513802,234,-46.0,41.0,-0.2,179.6,5.0
2025-03-20 07:43:49,176.0,16.0,213.75,40.0,174.0,56.0,380.0,40.0,194.88,37.75,72.0,80.0,10.414041962661877,152,-8.0,-82.0,-0.05,179.6,
2025-03-20 07:43:50,176.0,22.0,224.43,23.0,174.0,77.0,226.86,43.0,200.22,48.43000000000001,99.0,66.0,10.042869609831806,165,33.0,13.0,0.2,179.6,
2025-03-20 07:43:51,177.0,49.0,205.71,24.0,174.34,59.0,204.93,44.0,191.35,28.710000000000008,108.0,68.0,5.413772252328338,176,40.0,11.0,0.23,179.6,
2025-03-20 07:43:52,178.09,77.0,195.52,23.0,176.0,22.0,197.27,11.0,186.81,17.430000000000007,99.0,34.0,6.5538057645985175,133,65.0,-43.0,0.49,179.6,
2025-03-20 07:43:55,179.86,35.0,190.0,29.0,174.55,49.0,190.16,49.0,184.93,10.139999999999986,84.0,78.0,2.457580110615941,162,6.0,-11.0,0.04,180.0,4.0
2025-03-20 07:43:56,174.05,74.0,186.42,12.0,117.76,87.0,189.08,24.0,180.24,12.369999999999976,161.0,36.0,2.729591544553482,197,125.0,35.0,0.63,174.4,10.0
2025-03-20 07:43:57,174.0,12.0,184.04,26.0,121.88,84.0,185.17,6.0,179.02,10.039999999999992,96.0,32.0,3.506572400521597,128,64.0,-69.0,0.5,174.4,
2025-03-20 07:43:58,178.13,23.0,183.0,7.0,143.25,36.0,184.0,35.0,180.57,4.8700000000000045,59.0,42.0,3.111425718236148,101,17.0,-27.0,0.17,179.0,1.0
2025-03-20 07:43:59,179.0,36.0,182.0,36.0,165.28,109.0,183.0,36.0,180.5,3.0,145.0,72.0,2.2563399566782274,217,73.0,116.0,0.34,179.0,
2025-03-20 07:44:00,161.26,23.0,181.33,18.0,158.63,126.0,216.83,46.0,171.3,20.07000000000002,149.0,64.0,3.97716984803341,213,85.0,-4.0,0.4,179.0,3.0
2025-03-20 07:44:01,145.66,87.0,180.94,53.0,113.14,50.0,221.0,54.0,163.3,35.28,137.0,107.0,7.549769532913587,244,30.0,31.0,0.12,179.0,
2025-03-20 07:44:02,147.71,28.0,370.64,22.0,119.86,138.0,498.4,52.0,259.18,222.93,166.0,74.0,38.80374595319492,240,92.0,-4.0,0.38,178.5,2.0
2025-03-20 07:44:03,174.0,14.0,460.0,21.0,163.24,94.0,797.0,35.0,317.0,286.0,108.0,56.0,67.22294013207141,164,52.0,-76.0,0.32,178.5,
2025-03-20 07:44:04,165.0,35.0,460.0,27.0,125.22,50.0,547.22,45.0,312.5,295.0,85.0,72.0,74.24168424813668,157,13.0,-7.0,0.08,177.0,3.0
2025-03-20 07:44:08,164.75,61.0,350.38,53.0,122.0,48.0,532.13,46.0,257.57,185.63,109.0,99.0,26.522688777723133,208,10.0,70.0,0.05,183.0,2.0
2025-03-20 07:44:14,177.0,54.0,298.43,56.0,175.0,244.0,366.64,56.0,237.71,121.43,298.0,112.0,34.60483159906977,410,186.0,169.5,0.45,177.0,2.0
2025-03-20 07:44:15,177.0,16.0,244.38,26.0,175.0,66.0,310.75,32.0,210.69,67.38,82.0,58.0,48.81719860868699,140,24.0,-170.5,0.17,177.0,1.0
