DateTime,Bid1_Price,Bid1_Volume,Ask1_Price,Ask1_Volume,Bid2_Price,Bid2_Volume,Ask2_Price,Ask2_Volume,Mid-Price,Bid_Ask_Spread,Market_Depth_Bid,Market_Depth_Ask,Historical_Volatility,Total_volume,Cumulative_Volume_Difference,Total_Volume_Change_Corrected,Order_imbalance,Weighted_Avg_Price,Trade_Volume
2025-03-26 07:30:03,146.0,10.0,148.4,20.0,0.0,0.0,370.64,14.0,147.2,2.4000000000000057,10.0,34.0,,44,-24.0,32.0,-0.55,,
2025-03-26 07:30:20,134.29,35.0,136.67,42.0,133.17,60.0,137.53,60.0,135.48,2.3799999999999955,95.0,102.0,2.745936998547557,197,-7.0,48.0,-0.04,135.67,3.0
2025-03-26 07:30:21,134.66,35.0,137.63,54.0,131.13,47.0,138.97,33.0,136.14,2.969999999999999,82.0,87.0,2.137421343580267,169,-5.0,-28.0,-0.03,136.0,7.0
2025-03-26 07:30:22,131.27,33.0,138.0,55.0,127.36,33.0,141.96,56.0,134.64,6.72999999999999,66.0,111.0,1.366484540707497,177,-45.0,8.0,-0.25,134.8,5.0
2025-03-26 07:30:24,132.69,26.0,138.32,31.0,129.6,30.0,141.5,28.0,135.51,5.629999999999996,56.0,59.0,1.582791837227055,115,-3.0,-67.0,-0.03,137.2,5.0
2025-03-26 07:30:25,134.14,28.0,138.0,52.0,132.79,28.0,139.82,33.0,136.07,3.8600000000000136,56.0,85.0,1.6680917240945174,141,-29.0,26.0,-0.21,138.0,3.0
2025-03-26 07:30:26,135.33,18.0,138.0,18.0,133.0,18.0,139.0,18.0,136.67,2.6699999999999875,36.0,36.0,1.7801404438955488,72,0.0,-69.0,0.0,138.0,
2025-03-26 07:30:27,136.64,22.0,138.0,22.0,133.0,22.0,139.0,22.0,137.32,1.3600000000000136,44.0,44.0,2.030512250638431,88,0.0,16.0,0.0,138.0,
2025-03-26 07:30:28,137.0,18.0,138.67,18.0,130.0,24.0,139.5,12.0,137.83,1.6699999999999875,42.0,30.0,0.9318261640418856,72,12.0,-16.0,0.17,138.0,2.0
2025-03-26 07:30:29,130.31,52.0,139.47,15.0,127.68,50.0,144.38,32.0,134.89,9.159999999999997,102.0,47.0,1.143625812927026,149,55.0,77.0,0.37,139.33,3.0
2025-03-26 07:30:30,129.44,72.0,141.67,45.0,127.42,55.0,165.73,44.0,135.56,12.22999999999999,127.0,89.0,1.2181256092837789,216,38.0,67.0,0.18,139.33,
2025-03-26 07:30:31,131.5,145.0,138.95,63.0,130.34,166.0,141.72,53.0,135.22,7.449999999999989,311.0,116.0,1.3220173977648442,427,195.0,172.0,0.46,139.33,
2025-03-26 07:30:32,131.0,228.0,138.12,34.0,129.0,108.0,157.42,48.0,134.56,7.1200000000000045,336.0,82.0,1.2945926000069832,418,254.0,-9.0,0.61,138.25,4.0
2025-03-26 07:30:36,132.97,107.0,137.0,55.0,130.39,41.0,342.58,38.0,134.99,4.030000000000001,148.0,93.0,1.4236116043333025,241,55.0,-145.0,0.23,138.25,
2025-03-26 07:30:37,131.6,50.0,156.03,39.0,131.8,93.0,405.76,37.0,143.81,24.430000000000007,143.0,76.0,5.018831537319513,219,67.0,-22.0,0.31,136.83,6.0
2025-03-26 07:30:38,141.68,37.0,236.67,24.0,140.12,50.0,527.33,60.0,189.17,94.98999999999998,87.0,84.0,24.391282664099396,171,3.0,-48.0,0.02,140.33,6.0
2025-03-26 07:30:39,145.0,16.0,262.8,25.0,144.0,64.0,560.61,23.0,203.9,117.8,80.0,48.0,33.333238216530944,128,32.0,-43.0,0.25,140.33,
2025-03-26 07:30:40,145.85,41.0,270.0,14.0,144.45,44.0,498.32,19.0,207.93,124.15,85.0,33.0,34.239567754281055,118,52.0,-10.0,0.44,146.0,5.0
2025-03-26 07:30:41,146.25,63.0,228.8,20.0,145.19,108.0,286.79,29.0,187.53,82.55000000000001,171.0,49.0,25.458916316292925,220,122.0,102.0,0.55,146.0,
2025-03-26 07:30:42,146.0,45.0,193.36,11.0,145.0,72.0,195.62,16.0,169.68,47.360000000000014,117.0,27.0,15.17321884110314,144,90.0,-76.0,0.62,146.0,
2025-03-26 07:30:43,146.0,45.0,188.0,13.0,145.0,72.0,190.5,14.0,167.0,42.0,117.0,27.0,18.866119632823445,144,90.0,0.0,0.62,146.0,
2025-03-26 07:30:44,145.53,59.0,182.29,14.0,144.64,88.0,182.89,19.0,163.91,36.75999999999999,147.0,33.0,18.49361916986517,180,114.0,36.0,0.63,145.83,6.0
2025-03-26 07:30:45,145.0,77.0,163.67,30.0,144.0,88.0,155.91,33.0,154.33,18.669999999999987,165.0,63.0,12.120641484674035,228,102.0,48.0,0.45,145.83,
2025-03-26 07:30:46,145.0,32.0,146.67,18.0,143.27,33.0,149.93,30.0,145.83,1.6699999999999875,65.0,48.0,9.884530843697084,113,17.0,-115.0,0.15,145.0,5.0
2025-03-26 07:30:47,145.0,13.0,146.71,14.0,144.0,27.0,232.71,28.0,145.86,1.710000000000008,40.0,42.0,9.883325857220214,82,-2.0,-31.0,-0.02,145.0,1.0
2025-03-26 07:30:48,145.35,34.0,309.81,21.0,143.89,37.0,494.77,39.0,227.58,164.46,71.0,60.0,34.40138761736218,131,11.0,49.0,0.08,145.0,1.0
2025-03-26 07:30:49,145.77,35.0,331.11,18.0,144.45,38.0,402.84,31.0,238.44,185.34,73.0,49.0,46.48164982011722,122,24.0,-9.0,0.2,147.67,3.0
2025-03-26 07:30:50,147.0,36.0,316.95,39.0,145.0,60.0,378.0,21.0,231.97,169.95,96.0,60.0,47.70901099373164,156,36.0,34.0,0.23,147.67,
2025-03-26 07:30:51,149.0,39.0,225.63,35.0,145.0,65.0,226.96,27.0,187.31,76.63,104.0,62.0,39.23760148123237,166,42.0,10.0,0.25,147.67,
2025-03-26 07:30:52,149.0,28.0,169.83,36.0,145.0,60.0,170.38,26.0,159.42,20.830000000000013,88.0,62.0,34.16199540425017,150,26.0,-16.0,0.17,149.0,1.0
2025-03-26 07:30:53,149.0,12.0,164.67,9.0,145.0,30.0,165.35,20.0,156.83,15.669999999999987,42.0,29.0,38.844638368763405,71,13.0,-79.0,0.18,149.0,
2025-03-26 07:30:54,149.0,16.0,161.68,25.0,145.0,40.0,162.24,17.0,155.34,12.680000000000009,56.0,42.0,32.81061764124537,98,14.0,27.0,0.14,149.0,
2025-03-26 07:30:55,148.35,31.0,157.86,36.0,144.96,68.0,160.04,23.0,153.11,9.51000000000002,99.0,59.0,14.11170684219302,158,40.0,60.0,0.25,149.0,2.0
2025-03-26 07:30:56,145.0,60.0,154.71,52.0,144.0,48.0,155.52,54.0,149.86,9.710000000000008,108.0,106.0,3.638470832643137,214,2.0,56.0,0.01,145.0,4.0
2025-03-26 07:30:57,145.04,54.0,151.03,32.0,144.25,48.0,153.12,51.0,148.03,5.990000000000009,102.0,83.0,3.675844120742078,185,19.0,-29.0,0.1,145.0,
2025-03-26 07:30:58,146.0,12.0,147.95,22.0,145.0,72.0,150.44,32.0,146.98,1.9499999999999889,84.0,54.0,3.500147139763336,138,30.0,-47.0,0.22,145.0,
2025-03-26 07:30:59,145.23,26.0,147.22,27.0,144.81,63.0,152.3,37.0,146.23,1.990000000000009,89.0,64.0,2.7477754638967267,153,25.0,15.0,0.16,145.11,9.0
2025-03-26 07:31:00,145.0,21.0,146.77,35.0,144.0,39.0,232.0,26.0,145.89,1.7700000000000102,60.0,61.0,1.6026446892534765,121,-1.0,-32.0,-0.01,145.0,2.0
2025-03-26 07:31:01,144.22,23.0,185.14,21.0,142.48,63.0,290.47,17.0,164.68,40.91999999999999,86.0,38.0,8.046015784224734,124,48.0,3.0,0.39,145.0,1.0
2025-03-26 07:31:02,144.0,33.0,222.38,16.0,142.0,88.0,272.89,19.0,183.19,78.38,121.0,35.0,16.461680655388623,156,86.0,32.0,0.55,145.0,
2025-03-26 07:31:03,145.4,20.0,147.5,20.0,143.2,40.0,199.67,15.0,146.45,2.0999999999999943,60.0,35.0,16.546988245599135,95,25.0,-61.0,0.26,146.0,3.0
2025-03-26 07:31:04,146.0,7.0,148.0,14.0,144.0,21.0,327.13,15.0,147.0,2.0,28.0,29.0,16.421451519277944,57,-1.0,-38.0,-0.02,146.0,
2025-03-26 07:31:05,146.22,9.0,148.0,18.0,144.17,23.0,267.94,17.0,147.11,1.7800000000000011,32.0,35.0,16.21465479126817,67,-3.0,10.0,-0.04,146.0,
2025-03-26 07:31:06,147.25,8.0,401.36,14.0,146.0,8.0,518.41,34.0,274.3,254.11,16.0,48.0,55.22286709326132,64,-32.0,-3.0,-0.5,146.0,
2025-03-26 07:31:07,148.75,12.0,226.0,12.0,146.0,12.0,372.89,36.0,187.38,77.25,24.0,48.0,55.322476173794,72,-24.0,8.0,-0.33,146.0,
2025-03-26 07:31:08,143.32,47.0,205.74,57.0,142.15,82.0,308.46,26.0,174.53,62.420000000000016,129.0,83.0,52.354003953852526,212,46.0,140.0,0.22,145.4,5.0
2025-03-26 07:31:09,144.0,58.0,210.14,42.0,142.0,162.0,327.88,17.0,177.07,66.13999999999999,220.0,59.0,48.31620297581349,279,161.0,67.0,0.58,145.4,
2025-03-26 07:31:10,144.0,48.0,264.33,12.0,142.0,180.0,371.22,18.0,204.17,120.32999999999998,228.0,30.0,41.26362986941422,258,198.0,-21.0,0.77,144.0,5.0
2025-03-26 07:31:11,144.0,33.0,239.38,16.0,142.0,198.0,509.79,29.0,191.69,95.38,231.0,45.0,11.948327079554147,276,186.0,18.0,0.67,144.0,
2025-03-26 07:31:12,144.0,27.0,232.12,16.0,142.0,162.0,276.0,11.0,188.06,88.12,189.0,27.0,11.958055025797758,216,162.0,-60.0,0.75,144.0,
2025-03-26 07:31:13,143.0,72.0,238.3,46.0,141.88,240.0,299.69,39.0,190.65,95.3,312.0,85.0,9.675718061209116,397,227.0,172.0,0.57,142.75,8.0
2025-03-26 07:31:14,142.0,174.0,224.0,52.0,141.0,120.0,238.0,32.0,183.0,82.0,294.0,84.0,7.8321472151644835,378,210.0,-19.0,0.56,142.75,
2025-03-26 07:31:15,142.33,126.0,230.71,41.0,141.62,182.0,235.92,37.0,186.52,88.38,308.0,78.0,3.458009543076397,386,230.0,8.0,0.6,142.75,
2025-03-26 07:31:16,142.65,83.0,183.65,49.0,141.74,194.0,189.04,46.0,163.15,41.0,277.0,95.0,11.044434344954254,372,182.0,-14.0,0.49,143.2,5.0
2025-03-26 07:31:17,142.0,156.0,157.53,38.0,141.0,120.0,160.44,36.0,149.76,15.53,276.0,74.0,17.45261957414996,350,202.0,-22.0,0.58,143.2,
2025-03-26 07:31:18,142.15,190.0,155.32,38.0,141.16,166.0,156.52,50.0,148.73,13.169999999999987,356.0,88.0,17.88794482326013,444,268.0,94.0,0.6,143.2,
2025-03-26 07:31:19,144.0,100.0,152.4,30.0,143.0,13.0,153.35,46.0,148.2,8.400000000000006,113.0,76.0,16.44455441780032,189,37.0,-172.0,0.2,144.0,3.0
2025-03-26 07:31:20,144.28,145.0,148.6,57.0,143.59,66.0,151.48,69.0,146.44,4.319999999999993,211.0,126.0,6.756828397998007,337,85.0,148.0,0.25,144.0,
2025-03-26 07:31:21,145.94,109.0,147.26,34.0,144.86,63.0,216.69,26.0,146.6,1.3199999999999932,172.0,60.0,1.4185838008347988,232,112.0,-105.0,0.48,146.0,7.0
2025-03-26 07:31:22,146.06,72.0,147.85,40.0,145.14,98.0,397.15,33.0,146.95,1.789999999999992,170.0,73.0,1.021239443025322,243,97.0,11.0,0.4,146.4,5.0
2025-03-26 07:31:23,146.0,20.0,147.0,27.0,145.0,48.0,409.11,18.0,146.5,1.0,68.0,45.0,0.7326117662107807,113,23.0,-130.0,0.2,146.0,2.0
2025-03-26 07:31:24,143.21,85.0,147.0,39.0,143.04,24.0,469.0,39.0,145.11,3.789999999999992,109.0,78.0,0.7046630400341715,187,31.0,74.0,0.17,146.0,2.0
2025-03-26 07:31:25,143.0,70.0,234.86,28.0,142.0,10.0,539.27,30.0,188.93,91.86,80.0,58.0,19.082085053787853,138,22.0,-49.0,0.16,146.0,
2025-03-26 07:31:27,143.75,16.0,271.55,29.0,142.33,21.0,397.16,49.0,207.65,127.8,37.0,78.0,63.28940132439247,115,-41.0,-17.0,-0.36,146.0,
2025-03-26 07:31:28,144.38,16.0,154.46,13.0,142.26,23.0,246.0,20.0,149.42,10.080000000000013,39.0,33.0,62.710452717230574,72,6.0,-43.0,0.08,146.0,
2025-03-26 07:31:29,145.0,18.0,153.0,9.0,144.0,15.0,170.78,9.0,149.0,8.0,33.0,18.0,61.905865069474736,51,15.0,-21.0,0.29,146.0,
2025-03-26 07:31:30,146.56,27.0,153.0,10.0,144.7,20.0,178.09,22.0,149.78,6.439999999999998,47.0,32.0,65.84742538626708,79,15.0,28.0,0.19,146.0,
2025-03-26 07:31:31,147.0,30.0,152.2,10.0,145.0,27.0,260.62,24.0,149.6,5.199999999999989,57.0,34.0,26.02943910267749,91,23.0,12.0,0.25,146.0,
2025-03-26 07:31:32,147.0,18.0,149.83,6.0,145.0,18.0,508.33,6.0,148.42,2.8300000000000125,36.0,12.0,0.5439485269679639,48,24.0,-43.0,0.5,146.0,
2025-03-26 07:31:33,147.0,22.0,148.0,30.0,145.0,30.0,640.54,24.0,147.5,1.0,52.0,54.0,0.929623579730238,106,-2.0,58.0,-0.02,147.0,3.0
2025-03-26 07:31:34,144.89,37.0,146.82,34.0,143.73,30.0,237.75,32.0,145.86,1.9300000000000068,67.0,66.0,1.6175042503777903,133,1.0,27.0,0.01,145.0,3.0
2025-03-26 07:31:35,143.71,14.0,146.4,15.0,142.95,21.0,158.4,15.0,145.06,2.6899999999999977,35.0,30.0,1.8489780961357791,65,5.0,-68.0,0.08,144.0,2.0
2025-03-26 07:31:36,143.88,34.0,146.0,33.0,142.85,26.0,147.0,22.0,144.94,2.1200000000000045,60.0,55.0,1.5410645671059993,115,5.0,50.0,0.04,144.0,
2025-03-26 07:31:37,143.86,29.0,145.8,30.0,141.6,15.0,174.7,23.0,144.83,1.9399999999999975,44.0,53.0,1.1169691132656292,97,-9.0,-18.0,-0.09,144.0,3.0
2025-03-26 07:31:38,141.12,8.0,145.0,16.0,140.08,38.0,265.0,16.0,143.06,3.879999999999996,46.0,32.0,1.0279591431516946,78,14.0,-19.0,0.18,141.33,3.0
2025-03-26 07:31:39,140.4,15.0,144.0,18.0,138.83,36.0,249.0,27.0,142.2,3.5999999999999943,51.0,45.0,1.3055726712783775,96,6.0,18.0,0.06,140.33,3.0
2025-03-26 07:31:40,140.0,39.0,142.85,26.0,80.65,34.0,307.73,37.0,141.42,2.8499999999999943,73.0,63.0,1.5678010077776945,136,10.0,40.0,0.07,140.33,
2025-03-26 07:31:41,140.37,38.0,231.25,48.0,120.92,39.0,373.04,56.0,185.81,90.88,77.0,104.0,19.241806827842108,181,-27.0,45.0,-0.15,141.0,4.0
2025-03-26 07:31:42,138.12,32.0,160.0,56.0,110.0,22.0,280.67,27.0,149.06,21.879999999999995,54.0,83.0,18.968257695423464,137,-29.0,-44.0,-0.21,140.0,3.0
2025-03-26 07:31:43,135.2,10.0,161.51,41.0,118.31,16.0,212.08,50.0,148.36,26.31,26.0,91.0,18.463485586421424,117,-65.0,-20.0,-0.56,141.0,1.0
2025-03-26 07:31:44,116.89,19.0,180.25,57.0,81.14,22.0,243.24,21.0,148.57,63.36,41.0,78.0,17.70421503484388,119,-37.0,2.0,-0.31,132.0,1.0
2025-03-26 07:31:51,136.75,12.0,237.88,16.0,49.28,29.0,565.89,19.0,187.31,101.13,41.0,35.0,38.101891029186255,76,6.0,27.0,0.08,136.0,2.0
2025-03-26 07:31:52,142.0,35.0,221.75,16.0,87.25,16.0,507.44,16.0,181.88,79.75,51.0,32.0,46.24968940436235,83,19.0,7.0,0.23,136.0,
2025-03-26 07:31:53,142.33,30.0,211.75,32.0,120.41,39.0,225.82,22.0,177.04,69.41999999999999,69.0,54.0,47.939938986193866,123,15.0,40.0,0.12,136.0,
2025-03-26 07:31:54,142.0,45.0,210.75,32.0,141.0,18.0,226.13,15.0,176.38,68.75,63.0,47.0,40.62255124927525,110,16.0,-13.0,0.15,136.0,
2025-03-26 07:31:55,142.3,81.0,181.0,41.0,141.07,45.0,198.53,34.0,161.65,38.69999999999999,126.0,75.0,9.565687115936738,201,51.0,91.0,0.25,136.0,
2025-03-26 07:31:56,146.16,32.0,158.85,39.0,144.0,48.0,159.71,31.0,152.5,12.689999999999998,80.0,70.0,12.321854568205076,150,10.0,-51.0,0.07,136.0,
2025-03-26 07:31:57,144.44,18.0,157.27,22.0,142.52,46.0,158.19,32.0,150.86,12.830000000000013,64.0,54.0,12.582181050994086,118,10.0,-32.0,0.08,146.0,5.0
2025-03-26 07:31:58,143.86,28.0,155.1,40.0,141.81,72.0,156.25,32.0,149.48,11.23999999999998,100.0,72.0,11.234050026592955,172,28.0,54.0,0.16,142.8,5.0
2025-03-26 07:31:59,142.24,21.0,153.8,20.0,140.07,58.0,155.16,25.0,148.02,11.560000000000002,79.0,45.0,5.375938987748249,124,34.0,-48.0,0.27,142.8,
2025-03-26 07:32:00,144.22,45.0,151.64,22.0,142.0,18.0,152.55,22.0,147.93,7.4199999999999875,63.0,44.0,1.947593386718824,107,19.0,-17.0,0.18,142.8,
2025-03-26 07:32:01,145.0,66.0,148.37,35.0,142.0,32.0,149.35,31.0,146.69,3.3700000000000045,98.0,66.0,1.6058735940261932,164,32.0,57.0,0.2,145.0,4.0
2025-03-26 07:32:02,143.32,25.0,146.6,30.0,140.34,59.0,147.7,27.0,144.96,3.280000000000001,84.0,57.0,1.691753528144759,141,27.0,-23.0,0.19,145.0,7.0
2025-03-26 07:32:03,142.29,31.0,147.11,28.0,140.25,72.0,151.67,12.0,144.7,4.820000000000022,103.0,40.0,1.5807434959505606,143,63.0,2.0,0.44,145.0,3.0
2025-03-26 07:32:04,144.55,31.0,148.1,30.0,142.67,36.0,150.11,18.0,146.32,3.549999999999983,67.0,48.0,1.3231590985175987,115,19.0,-28.0,0.17,146.0,1.0
2025-03-26 07:32:05,145.02,56.0,147.12,48.0,142.6,30.0,248.0,22.0,146.07,2.0999999999999943,86.0,70.0,0.8714183840095356,156,16.0,41.0,0.1,145.2,5.0
2025-03-26 07:32:06,143.14,21.0,146.13,45.0,141.84,19.0,443.37,30.0,144.64,2.990000000000009,40.0,75.0,0.7964420882836816,115,-35.0,-41.0,-0.3,143.5,2.0
2025-03-26 07:32:07,141.64,14.0,143.62,32.0,140.2,44.0,226.14,35.0,142.63,1.9800000000000184,58.0,67.0,1.4698537342162743,125,-9.0,10.0,-0.07,142.0,1.0
2025-03-26 07:32:08,140.03,58.0,141.89,18.0,95.11,44.0,349.04,26.0,140.96,1.8599999999999848,102.0,44.0,2.2977445462864856,146,58.0,21.0,0.4,140.5,2.0
2025-03-26 07:32:09,140.0,36.0,287.89,27.0,113.77,39.0,481.45,31.0,213.94,147.89,75.0,58.0,31.528071143030516,133,17.0,-13.0,0.13,140.0,4.0
2025-03-26 07:32:10,142.33,15.0,206.8,10.0,119.5,20.0,294.82,11.0,174.57,64.47,35.0,21.0,31.48781939099618,56,14.0,-77.0,0.25,140.0,
2025-03-26 07:32:11,141.21,29.0,225.5,24.0,110.87,60.0,501.18,33.0,183.35,84.28999999999999,89.0,57.0,30.48085054587548,146,32.0,90.0,0.22,140.0,
2025-03-26 07:32:12,141.8,20.0,208.0,16.0,130.54,37.0,234.0,16.0,174.9,66.19999999999999,57.0,32.0,26.04132734712268,89,25.0,-57.0,0.28,140.0,
2025-03-26 07:32:13,146.0,24.0,208.0,8.0,140.0,8.0,234.0,8.0,177.0,62.0,32.0,16.0,16.69381232672761,48,16.0,-41.0,0.33,140.0,
2025-03-26 07:32:14,146.0,36.0,233.33,12.0,140.0,12.0,409.14,14.0,189.67,87.33000000000001,48.0,26.0,6.503350674844522,74,22.0,26.0,0.3,140.0,
2025-03-26 07:32:15,146.0,58.0,187.54,26.0,143.0,29.0,281.0,20.0,166.77,41.53999999999999,87.0,46.0,8.674143761778451,133,41.0,59.0,0.31,146.0,2.0
2025-03-26 07:32:16,146.0,32.0,185.88,32.0,144.0,80.0,310.33,18.0,165.94,39.88,112.0,50.0,9.60379768633215,162,62.0,29.0,0.38,146.0,
2025-03-26 07:32:17,146.0,41.0,177.45,22.0,144.0,80.0,214.36,28.0,161.73,31.44999999999999,121.0,50.0,11.253131564146834,171,71.0,9.0,0.42,146.0,
2025-03-26 07:32:18,146.0,50.0,173.0,44.0,144.0,110.0,292.29,28.0,159.5,27.0,160.0,72.0,12.08616854093953,232,88.0,61.0,0.38,146.0,3.0
2025-03-26 07:32:19,146.47,90.0,172.48,66.0,144.33,144.0,297.06,49.0,159.48,26.00999999999999,234.0,115.0,3.4860622484393464,349,119.0,117.0,0.34,146.0,
2025-03-26 07:32:20,147.0,80.0,168.12,26.0,146.0,56.0,169.36,44.0,157.56,21.120000000000005,136.0,70.0,3.2095825273691285,206,66.0,-143.0,0.32,147.0,3.0
2025-03-26 07:32:21,147.0,52.0,166.0,13.0,146.0,52.0,168.0,52.0,156.5,19.0,104.0,65.0,2.0153362002386723,169,39.0,-37.0,0.23,147.0,
2025-03-26 07:32:22,146.65,31.0,166.0,10.0,144.57,70.0,168.0,40.0,156.32,19.349999999999994,101.0,50.0,1.5511673023861838,151,51.0,-18.0,0.34,146.0,3.0
2025-03-26 07:32:23,146.0,13.0,164.7,40.0,144.0,130.0,167.28,25.0,155.35,18.69999999999999,143.0,65.0,1.572424878966148,208,78.0,57.0,0.38,144.5,4.0
2025-03-26 07:32:24,144.0,56.0,162.69,26.0,143.0,8.0,163.71,14.0,153.35,18.69,64.0,40.0,1.586010718750411,104,24.0,-104.0,0.23,144.5,
2025-03-26 07:32:25,144.0,56.0,160.75,8.0,143.0,8.0,161.92,26.0,152.38,16.75,64.0,34.0,1.834380004249602,98,30.0,-6.0,0.31,144.5,
2025-03-26 07:32:26,144.0,65.0,158.91,11.0,143.0,11.0,160.82,11.0,151.45,14.909999999999997,76.0,22.0,2.03038173750415,98,54.0,0.0,0.55,144.0,3.0
2025-03-26 07:32:27,145.07,105.0,156.57,14.0,144.02,53.0,157.57,14.0,150.82,11.5,158.0,28.0,1.7776248198058957,186,130.0,88.0,0.7,144.0,
2025-03-26 07:32:28,147.0,84.0,153.44,18.0,145.0,12.0,154.06,33.0,150.22,6.439999999999998,96.0,51.0,1.2446405103440694,147,45.0,-39.0,0.31,144.0,
2025-03-26 07:32:29,147.0,86.0,149.77,43.0,145.32,22.0,150.19,31.0,148.38,2.7700000000000102,108.0,74.0,1.499966666292673,182,34.0,35.0,0.19,147.0,5.0
2025-03-26 07:32:30,146.2,51.0,148.08,52.0,145.81,43.0,153.0,13.0,147.14,1.880000000000024,94.0,65.0,1.7913179505572856,159,29.0,-23.0,0.18,146.4,5.0
2025-03-26 07:32:31,145.97,29.0,147.22,36.0,144.89,9.0,196.74,19.0,146.59,1.25,38.0,55.0,1.855289734782238,93,-17.0,-66.0,-0.18,146.0,4.0
2025-03-26 07:32:32,144.92,13.0,151.8,51.0,143.85,13.0,238.62,39.0,148.36,6.880000000000024,26.0,90.0,1.3995427824786717,116,-64.0,23.0,-0.55,145.0,1.0
2025-03-26 07:32:33,144.0,9.0,232.0,27.0,142.0,36.0,244.0,27.0,188.0,88.0,45.0,54.0,18.07632097524249,99,-9.0,-17.0,-0.09,145.0,
2025-03-26 07:32:34,144.0,11.0,162.55,33.0,142.0,44.0,210.82,33.0,153.27,18.55000000000001,55.0,66.0,17.710253244942376,121,-11.0,22.0,-0.09,145.0,
2025-03-26 07:32:35,142.25,16.0,155.0,27.0,141.53,15.0,208.0,27.0,148.62,12.75,31.0,54.0,17.522484698238205,85,-23.0,-36.0,-0.27,142.67,3.0
2025-03-26 07:32:36,142.2,20.0,155.0,27.0,141.2,10.0,244.14,28.0,148.6,12.800000000000011,30.0,55.0,17.245741503339083,85,-25.0,0.0,-0.29,142.67,
2025-03-26 07:32:37,144.71,56.0,154.87,45.0,142.4,30.0,226.65,31.0,149.79,10.159999999999997,86.0,76.0,17.069927650695902,162,10.0,77.0,0.06,145.0,2.0
2025-03-26 07:32:38,145.0,44.0,151.91,33.0,142.0,47.0,160.39,31.0,148.45,6.909999999999997,91.0,64.0,2.04213858491258,155,27.0,-7.0,0.17,145.0,
2025-03-26 07:32:39,145.19,54.0,148.0,31.0,142.28,85.0,175.32,37.0,146.59,2.8100000000000023,139.0,68.0,1.1509344029909248,207,71.0,52.0,0.34,148.0,2.0
2025-03-26 07:32:40,145.83,23.0,215.32,31.0,144.46,39.0,328.23,26.0,180.57,69.48999999999998,62.0,57.0,14.451294059702454,119,5.0,-88.0,0.04,146.0,5.0
2025-03-26 07:32:41,145.86,28.0,364.77,44.0,144.62,55.0,467.36,47.0,255.31,218.91,83.0,91.0,46.42675650958187,174,-8.0,55.0,-0.05,146.0,
2025-03-26 07:32:42,146.0,16.0,307.88,32.0,145.0,32.0,602.0,20.0,226.94,161.88,48.0,52.0,48.2632346615932,100,-4.0,-74.0,-0.04,146.0,
2025-03-26 07:32:43,145.62,13.0,295.0,30.0,144.39,41.0,357.57,28.0,220.31,149.38,54.0,58.0,42.57626427952573,112,-4.0,12.0,-0.04,145.4,5.0
2025-03-26 07:32:44,144.33,30.0,249.07,30.0,143.72,58.0,289.43,42.0,196.7,104.73999999999998,88.0,72.0,28.771969518961047,160,16.0,48.0,0.1,145.0,1.0
2025-03-26 07:32:45,144.0,30.0,267.0,12.0,142.0,12.0,289.0,18.0,205.5,123.0,42.0,30.0,22.603452612378184,72,12.0,-88.0,0.17,145.0,
2025-03-26 07:32:46,144.53,45.0,278.28,25.0,142.67,27.0,325.46,35.0,211.41,133.74999999999997,72.0,60.0,11.924762890725388,132,12.0,60.0,0.09,144.0,2.0
2025-03-26 07:32:47,146.0,40.0,295.5,30.0,144.0,30.0,406.04,23.0,220.75,149.5,70.0,53.0,10.205695958631171,123,17.0,-9.0,0.14,144.0,
2025-03-26 07:32:48,146.0,48.0,222.92,36.0,144.0,36.0,267.09,33.0,184.46,76.91999999999999,84.0,69.0,13.897335356103936,153,15.0,30.0,0.1,144.0,
2025-03-26 07:32:49,144.46,35.0,227.53,32.0,142.29,42.0,284.24,38.0,185.99,83.07,77.0,70.0,15.934380126004754,147,7.0,-6.0,0.05,146.0,4.0
2025-03-26 07:32:50,144.25,16.0,228.0,24.0,142.86,28.0,344.72,25.0,186.12,83.75,44.0,49.0,17.07171725398512,93,-5.0,-54.0,-0.05,146.0,
2025-03-26 07:32:51,145.71,14.0,227.79,42.0,144.45,22.0,385.06,51.0,186.75,82.07999999999998,36.0,93.0,15.63935836279772,129,-57.0,36.0,-0.44,146.0,
2025-03-26 07:32:52,146.14,14.0,225.14,42.0,145.14,14.0,283.79,56.0,185.64,79.0,28.0,98.0,0.8458545974382485,126,-70.0,-3.0,-0.56,146.0,
2025-03-26 07:32:53,147.0,10.0,212.26,35.0,146.0,22.0,284.09,35.0,179.63,65.25999999999999,32.0,70.0,2.932239758274712,102,-38.0,-24.0,-0.37,146.0,
2025-03-26 07:32:54,147.69,13.0,224.0,52.0,146.0,39.0,225.0,39.0,185.85,76.31,52.0,91.0,2.918984412429589,143,-39.0,41.0,-0.27,146.0,
2025-03-26 07:32:55,148.0,14.0,223.06,17.0,146.0,42.0,224.05,55.0,185.53,75.06,56.0,72.0,2.863581673360628,128,-16.0,-15.0,-0.12,146.67,3.0
2025-03-26 07:32:56,146.0,14.0,159.92,39.0,144.0,42.0,174.53,32.0,152.96,13.919999999999987,56.0,71.0,14.197896675212272,127,-15.0,-1.0,-0.12,146.67,
2025-03-26 07:32:57,146.0,15.0,152.44,57.0,144.0,45.0,153.38,58.0,149.22,6.439999999999998,60.0,115.0,18.06429544709676,175,-55.0,48.0,-0.31,146.67,
2025-03-26 07:32:58,144.22,37.0,147.17,41.0,143.32,38.0,149.96,54.0,145.69,2.9499999999999886,75.0,95.0,20.102468753861995,170,-20.0,-5.0,-0.12,146.0,1.0
2025-03-26 07:32:59,143.76,41.0,146.11,54.0,142.16,57.0,147.55,44.0,144.93,2.3500000000000227,98.0,98.0,16.996426977456007,196,0.0,26.0,0.0,143.0,7.0
2025-03-26 07:33:00,141.05,84.0,143.02,41.0,140.6,80.0,143.95,43.0,142.04,1.9699999999999989,164.0,84.0,4.21448336098159,248,80.0,52.0,0.32,141.2,5.0
2025-03-26 07:33:01,141.31,51.0,143.43,42.0,140.42,48.0,152.31,26.0,142.37,2.1200000000000045,99.0,68.0,2.909269667801472,167,31.0,-81.0,0.19,141.57,7.0
2025-03-26 07:33:02,142.77,30.0,153.0,56.0,141.06,69.0,420.94,34.0,147.88,10.22999999999999,99.0,90.0,2.4279765237723288,189,9.0,22.0,0.05,141.57,
2025-03-26 07:33:03,144.92,25.0,195.89,38.0,142.32,25.0,395.5,24.0,170.41,50.97,50.0,62.0,11.90821691102374,112,-12.0,-77.0,-0.11,141.57,
2025-03-26 07:33:04,141.0,44.0,269.45,22.0,140.0,44.0,461.17,23.0,205.23,128.45,88.0,45.0,27.02691676828856,133,43.0,21.0,0.32,144.4,5.0
2025-03-26 07:33:05,141.0,52.0,182.21,14.0,140.0,52.0,187.92,25.0,161.61,41.21000000000001,104.0,39.0,24.815188897125065,143,65.0,10.0,0.45,144.4,
2025-03-26 07:33:06,146.79,56.0,154.0,18.0,140.77,35.0,186.0,9.0,150.39,7.210000000000008,91.0,27.0,23.149651833234987,118,64.0,-25.0,0.54,144.4,
2025-03-26 07:33:07,150.0,61.0,155.0,17.0,145.0,27.0,193.19,16.0,152.5,5.0,88.0,33.0,22.265844246288985,121,55.0,3.0,0.45,150.0,5.0
2025-03-26 07:33:08,145.0,21.0,150.43,7.0,141.0,28.0,176.9,20.0,147.71,5.430000000000007,49.0,27.0,23.912133321809637,76,22.0,-45.0,0.29,150.0,
2025-03-26 07:33:09,145.32,31.0,148.67,9.0,141.71,34.0,392.0,18.0,146.99,3.3499999999999943,65.0,27.0,5.885796462671374,92,38.0,16.0,0.41,150.0,
2025-03-26 07:33:10,146.0,48.0,285.0,21.0,145.0,33.0,448.31,26.0,215.5,139.0,81.0,47.0,29.64323987016262,128,34.0,36.0,0.27,146.0,1.0
2025-03-26 07:33:11,146.0,24.0,249.43,23.0,145.0,18.0,267.59,17.0,197.72,103.43,42.0,40.0,32.208257171104464,82,2.0,-46.0,0.02,146.0,
2025-03-26 07:33:12,146.0,44.0,239.5,42.0,145.0,33.0,333.67,27.0,192.75,93.5,77.0,69.0,31.100744846386,146,8.0,64.0,0.05,146.0,
2025-03-26 07:33:13,146.0,32.0,222.29,28.0,145.0,24.0,275.91,23.0,184.14,76.28999999999999,56.0,51.0,25.33933996772624,107,5.0,-39.0,0.05,146.0,
2025-03-26 07:33:14,146.0,18.0,203.0,36.0,145.0,27.0,204.0,27.0,174.5,57.0,45.0,63.0,15.40543800091418,108,-18.0,1.0,-0.17,146.0,2.0
2025-03-26 07:33:15,146.0,39.0,203.0,48.0,145.0,36.0,288.1,30.0,174.5,57.0,75.0,78.0,10.520385924480506,153,-3.0,45.0,-0.02,146.0,5.0
2025-03-26 07:33:16,146.0,22.0,202.36,44.0,145.0,33.0,245.0,33.0,174.18,56.360000000000014,55.0,77.0,8.277582980556923,132,-22.0,-21.0,-0.17,146.0,
2025-03-26 07:33:17,145.67,18.0,193.6,35.0,144.25,24.0,227.5,28.0,169.63,47.93000000000001,42.0,63.0,5.310094161124063,105,-21.0,-27.0,-0.2,145.67,3.0
2025-03-26 07:33:18,145.0,35.0,191.0,48.0,142.0,24.0,346.33,36.0,168.0,46.0,59.0,84.0,3.11199614395692,143,-25.0,38.0,-0.17,144.25,4.0
2025-03-26 07:33:19,142.37,43.0,191.0,60.0,140.72,80.0,332.37,43.0,166.69,48.63,123.0,103.0,3.571253281412868,226,20.0,83.0,0.09,142.0,1.0
2025-03-26 07:33:20,141.0,82.0,188.65,34.0,140.0,99.0,189.63,43.0,164.82,47.650000000000006,181.0,77.0,3.552228877761332,258,104.0,32.0,0.4,142.0,
2025-03-26 07:33:21,141.0,138.0,185.87,38.0,140.0,99.0,187.08,39.0,163.43,44.870000000000005,237.0,77.0,2.466238025820068,314,160.0,56.0,0.51,141.0,2.0
2025-03-26 07:33:22,141.11,27.0,183.25,16.0,140.67,54.0,184.16,19.0,162.18,42.13999999999999,81.0,35.0,2.361298371659217,116,46.0,-172.0,0.4,141.0,
2025-03-26 07:33:23,145.6,40.0,182.34,29.0,141.14,63.0,183.36,47.0,163.97,36.74000000000001,103.0,76.0,1.6814487800704012,179,27.0,63.0,0.15,141.0,
2025-03-26 07:33:24,147.38,39.0,178.84,25.0,146.0,52.0,180.18,34.0,163.11,31.460000000000008,91.0,59.0,0.982685097068245,150,32.0,-29.0,0.21,141.0,
2025-03-26 07:33:25,149.0,45.0,173.23,43.0,146.0,68.0,176.59,41.0,161.12,24.22999999999999,113.0,84.0,1.1248866609573744,197,29.0,47.0,0.15,149.0,1.0
2025-03-26 07:33:26,149.0,22.0,171.26,35.0,146.0,48.0,172.6,20.0,160.13,22.25999999999999,70.0,55.0,1.530088232749879,125,15.0,-72.0,0.12,149.0,
2025-03-26 07:33:27,149.0,24.0,165.94,34.0,146.0,20.0,167.06,31.0,157.47,16.939999999999998,44.0,65.0,2.567936915112867,109,-21.0,-16.0,-0.19,149.0,
2025-03-26 07:33:28,146.86,14.0,154.76,17.0,141.71,84.0,155.93,14.0,150.81,7.899999999999977,98.0,31.0,4.768817463480722,129,67.0,20.0,0.52,147.2,5.0
2025-03-26 07:33:29,144.0,15.0,151.49,39.0,141.0,180.0,152.53,19.0,147.74,7.490000000000009,195.0,58.0,5.897145919849523,253,137.0,124.0,0.54,147.2,
2025-03-26 07:33:30,144.0,13.0,146.83,35.0,141.0,156.0,150.35,17.0,145.41,2.8300000000000125,169.0,52.0,6.29529348005293,221,117.0,-32.0,0.53,146.0,3.0
2025-03-26 07:33:31,143.0,27.0,148.25,20.0,141.31,104.0,149.35,20.0,145.62,5.25,131.0,40.0,5.001914633417491,171,91.0,-50.0,0.53,146.0,
2025-03-26 07:33:32,143.0,90.0,145.71,21.0,142.0,72.0,146.87,15.0,144.36,2.710000000000008,162.0,36.0,2.561302403074519,198,126.0,27.0,0.64,143.0,3.0
2025-03-26 07:33:33,143.91,90.0,145.0,39.0,142.0,104.0,151.94,53.0,144.46,1.0900000000000034,194.0,92.0,1.3619544779451869,286,102.0,88.0,0.36,144.0,2.0
2025-03-26 07:33:34,144.0,32.0,145.0,36.0,142.0,96.0,153.0,63.0,144.5,1.0,128.0,99.0,0.5956509044690151,227,29.0,-59.0,0.13,144.0,4.0
2025-03-26 07:33:35,142.04,114.0,152.02,41.0,140.53,68.0,224.87,30.0,147.03,9.980000000000018,182.0,71.0,1.1476410588658967,253,111.0,26.0,0.44,144.0,2.0
2025-03-26 07:33:36,144.85,161.0,150.4,15.0,141.98,90.0,151.14,21.0,147.63,5.550000000000011,251.0,36.0,1.5978829744367835,287,215.0,34.0,0.75,145.0,5.0
2025-03-26 07:33:37,145.0,129.0,148.14,14.0,142.0,96.0,150.73,22.0,146.57,3.1399999999999864,225.0,36.0,1.471145811942199,261,189.0,-26.0,0.72,145.0,2.0
2025-03-26 07:33:38,145.0,78.0,146.36,11.0,142.0,86.0,243.64,25.0,145.68,1.3600000000000136,164.0,36.0,1.224487647955316,200,128.0,-61.0,0.64,145.0,2.0
2025-03-26 07:33:39,145.0,78.0,429.9,41.0,142.42,133.0,581.67,33.0,287.45,284.9,211.0,74.0,62.93704330519508,285,137.0,85.0,0.48,145.0,1.0
2025-03-26 07:33:40,145.63,19.0,385.0,20.0,144.8,35.0,471.0,20.0,265.32,239.37,54.0,40.0,71.50427364850304,94,14.0,-172.0,0.15,146.0,4.0
2025-03-26 07:33:41,146.0,12.0,398.38,26.0,144.44,43.0,578.36,25.0,272.19,252.38,55.0,51.0,71.03413172553047,106,4.0,12.0,0.04,146.0,
2025-03-26 07:33:43,146.0,28.0,296.0,45.0,145.0,90.0,486.44,43.0,221.0,150.0,118.0,88.0,49.06017458183399,206,30.0,4.0,0.15,146.0,
2025-03-26 07:33:44,146.0,42.0,199.29,35.0,145.0,63.0,318.38,34.0,172.64,53.28999999999999,105.0,69.0,68.12480106392988,174,36.0,-32.0,0.21,146.0,
2025-03-26 07:33:45,146.0,33.0,199.0,40.0,145.0,72.0,277.0,40.0,172.5,53.0,105.0,80.0,77.46184493026237,185,25.0,11.0,0.14,146.0,3.0
2025-03-26 07:33:46,145.0,99.0,197.59,51.0,142.0,92.0,256.0,35.0,171.29,52.59,191.0,86.0,79.73661028661807,277,105.0,92.0,0.38,146.0,3.0
2025-03-26 07:33:47,145.0,105.0,193.87,75.0,142.0,120.0,194.58,31.0,169.43,48.870000000000005,225.0,106.0,22.19006917519617,331,119.0,54.0,0.36,145.0,3.0
2025-03-26 07:33:48,145.0,100.0,188.28,82.0,142.0,144.0,190.74,62.0,166.64,43.28,244.0,144.0,2.512379350334468,388,100.0,57.0,0.26,145.0,2.0
2025-03-26 07:33:49,145.0,42.0,183.2,50.0,142.0,80.0,186.0,10.0,164.1,38.19999999999999,122.0,60.0,3.429368746575145,182,62.0,-172.0,0.34,145.0,
2025-03-26 07:33:50,145.0,40.0,181.5,50.0,142.0,80.0,182.63,46.0,163.25,36.5,120.0,96.0,3.4239699180900507,216,24.0,34.0,0.11,145.0,
2025-03-26 07:33:51,145.6,50.0,176.85,68.0,143.0,76.0,178.93,44.0,161.23,31.25,126.0,112.0,3.1770819945328443,238,14.0,22.0,0.06,145.0,
2025-03-26 07:33:52,148.21,29.0,170.42,95.0,145.0,76.0,174.31,91.0,159.31,22.20999999999998,105.0,186.0,2.794052612243355,291,-81.0,53.0,-0.28,148.0,1.0
2025-03-26 07:33:53,146.08,26.0,149.94,31.0,144.62,32.0,153.38,39.0,148.01,3.859999999999985,58.0,70.0,6.514591314885569,128,-12.0,-163.0,-0.09,149.0,1.0
2025-03-26 07:33:54,144.84,57.0,147.15,53.0,144.05,39.0,263.56,36.0,146.0,2.3100000000000023,96.0,89.0,7.964665718031171,185,7.0,57.0,0.04,146.0,5.0
2025-03-26 07:33:55,144.0,12.0,145.0,4.0,142.0,4.0,147.0,16.0,144.5,1.0,16.0,20.0,7.852047503675676,36,-4.0,-149.0,-0.11,144.0,3.0
2025-03-26 07:33:56,142.81,37.0,144.4,10.0,141.3,10.0,232.2,10.0,143.61,1.5900000000000034,47.0,20.0,6.384146771494052,67,27.0,31.0,0.4,144.0,
2025-03-26 07:33:57,142.85,54.0,144.92,13.0,141.58,19.0,290.24,41.0,143.89,2.069999999999993,73.0,54.0,1.821419775882722,127,19.0,60.0,0.15,144.0,1.0
2025-03-26 07:33:58,143.0,63.0,145.0,7.0,142.0,15.0,226.86,35.0,144.0,2.0,78.0,42.0,0.9505524709222114,120,36.0,-7.0,0.3,144.0,
2025-03-26 07:33:59,143.0,65.0,187.79,28.0,142.0,8.0,246.14,35.0,165.39,44.78999999999999,73.0,63.0,9.571309732736578,136,10.0,16.0,0.07,143.0,3.0
2025-03-26 07:34:00,143.47,45.0,263.86,42.0,142.6,20.0,350.5,32.0,203.66,120.39,65.0,74.0,26.07370035111977,139,-9.0,3.0,-0.06,144.5,2.0
2025-03-26 07:34:01,144.0,55.0,285.0,33.0,142.0,11.0,286.0,44.0,214.5,141.0,66.0,77.0,33.16736000950317,143,-11.0,4.0,-0.08,144.5,
2025-03-26 07:34:02,144.53,62.0,278.12,48.0,143.81,54.0,292.67,36.0,211.33,133.59,116.0,84.0,31.37967383514361,200,32.0,57.0,0.16,145.0,5.0
2025-03-26 07:34:03,145.0,24.0,271.3,30.0,144.0,56.0,311.19,26.0,208.15,126.3,80.0,56.0,20.09012767505479,136,24.0,-64.0,0.18,145.0,
2025-03-26 07:34:04,145.7,30.0,270.0,24.0,144.42,36.0,333.77,26.0,207.85,124.3,66.0,50.0,4.067907324412122,116,16.0,-20.0,0.14,146.0,3.0
2025-03-26 07:34:05,146.0,40.0,269.58,36.0,145.0,36.0,461.0,12.0,207.79,123.57999999999998,76.0,48.0,2.954620110945924,124,28.0,8.0,0.23,146.0,
2025-03-26 07:34:06,145.88,34.0,206.89,38.0,144.66,41.0,322.58,43.0,176.39,61.00999999999999,75.0,81.0,14.56051235362284,156,-6.0,32.0,-0.04,145.83,6.0
2025-03-26 07:34:07,145.0,11.0,200.5,30.0,144.0,70.0,324.89,36.0,172.75,55.5,81.0,66.0,18.31779681075212,147,15.0,-9.0,0.1,145.0,1.0
2025-03-26 07:34:08,145.0,17.0,179.48,52.0,144.0,119.0,224.41,56.0,162.24,34.47999999999999,136.0,108.0,21.112216368728237,244,28.0,97.0,0.11,145.0,
2025-03-26 07:34:09,144.08,53.0,166.45,33.0,143.14,49.0,167.55,33.0,155.27,22.369999999999976,102.0,66.0,20.21265989423441,168,36.0,-76.0,0.21,145.0,1.0
2025-03-26 07:34:10,144.0,42.0,164.0,18.0,142.0,18.0,167.0,18.0,154.0,20.0,60.0,36.0,10.115589453906662,96,24.0,-72.0,0.25,145.0,
2025-03-26 07:34:11,144.0,73.0,162.62,48.0,142.0,48.0,166.87,38.0,153.31,18.620000000000005,121.0,86.0,8.208655797387637,207,35.0,111.0,0.17,144.0,3.0
2025-03-26 07:34:12,144.0,52.0,160.08,39.0,142.0,39.0,162.62,39.0,152.04,16.080000000000013,91.0,78.0,4.012987665067476,169,13.0,-38.0,0.08,144.0,
2025-03-26 07:34:13,144.0,40.0,156.8,30.0,142.0,30.0,158.5,30.0,150.4,12.800000000000011,70.0,60.0,1.866180591470876,130,10.0,-39.0,0.08,144.0,
2025-03-26 07:34:14,144.0,48.0,156.0,36.0,142.0,36.0,157.0,36.0,150.0,12.0,84.0,72.0,1.7510853776963868,156,12.0,26.0,0.08,144.0,
2025-03-26 07:34:15,144.0,24.0,154.17,18.0,142.0,18.0,156.0,18.0,149.08,10.169999999999987,42.0,36.0,1.6925070162281843,78,6.0,-78.0,0.08,144.0,
2025-03-26 07:34:16,144.0,32.0,152.25,24.0,142.0,24.0,154.25,24.0,148.12,8.25,56.0,48.0,1.4727932645083444,104,8.0,26.0,0.08,144.0,
2025-03-26 07:34:17,144.0,54.0,149.89,54.0,142.0,48.0,151.81,48.0,146.94,5.889999999999986,102.0,102.0,1.409084809364115,204,0.0,100.0,0.0,144.0,2.0
2025-03-26 07:34:18,143.65,17.0,146.25,24.0,141.81,26.0,148.0,24.0,144.95,2.5999999999999943,43.0,48.0,1.964769706601823,91,-5.0,-113.0,-0.05,144.0,2.0
2025-03-26 07:34:19,142.0,24.0,143.75,16.0,141.0,40.0,144.5,24.0,142.88,1.75,64.0,40.0,2.4962531922822917,104,24.0,13.0,0.23,143.0,1.0
2025-03-26 07:34:20,142.92,77.0,219.36,25.0,141.77,43.0,431.57,21.0,181.14,76.44000000000003,120.0,46.0,15.964228136680545,166,74.0,62.0,0.45,143.17,6.0
2025-03-26 07:34:22,146.0,40.0,338.12,41.0,144.0,90.0,393.81,37.0,242.06,192.12,130.0,78.0,75.50392916928236,208,52.0,4.0,0.25,143.17,
2025-03-26 07:34:23,146.0,44.0,304.09,44.0,144.0,99.0,315.39,49.0,225.05,158.08999999999995,143.0,93.0,67.26436441385599,236,50.0,28.0,0.21,143.17,
2025-03-26 07:34:24,146.0,56.0,244.1,62.0,144.21,126.0,245.09,47.0,195.05,98.1,182.0,109.0,54.72683829712823,291,73.0,55.0,0.25,143.17,
2025-03-26 07:34:25,145.47,34.0,200.33,18.0,144.35,46.0,243.55,22.0,172.9,54.860000000000014,80.0,40.0,56.75836035334371,120,40.0,-171.0,0.33,146.0,4.0
2025-03-26 07:34:26,145.0,67.0,304.0,15.0,142.0,70.0,394.91,22.0,224.5,159.0,137.0,37.0,27.596330734356904,174,100.0,54.0,0.57,145.0,4.0
2025-03-26 07:34:27,142.17,89.0,382.11,56.0,141.1,67.0,405.0,24.0,262.14,239.94000000000003,156.0,80.0,33.83614443165788,236,76.0,62.0,0.32,145.0,
2025-03-26 07:34:28,144.91,77.0,380.73,62.0,142.01,79.0,404.71,21.0,262.82,235.82,156.0,83.0,40.030840860516726,239,73.0,3.0,0.31,145.0,
2025-03-26 07:34:29,145.22,36.0,355.04,28.0,142.74,65.0,377.7,37.0,250.13,209.82,101.0,65.0,37.76522500925979,166,36.0,-73.0,0.22,145.0,
2025-03-26 07:34:30,146.0,20.0,372.0,50.0,145.0,40.0,469.5,20.0,259.0,226.0,60.0,70.0,16.033100760614857,130,-10.0,-36.0,-0.08,145.0,
2025-03-26 07:34:31,146.0,20.0,371.1,50.0,145.0,40.0,480.0,20.0,258.55,225.1,60.0,70.0,5.055133034850022,130,-10.0,0.0,-0.08,145.0,
2025-03-26 07:34:32,146.0,13.0,206.67,24.0,145.0,48.0,322.43,42.0,176.33,60.66999999999999,61.0,66.0,36.65041241241392,127,-5.0,-3.0,-0.04,146.0,1.0
2025-03-26 07:34:33,146.0,13.0,192.5,24.0,145.0,94.0,312.56,25.0,169.25,46.5,107.0,49.0,45.72303926906014,156,58.0,29.0,0.37,146.0,
2025-03-26 07:34:34,144.07,54.0,191.85,53.0,142.38,64.0,195.49,68.0,167.96,47.78,118.0,121.0,48.08372354549934,239,-3.0,83.0,-0.01,144.86,7.0
2025-03-26 07:34:35,143.68,19.0,187.54,41.0,141.84,38.0,189.0,47.0,165.61,43.85999999999999,57.0,88.0,39.89645848944489,145,-31.0,-94.0,-0.21,142.8,5.0
2025-03-26 07:34:36,142.0,13.0,185.52,58.0,141.0,26.0,186.34,53.0,163.76,43.52000000000001,39.0,111.0,4.820505160249298,150,-72.0,5.0,-0.48,142.8,
2025-03-26 07:34:37,144.0,15.0,183.67,45.0,142.71,48.0,185.25,59.0,163.83,39.66999999999999,63.0,104.0,2.462167744080193,167,-41.0,17.0,-0.25,142.0,1.0
2025-03-26 07:34:38,146.0,8.0,181.0,28.0,144.0,56.0,182.64,33.0,163.5,35.0,64.0,61.0,1.888589420702252,125,3.0,-42.0,0.02,142.0,
2025-03-26 07:34:39,145.27,30.0,156.84,50.0,143.94,94.0,163.87,52.0,151.05,11.569999999999991,124.0,102.0,5.92913568743262,226,22.0,101.0,0.1,144.5,4.0
2025-03-26 07:34:40,145.99,67.0,149.47,38.0,144.0,44.0,150.62,39.0,147.73,3.4799999999999898,111.0,77.0,7.924464019729391,188,34.0,-38.0,0.18,145.0,1.0
2025-03-26 07:34:41,145.61,109.0,166.17,71.0,143.02,49.0,180.41,66.0,155.89,20.55999999999997,158.0,137.0,7.239930938896111,295,21.0,107.0,0.07,146.67,9.0
2025-03-26 07:34:42,146.59,34.0,175.87,46.0,145.84,76.0,180.0,55.0,161.23,29.28,110.0,101.0,6.641505853342662,211,9.0,-84.0,0.04,146.67,
2025-03-26 07:34:43,147.15,26.0,167.96,50.0,146.0,91.0,174.77,65.0,157.56,20.81,117.0,115.0,5.341808682458062,232,2.0,21.0,0.01,146.67,
2025-03-26 07:34:44,148.69,32.0,162.64,50.0,146.0,112.0,167.03,62.0,155.66,13.949999999999989,144.0,112.0,4.938676948331884,256,32.0,24.0,0.12,146.67,
2025-03-26 07:34:45,149.0,34.0,157.54,68.0,146.0,119.0,159.56,72.0,153.27,8.539999999999992,153.0,140.0,2.947909428728284,293,13.0,37.0,0.04,146.67,
2025-03-26 07:34:46,149.0,18.0,151.19,37.0,146.0,63.0,152.8,20.0,150.09,2.1899999999999977,81.0,57.0,4.222673323853581,138,24.0,-155.0,0.17,150.0,5.0
2025-03-26 07:34:47,147.57,28.0,150.41,49.0,146.05,88.0,153.82,44.0,148.99,2.8400000000000034,116.0,93.0,3.620266564768917,209,23.0,71.0,0.11,149.0,2.0
2025-03-26 07:34:48,146.12,32.0,149.67,30.0,144.68,41.0,179.54,35.0,147.9,3.549999999999983,73.0,65.0,3.2086243158062406,138,8.0,-71.0,0.06,146.29,7.0
2025-03-26 07:34:49,146.0,32.0,149.83,58.0,144.0,48.0,292.11,56.0,147.91,3.830000000000013,80.0,114.0,2.226099728220316,194,-34.0,56.0,-0.18,146.29,
2025-03-26 07:34:50,145.63,27.0,147.35,46.0,143.61,51.0,150.96,23.0,146.49,1.7199999999999989,78.0,69.0,1.3477314272443406,147,9.0,-47.0,0.06,146.0,2.0
2025-03-26 07:34:51,144.0,25.0,148.11,18.0,142.0,90.0,233.6,15.0,146.06,4.110000000000014,115.0,33.0,1.1871604777711309,148,82.0,1.0,0.55,144.0,4.0
2025-03-26 07:34:52,143.4,53.0,148.0,18.0,141.95,79.0,380.0,9.0,145.7,4.599999999999994,132.0,27.0,1.036228739218097,159,105.0,11.0,0.66,144.0,1.0
2025-03-26 07:34:53,144.0,48.0,148.0,16.0,142.0,54.0,280.08,12.0,146.0,4.0,102.0,28.0,0.8730234819186538,130,74.0,-29.0,0.57,144.0,
2025-03-26 07:34:54,144.0,41.0,145.75,16.0,142.0,56.0,239.07,28.0,144.88,1.75,97.0,44.0,0.5993162770867645,141,53.0,11.0,0.38,144.0,3.0
2025-03-26 07:34:55,143.39,18.0,149.55,22.0,141.91,47.0,222.56,32.0,146.47,6.160000000000025,65.0,54.0,0.5938181539673051,119,11.0,-22.0,0.09,144.0,3.0
2025-03-26 07:34:56,143.94,18.0,154.7,50.0,142.61,90.0,290.93,68.0,149.32,10.759999999999993,108.0,118.0,1.6929500878588868,226,-10.0,107.0,-0.04,144.0,
2025-03-26 07:34:57,143.29,41.0,151.92,13.0,142.44,61.0,445.62,42.0,147.61,8.629999999999995,102.0,55.0,1.6901272141414616,157,47.0,-69.0,0.3,147.0,2.0
2025-03-26 07:34:58,142.93,57.0,151.0,8.0,141.69,51.0,319.91,22.0,146.96,8.069999999999993,108.0,30.0,1.621718224594416,138,78.0,-19.0,0.57,147.0,
2025-03-26 07:34:59,146.0,32.0,150.12,8.0,142.0,80.0,363.75,40.0,148.06,4.1200000000000045,112.0,48.0,1.0978752205883768,160,64.0,22.0,0.4,147.0,
2025-03-26 07:35:00,146.12,40.0,150.0,13.0,142.6,106.0,273.0,35.0,148.06,3.879999999999996,146.0,48.0,0.863608707680819,194,98.0,34.0,0.51,146.67,3.0
2025-03-26 07:35:01,146.0,33.0,150.0,12.0,142.0,60.0,282.08,24.0,148.0,4.0,93.0,36.0,0.4737298808202979,129,57.0,-65.0,0.44,146.67,
2025-03-26 07:35:02,146.0,39.0,148.46,13.0,142.0,65.0,216.16,38.0,147.23,2.460000000000008,104.0,51.0,0.526896574274288,155,53.0,26.0,0.34,146.67,
2025-03-26 07:35:03,142.4,30.0,229.54,39.0,141.0,50.0,404.67,45.0,185.97,87.13999999999999,80.0,84.0,17.056996511695306,164,-4.0,9.0,-0.02,142.67,12.0
2025-03-26 07:35:07,144.0,16.0,280.36,11.0,140.0,28.0,619.64,11.0,212.18,136.36,44.0,22.0,80.54001508567065,66,22.0,-49.0,0.33,142.67,
2025-03-26 07:35:08,145.22,36.0,256.78,27.0,142.62,78.0,426.32,50.0,201.0,111.55999999999996,114.0,77.0,76.01018727775939,191,37.0,125.0,0.19,142.67,
2025-03-26 07:35:09,147.0,12.0,224.74,23.0,146.0,12.0,251.53,17.0,185.87,77.74000000000001,24.0,40.0,82.91404253804077,64,-16.0,-127.0,-0.25,147.0,3.0
2025-03-26 07:35:10,147.0,11.0,227.64,44.0,146.0,22.0,338.21,28.0,187.32,80.63999999999999,33.0,72.0,71.32330846224124,105,-39.0,41.0,-0.37,147.0,
2025-03-26 07:35:11,144.58,24.0,225.11,36.0,144.46,13.0,513.22,45.0,184.85,80.53,37.0,81.0,11.975563869813769,118,-44.0,13.0,-0.37,146.67,3.0
2025-03-26 07:35:12,145.47,76.0,213.89,47.0,143.89,93.0,290.49,41.0,179.68,68.41999999999999,169.0,88.0,7.950102515061314,257,81.0,139.0,0.32,146.67,
2025-03-26 07:35:13,146.0,44.0,183.48,31.0,144.0,112.0,218.26,23.0,164.74,37.47999999999999,156.0,54.0,9.264468144474291,210,102.0,-47.0,0.49,146.0,4.0
2025-03-26 07:35:14,146.0,24.0,155.5,24.0,144.0,64.0,165.17,24.0,150.75,9.5,88.0,48.0,15.429697663919852,136,40.0,-74.0,0.29,146.0,
2025-03-26 07:35:15,146.0,46.0,153.6,40.0,144.0,40.0,156.0,40.0,149.8,7.599999999999994,86.0,80.0,16.117137773189388,166,6.0,30.0,0.04,146.0,1.0
2025-03-26 07:35:16,146.0,120.0,152.21,57.0,144.0,60.0,154.5,56.0,149.11,6.210000000000008,180.0,113.0,13.331872711662191,293,67.0,127.0,0.23,146.0,
2025-03-26 07:35:17,146.0,96.0,149.17,48.0,144.67,72.0,150.26,46.0,147.58,3.1699999999999875,168.0,94.0,6.996687073176737,262,74.0,-31.0,0.28,146.0,
2025-03-26 07:35:18,145.85,74.0,147.67,48.0,144.97,125.0,148.94,47.0,146.76,1.8199999999999927,199.0,95.0,1.6239304172149676,294,104.0,32.0,0.35,146.0,8.0
2025-03-26 07:35:19,145.0,121.0,146.0,48.0,144.0,48.0,152.0,36.0,145.5,1.0,169.0,84.0,1.7409480175913508,253,85.0,-41.0,0.34,145.0,1.0
2025-03-26 07:35:20,146.04,46.0,151.14,28.0,144.44,36.0,259.5,42.0,148.59,5.099999999999994,82.0,70.0,1.443423014904178,152,12.0,-101.0,0.08,146.2,10.0
2025-03-26 07:35:21,146.92,37.0,163.95,37.0,144.58,48.0,189.8,45.0,155.43,17.03,85.0,82.0,3.89027891030399,167,3.0,15.0,0.02,148.0,3.0
2025-03-26 07:35:22,142.29,28.0,191.8,30.0,141.03,132.0,209.09,43.0,167.04,49.51000000000002,160.0,73.0,8.903618927153095,233,87.0,66.0,0.37,143.6,5.0
2025-03-26 07:35:23,142.52,91.0,184.43,23.0,140.81,107.0,260.65,46.0,163.48,41.91,198.0,69.0,9.26437639563296,267,129.0,34.0,0.48,141.5,6.0
2025-03-26 07:35:24,145.0,103.0,163.42,24.0,141.02,106.0,166.56,39.0,154.21,18.419999999999987,209.0,63.0,7.432304487839712,272,146.0,5.0,0.54,141.5,
2025-03-26 07:35:25,145.0,78.0,162.0,14.0,142.0,14.0,190.0,30.0,153.5,17.0,92.0,44.0,6.129679436965936,136,48.0,-136.0,0.35,145.0,3.0
2025-03-26 07:35:26,145.0,90.0,161.3,20.0,141.13,75.0,203.0,40.0,153.15,16.30000000000001,165.0,60.0,6.509756523861908,225,105.0,89.0,0.47,145.0,
2025-03-26 07:35:27,145.0,72.0,159.12,40.0,141.0,104.0,161.0,16.0,152.06,14.120000000000005,176.0,56.0,4.649155837349455,232,120.0,7.0,0.52,145.0,
2025-03-26 07:35:28,144.81,74.0,157.31,39.0,142.74,99.0,159.5,70.0,151.06,12.5,173.0,109.0,1.2425497977782638,282,64.0,50.0,0.23,144.9,10.0
2025-03-26 07:35:29,144.6,50.0,152.57,35.0,143.56,45.0,155.45,38.0,148.59,7.969999999999999,95.0,73.0,1.9716668075407584,168,22.0,-114.0,0.13,144.9,
2025-03-26 07:35:30,144.0,86.0,146.75,53.0,142.0,83.0,148.63,38.0,145.38,2.75,169.0,91.0,3.106874635378262,260,78.0,92.0,0.3,144.0,5.0
2025-03-26 07:35:31,142.33,30.0,144.72,32.0,141.17,90.0,185.36,28.0,143.53,2.3899999999999864,120.0,60.0,3.638808871039452,180,60.0,-80.0,0.33,144.0,2.0
2025-03-26 07:35:32,141.12,120.0,142.7,10.0,140.33,136.0,217.58,43.0,141.91,1.579999999999984,256.0,53.0,3.7242757685158,309,203.0,129.0,0.66,142.0,5.0
2025-03-26 07:35:33,145.81,146.0,367.78,45.0,140.88,208.0,482.28,36.0,256.79,221.97,354.0,81.0,50.12149638628092,435,273.0,126.0,0.63,141.0,1.0
2025-03-26 07:35:34,147.0,72.0,390.25,32.0,141.0,112.0,482.78,23.0,268.62,243.25,184.0,55.0,65.3783207951993,239,129.0,-172.0,0.54,141.0,
2025-03-26 07:35:35,147.0,99.0,300.0,44.0,141.0,74.0,482.51,35.0,223.5,153.0,173.0,79.0,60.8551209841867,252,94.0,13.0,0.37,141.0,
2025-03-26 07:35:36,147.0,69.0,288.45,29.0,145.63,121.0,343.38,26.0,217.72,141.45,190.0,55.0,49.543714737593206,245,135.0,-7.0,0.55,147.0,5.0
2025-03-26 07:35:37,147.86,49.0,357.55,29.0,146.39,46.0,629.75,32.0,252.7,209.69,95.0,61.0,22.11457166666418,156,34.0,-89.0,0.22,147.0,1.0
2025-03-26 07:35:39,147.95,19.0,325.42,19.0,146.1,89.0,532.71,28.0,236.68,177.47000000000003,108.0,47.0,46.90053325922887,155,61.0,8.0,0.39,148.5,4.0
2025-03-26 07:35:40,147.0,8.0,302.33,6.0,146.0,64.0,591.8,10.0,224.67,155.32999999999998,72.0,16.0,46.72073661662489,88,56.0,-67.0,0.64,148.5,
2025-03-26 07:35:41,147.0,26.0,185.83,30.0,146.0,208.0,247.48,25.0,166.42,38.83000000000001,234.0,55.0,60.11224193124082,289,179.0,172.0,0.62,148.5,
2025-03-26 07:35:42,146.43,46.0,184.4,15.0,145.75,170.0,368.0,27.0,165.42,37.97,216.0,42.0,68.56631498046265,258,174.0,-31.0,0.67,146.4,5.0
2025-03-26 07:35:43,146.0,78.0,183.5,8.0,142.0,42.0,184.8,10.0,164.75,37.5,120.0,18.0,35.938064360785965,138,102.0,-120.0,0.74,146.4,
2025-03-26 07:35:44,146.0,155.0,182.33,24.0,142.0,84.0,184.0,12.0,164.17,36.33000000000001,239.0,36.0,26.61341823216221,275,203.0,137.0,0.74,146.0,1.0
2025-03-26 07:35:45,146.0,72.0,180.5,8.0,142.0,42.0,181.6,10.0,163.25,34.5,114.0,18.0,1.205267605130143,132,96.0,-143.0,0.73,146.0,
2025-03-26 07:35:46,146.0,127.0,168.12,17.0,142.0,77.0,180.5,20.0,157.06,22.120000000000005,204.0,37.0,3.376736590256173,241,167.0,109.0,0.69,146.0,10.0
2025-03-26 07:35:47,146.0,66.0,177.47,17.0,142.0,77.0,178.33,18.0,161.74,31.47,143.0,35.0,3.0869450918301737,178,108.0,-63.0,0.61,146.0,
2025-03-26 07:35:48,146.0,42.0,175.0,12.0,142.0,49.0,175.8,10.0,160.5,29.0,91.0,22.0,2.77673009130773,113,69.0,-65.0,0.61,146.0,
2025-03-26 07:35:49,146.0,52.0,171.83,12.0,142.53,68.0,173.2,20.0,158.92,25.830000000000013,120.0,32.0,2.4092488455892584,152,88.0,39.0,0.58,146.0,2.0
2025-03-26 07:35:50,146.0,40.0,169.57,14.0,145.0,60.0,171.5,16.0,157.79,23.569999999999997,100.0,30.0,1.9227376316004352,130,70.0,-22.0,0.54,146.0,
2025-03-26 07:35:51,146.0,32.0,166.0,14.0,145.0,48.0,167.0,10.0,156.0,20.0,80.0,24.0,2.2487552112162628,104,56.0,-26.0,0.54,146.0,
2025-03-26 07:35:52,146.0,44.0,163.18,17.0,145.0,66.0,163.75,16.0,154.59,17.180000000000007,110.0,33.0,2.3345556322288257,143,77.0,39.0,0.54,145.8,5.0
2025-03-26 07:35:53,145.09,68.0,161.38,24.0,142.16,96.0,162.78,23.0,153.23,16.289999999999992,164.0,47.0,2.3095086057363825,211,117.0,68.0,0.55,145.8,
2025-03-26 07:35:54,147.0,42.0,159.08,25.0,145.75,59.0,160.22,23.0,153.04,12.080000000000013,101.0,48.0,1.9938781306714053,149,53.0,-62.0,0.36,145.8,
2025-03-26 07:35:55,147.0,45.0,154.77,26.0,146.0,60.0,156.26,19.0,150.88,7.77000000000001,105.0,45.0,1.9088923489733136,150,60.0,1.0,0.4,145.8,
2025-03-26 07:35:56,147.0,33.0,153.17,18.0,146.0,44.0,153.55,22.0,150.08,6.169999999999988,77.0,40.0,1.8426149896188564,117,37.0,-33.0,0.32,145.8,
2025-03-26 07:35:57,147.0,48.0,149.19,16.0,146.0,64.0,153.0,48.0,148.09,2.1899999999999977,112.0,64.0,2.147261046069456,176,48.0,59.0,0.27,145.8,
2025-03-26 07:35:58,145.73,45.0,149.59,17.0,144.71,90.0,229.48,33.0,147.66,3.8600000000000136,135.0,50.0,2.1870985345810654,185,85.0,9.0,0.46,146.43,7.0
2025-03-26 07:35:59,145.05,65.0,152.2,20.0,143.27,85.0,337.0,36.0,148.62,7.149999999999977,150.0,56.0,1.3644705932947483,206,94.0,21.0,0.46,145.2,5.0
2025-03-26 07:36:00,145.0,112.0,149.41,22.0,142.0,98.0,150.86,36.0,147.2,4.409999999999997,210.0,58.0,1.1101801655432564,268,152.0,62.0,0.57,145.2,
2025-03-26 07:36:01,145.14,42.0,147.0,27.0,142.9,60.0,148.0,27.0,146.07,1.8600000000000136,102.0,54.0,0.9694173507654366,156,48.0,-112.0,0.31,145.0,2.0
2025-03-26 07:36:02,145.22,45.0,146.8,30.0,144.78,32.0,147.93,28.0,146.01,1.5800000000000125,77.0,58.0,1.104794098447663,135,19.0,-21.0,0.14,145.4,5.0
2025-03-26 07:36:03,144.22,23.0,146.23,13.0,142.12,67.0,423.38,39.0,145.22,2.009999999999991,90.0,52.0,1.3201249940685265,142,38.0,7.0,0.27,145.0,2.0
2025-03-26 07:36:04,142.83,60.0,362.6,20.0,141.66,74.0,576.12,48.0,252.72,219.77,134.0,68.0,47.67595337274316,202,66.0,60.0,0.33,144.0,1.0
2025-03-26 07:36:05,142.7,23.0,298.78,9.0,141.92,61.0,519.0,45.0,220.74,156.07999999999998,84.0,54.0,51.090615283043824,138,30.0,-64.0,0.22,144.0,
2025-03-26 07:36:06,143.0,18.0,310.82,11.0,142.0,63.0,440.17,35.0,226.91,167.82,81.0,46.0,49.58666806713276,127,35.0,-11.0,0.28,144.0,
2025-03-26 07:36:07,146.0,100.0,175.62,32.0,143.8,20.0,277.46,24.0,160.81,29.620000000000005,120.0,56.0,45.99512637225824,176,64.0,49.0,0.36,144.0,
2025-03-26 07:36:08,146.0,92.0,263.08,24.0,144.0,20.0,308.34,32.0,204.54,117.07999999999998,112.0,56.0,34.00859494304366,168,56.0,-8.0,0.33,146.0,4.0
2025-03-26 07:36:11,142.0,10.0,293.0,30.0,141.0,40.0,674.44,34.0,217.5,151.0,50.0,64.0,77.06898617472558,114,-14.0,32.0,-0.12,146.0,
2025-03-26 07:36:13,140.0,54.0,340.48,27.0,106.37,38.0,400.79,28.0,240.24,200.48,92.0,55.0,57.639503554420685,147,37.0,-56.0,0.25,146.0,
2025-03-26 07:36:14,141.29,34.0,297.85,40.0,128.49,55.0,300.88,48.0,219.57,156.56000000000003,89.0,88.0,52.26428541556901,177,1.0,30.0,0.01,146.0,
2025-03-26 07:36:15,145.0,11.0,213.78,23.0,144.0,11.0,261.0,34.0,179.39,68.78,22.0,57.0,57.438111476614935,79,-35.0,-98.0,-0.44,146.0,
2025-03-26 07:36:16,140.56,27.0,212.0,14.0,48.35,23.0,239.0,7.0,176.28,71.44,50.0,21.0,63.71502515105867,71,29.0,-8.0,0.41,144.0,3.0
2025-03-26 07:36:17,140.74,47.0,212.0,14.0,135.25,40.0,328.14,7.0,176.37,71.25999999999999,87.0,21.0,29.72686243114157,108,66.0,37.0,0.61,144.0,
2025-03-26 07:36:18,141.53,34.0,200.0,25.0,140.05,57.0,290.47,19.0,170.76,58.47,91.0,44.0,19.86495985397418,135,47.0,27.0,0.35,143.57,7.0
2025-03-26 07:36:19,142.15,39.0,202.32,31.0,140.73,45.0,253.0,22.0,172.24,60.16999999999999,84.0,53.0,3.477868600162927,137,31.0,2.0,0.23,143.57,
2025-03-26 07:36:20,143.68,37.0,193.38,29.0,140.71,42.0,242.04,23.0,168.53,49.69999999999999,79.0,52.0,3.4480762752581,131,27.0,-6.0,0.21,145.0,3.0
2025-03-26 07:36:21,141.09,35.0,209.63,38.0,140.23,52.0,216.5,16.0,175.36,68.53999999999999,87.0,54.0,3.2363976887888275,141,33.0,10.0,0.23,145.0,
2025-03-26 07:36:22,146.0,16.0,207.19,21.0,142.67,9.0,208.61,33.0,176.6,61.19,25.0,54.0,3.303395223099664,79,-29.0,-62.0,-0.37,145.0,
2025-03-26 07:36:23,142.5,40.0,204.32,31.0,140.39,62.0,205.21,57.0,173.41,61.81999999999999,102.0,88.0,3.1223500764645262,190,14.0,111.0,0.07,144.5,4.0
2025-03-26 07:36:24,141.86,42.0,200.21,52.0,140.25,96.0,201.47,47.0,171.03,58.35,138.0,99.0,3.26184457017772,237,39.0,47.0,0.16,144.5,
2025-03-26 07:36:25,145.15,13.0,194.51,39.0,140.82,44.0,195.69,36.0,169.83,49.35999999999999,57.0,75.0,2.8427504287218115,132,-18.0,-105.0,-0.14,144.5,
2025-03-26 07:36:26,147.0,12.0,186.0,35.0,141.0,48.0,190.41,44.0,166.5,39.0,60.0,79.0,3.796857911483776,139,-19.0,7.0,-0.14,144.5,
2025-03-26 07:36:27,141.12,34.0,171.57,44.0,140.0,105.0,172.84,49.0,156.34,30.44999999999999,139.0,93.0,6.677070465405812,232,46.0,93.0,0.2,142.2,5.0
2025-03-26 07:36:28,140.23,52.0,166.87,23.0,138.74,38.0,168.6,47.0,153.55,26.64000000000001,90.0,70.0,8.000396865155652,160,20.0,-72.0,0.12,142.2,
2025-03-26 07:36:29,144.0,13.0,163.0,35.0,140.07,90.0,164.26,47.0,153.5,19.0,103.0,82.0,7.68295711298654,185,21.0,25.0,0.11,142.2,
2025-03-26 07:36:30,144.86,14.0,159.24,67.0,140.02,105.0,161.35,31.0,152.05,14.379999999999995,119.0,98.0,5.862334859080343,217,21.0,32.0,0.1,142.2,
2025-03-26 07:36:31,145.0,13.0,153.88,32.0,140.04,83.0,155.08,59.0,149.44,8.879999999999995,96.0,91.0,2.5140266506119,187,5.0,-30.0,0.03,142.2,
2025-03-26 07:36:32,141.17,47.0,151.4,43.0,140.29,17.0,152.39,67.0,146.28,10.230000000000018,64.0,110.0,3.104855874269512,174,-46.0,-13.0,-0.26,141.5,4.0
2025-03-26 07:36:33,140.0,57.0,145.68,41.0,122.38,13.0,147.15,26.0,142.84,5.680000000000007,70.0,67.0,4.328154341054023,137,3.0,-37.0,0.02,141.5,
2025-03-26 07:36:34,140.0,48.0,143.87,47.0,96.6,15.0,144.58,48.0,141.94,3.870000000000005,63.0,95.0,4.291945945603652,158,-32.0,21.0,-0.2,140.0,4.0
2025-03-26 07:36:43,130.26,19.0,139.84,55.0,127.46,71.0,372.06,31.0,135.05,9.580000000000013,90.0,86.0,4.002574171701864,176,4.0,40.0,0.02,137.0,4.0
2025-03-26 07:36:44,133.09,44.0,191.89,19.0,120.07,28.0,406.76,38.0,162.49,58.79999999999998,72.0,57.0,14.756004540524474,129,15.0,-47.0,0.12,136.75,4.0
2025-03-26 07:36:47,122.42,45.0,220.71,56.0,120.8,30.0,287.0,51.0,171.57,98.29,75.0,107.0,25.591329000268587,182,-32.0,71.0,-0.18,135.0,2.0
2025-03-26 07:36:48,124.15,33.0,317.36,22.0,114.21,19.0,326.73,22.0,220.76,193.21,52.0,44.0,35.67871816643636,96,8.0,-86.0,0.08,135.0,
2025-03-26 07:36:49,126.15,27.0,214.29,41.0,125.67,18.0,303.26,27.0,170.22,88.13999999999999,45.0,68.0,35.326429907365345,113,-23.0,17.0,-0.2,135.0,
2025-03-26 07:36:50,130.5,18.0,138.0,65.0,127.3,43.0,208.0,13.0,134.25,7.5,61.0,78.0,38.60523630286431,139,-17.0,26.0,-0.12,135.0,
2025-03-26 07:36:51,134.67,27.0,137.28,53.0,133.25,16.0,142.88,43.0,135.97,2.6100000000000136,43.0,96.0,35.198791598576136,139,-53.0,0.0,-0.38,137.0,1.0
2025-03-26 07:36:52,135.07,28.0,137.0,18.0,134.36,11.0,138.0,40.0,136.04,1.9300000000000068,39.0,58.0,37.44758830685883,97,-19.0,-42.0,-0.2,136.33,3.0
2025-03-26 07:36:59,111.37,19.0,137.19,16.0,48.91,11.0,207.27,15.0,124.28,25.819999999999997,30.0,31.0,12.087283813991034,61,-1.0,3.0,-0.02,136.0,3.0
2025-03-26 07:37:02,144.5,24.0,230.0,14.0,94.45,22.0,231.47,17.0,187.25,85.5,46.0,31.0,34.59613085303009,77,15.0,-28.0,0.19,136.0,
2025-03-26 07:37:03,144.0,54.0,210.96,50.0,85.67,27.0,223.64,69.0,177.48,66.96000000000001,81.0,119.0,37.16862763137733,200,-38.0,123.0,-0.19,136.0,
2025-03-26 07:37:04,144.0,33.0,166.0,39.0,114.05,19.0,167.26,38.0,155.0,22.0,52.0,77.0,34.94537451509126,129,-25.0,-71.0,-0.19,136.0,
2025-03-26 07:37:05,140.57,42.0,162.43,46.0,99.74,23.0,163.35,57.0,151.5,21.860000000000014,65.0,103.0,17.296510630760036,168,-38.0,39.0,-0.23,144.5,4.0
2025-03-26 07:37:06,147.0,56.0,158.03,36.0,123.38,21.0,159.36,11.0,152.51,11.03,77.0,47.0,16.498071705505325,124,30.0,-44.0,0.24,144.5,
2025-03-26 07:37:07,147.0,56.0,157.02,44.0,144.6,30.0,157.4,20.0,152.01,10.02000000000001,86.0,64.0,11.138790329294835,150,22.0,26.0,0.15,147.0,2.0
2025-03-26 07:37:08,147.0,45.0,153.87,39.0,146.0,27.0,154.85,40.0,150.44,6.8700000000000045,72.0,79.0,1.6968706491626924,151,-7.0,1.0,-0.05,147.0,
2025-03-26 07:37:09,147.0,65.0,151.21,29.0,146.0,40.0,153.06,64.0,149.1,4.210000000000008,105.0,93.0,1.3611649422422094,198,12.0,47.0,0.06,147.0,
2025-03-26 07:37:10,147.0,49.0,151.81,47.0,146.0,51.0,153.33,60.0,149.4,4.810000000000002,100.0,107.0,1.525572023861551,207,-7.0,9.0,-0.03,147.0,2.0
2025-03-26 07:37:11,146.75,36.0,150.36,58.0,145.56,48.0,152.2,50.0,148.56,3.6100000000000136,84.0,108.0,1.3628352798444343,192,-24.0,-15.0,-0.12,147.0,3.0
2025-03-26 07:37:12,145.0,20.0,149.0,35.0,144.0,21.0,152.0,28.0,147.0,4.0,41.0,63.0,1.2636455199098384,104,-22.0,-88.0,-0.21,145.38,8.0
2025-03-26 07:37:13,144.7,20.0,148.56,45.0,143.62,24.0,150.33,45.0,146.63,3.8600000000000136,44.0,90.0,1.2515270672214178,134,-46.0,30.0,-0.34,144.67,3.0
2025-03-26 07:37:14,144.0,30.0,146.34,70.0,141.0,15.0,147.54,65.0,145.17,2.3400000000000034,45.0,135.0,1.6628198940316643,180,-90.0,46.0,-0.5,144.67,
2025-03-26 07:37:15,143.45,22.0,145.36,56.0,140.31,29.0,191.38,61.0,144.41,1.910000000000025,51.0,117.0,1.6233391512518158,168,-66.0,-12.0,-0.39,144.0,2.0
2025-03-26 07:37:16,141.0,11.0,145.41,49.0,140.0,55.0,213.14,42.0,143.2,4.409999999999997,66.0,91.0,1.5713274642754749,157,-25.0,-11.0,-0.16,144.0,
2025-03-26 07:37:17,140.76,21.0,142.23,43.0,135.98,53.0,236.25,48.0,141.5,1.4699999999999989,74.0,91.0,1.9479656054422032,165,-17.0,8.0,-0.1,141.0,3.0
2025-03-26 07:37:18,140.93,70.0,142.0,25.0,136.62,63.0,386.92,52.0,141.46,1.0699999999999932,133.0,77.0,1.6769824089671508,210,56.0,45.0,0.27,142.0,4.0
2025-03-26 07:37:19,141.0,16.0,402.0,22.0,140.0,35.0,506.0,28.0,271.5,261.0,51.0,50.0,57.64013948629893,101,1.0,-109.0,0.01,141.0,1.0
2025-03-26 07:37:20,144.79,76.0,200.33,60.0,140.03,118.0,350.0,48.0,172.56,55.54000000000002,194.0,108.0,56.06258895199186,302,86.0,172.0,0.28,145.0,4.0
2025-03-26 07:37:21,145.08,48.0,257.0,60.0,142.2,59.0,300.0,48.0,201.04,111.92,107.0,108.0,54.037935933934456,215,-1.0,-87.0,-0.0,145.0,
2025-03-26 07:37:22,146.0,40.0,257.0,50.0,143.64,44.0,439.1,40.0,201.5,111.0,84.0,90.0,48.13251001142585,174,-6.0,-41.0,-0.03,145.0,
2025-03-26 07:37:23,145.08,26.0,220.94,32.0,141.19,37.0,326.84,58.0,183.01,75.85999999999999,63.0,90.0,38.67119367177608,153,-27.0,-21.0,-0.18,144.57,7.0
2025-03-26 07:37:24,142.31,26.0,151.62,16.0,140.11,110.0,254.74,35.0,146.97,9.310000000000002,136.0,51.0,22.66696340492045,187,85.0,34.0,0.45,144.57,
2025-03-26 07:37:25,146.0,11.0,158.0,11.0,142.0,33.0,359.22,46.0,152.0,12.0,44.0,57.0,26.177502363671007,101,-13.0,-86.0,-0.13,144.57,
2025-03-26 07:37:26,146.0,9.0,156.33,9.0,142.0,27.0,448.21,39.0,151.17,10.330000000000013,36.0,48.0,24.100494808198373,84,-12.0,-17.0,-0.14,144.57,
2025-03-26 07:37:27,146.0,16.0,152.96,25.0,142.83,54.0,194.4,25.0,149.48,6.960000000000008,70.0,50.0,14.92930775354276,120,20.0,36.0,0.17,144.57,
2025-03-26 07:37:28,146.0,8.0,149.62,16.0,145.0,40.0,151.0,8.0,147.81,3.620000000000005,48.0,24.0,2.138651444249116,72,24.0,-48.0,0.33,144.57,
2025-03-26 07:37:29,145.75,20.0,147.54,41.0,144.99,76.0,150.75,24.0,146.64,1.789999999999992,96.0,65.0,2.2384704599321426,161,31.0,89.0,0.19,145.33,3.0
2025-03-26 07:37:30,145.0,18.0,151.0,6.0,144.0,6.0,157.0,24.0,148.0,6.0,24.0,30.0,1.7466396308307162,54,-6.0,-107.0,-0.11,145.33,
2025-03-26 07:37:31,145.0,21.0,150.43,7.0,144.0,7.0,174.64,25.0,147.71,5.430000000000007,28.0,32.0,1.0166464478805732,60,-4.0,6.0,-0.07,145.33,
2025-03-26 07:37:32,141.77,39.0,148.45,11.0,139.63,92.0,150.0,11.0,145.11,6.679999999999978,131.0,22.0,1.2090616195991888,153,109.0,93.0,0.71,143.12,8.0
2025-03-26 07:37:33,140.88,57.0,146.0,9.0,134.82,22.0,147.67,9.0,143.44,5.1200000000000045,79.0,18.0,1.905085299924244,97,61.0,-56.0,0.63,143.12,
2025-03-26 07:37:34,142.0,54.0,144.42,12.0,140.0,24.0,226.31,35.0,143.21,2.4199999999999875,78.0,47.0,2.278909827085564,125,31.0,28.0,0.25,142.25,4.0
2025-03-26 07:37:35,143.8,25.0,145.0,13.0,142.52,29.0,174.85,65.0,144.4,1.1999999999999886,54.0,78.0,1.8095938770859168,132,-24.0,7.0,-0.18,143.67,3.0
2025-03-26 07:37:36,143.0,8.0,145.0,8.0,141.0,40.0,193.56,39.0,144.0,2.0,48.0,47.0,0.7623450662177319,95,1.0,-37.0,0.01,143.67,
2025-03-26 07:37:37,141.13,30.0,144.89,9.0,140.26,38.0,170.18,39.0,143.01,3.759999999999991,68.0,48.0,0.5755605962766541,116,20.0,21.0,0.17,142.0,2.0
2025-03-26 07:37:38,141.0,20.0,163.55,11.0,140.0,20.0,174.64,22.0,152.27,22.55000000000001,40.0,33.0,3.8943125195581287,73,7.0,-43.0,0.1,143.0,1.0
2025-03-26 07:37:39,141.0,24.0,169.93,28.0,140.0,24.0,174.08,26.0,155.46,28.930000000000007,48.0,54.0,5.647935020871647,102,-6.0,29.0,-0.06,143.0,
2025-03-26 07:37:40,141.44,27.0,169.0,45.0,140.44,36.0,171.0,36.0,155.22,27.56,63.0,81.0,6.063676277637974,144,-18.0,42.0,-0.12,141.75,4.0
2025-03-26 07:37:41,141.4,25.0,168.0,24.0,135.27,52.0,205.31,52.0,154.7,26.599999999999994,77.0,76.0,5.254423850432191,153,1.0,9.0,0.01,140.0,3.0
2025-03-26 07:37:42,145.84,38.0,167.0,26.0,141.84,25.0,217.24,34.0,156.42,21.16,63.0,60.0,1.5529262699793702,123,3.0,-30.0,0.02,140.0,
2025-03-26 07:37:43,146.57,35.0,164.71,56.0,145.89,53.0,165.9,40.0,155.64,18.14000000000001,88.0,96.0,0.6295395142422818,184,-8.0,61.0,-0.04,140.0,
2025-03-26 07:37:44,147.0,24.0,162.76,25.0,146.0,60.0,163.43,46.0,154.88,15.759999999999993,84.0,71.0,0.6868187533784632,155,13.0,-29.0,0.08,140.0,
2025-03-26 07:37:45,147.0,26.0,159.72,25.0,146.0,65.0,160.91,46.0,153.36,12.72,91.0,71.0,1.1423659658761482,162,20.0,7.0,0.12,140.0,
2025-03-26 07:37:46,147.0,20.0,156.5,32.0,146.0,50.0,159.25,32.0,151.75,9.5,70.0,64.0,1.8676188047864195,134,6.0,-28.0,0.04,140.0,
2025-03-26 07:37:47,146.75,59.0,150.35,34.0,145.9,58.0,155.0,56.0,148.55,3.5999999999999943,117.0,90.0,2.822415632041288,207,27.0,73.0,0.13,147.0,1.0
2025-03-26 07:37:48,147.0,112.0,150.89,18.0,146.0,65.0,154.13,31.0,148.94,3.8899999999999855,177.0,49.0,2.747840970651382,226,128.0,19.0,0.57,147.0,3.0
2025-03-26 07:37:49,147.0,60.0,157.2,40.0,146.0,50.0,302.0,40.0,152.1,10.199999999999989,110.0,80.0,2.095841119930142,190,30.0,-36.0,0.16,147.0,
2025-03-26 07:37:50,147.0,62.0,155.21,33.0,145.29,68.0,240.75,48.0,151.11,8.210000000000008,130.0,81.0,1.637849199404437,211,49.0,21.0,0.23,147.0,1.0
2025-03-26 07:37:51,147.0,60.0,151.96,45.0,145.62,64.0,154.27,15.0,149.48,4.960000000000008,124.0,60.0,1.5109698871881865,184,64.0,-27.0,0.35,147.0,
2025-03-26 07:37:52,147.0,35.0,151.0,28.0,146.0,35.0,154.0,7.0,149.0,4.0,70.0,35.0,1.4103829267222243,105,35.0,-79.0,0.33,147.0,
2025-03-26 07:37:53,147.0,40.0,150.4,20.0,146.0,40.0,150.8,20.0,148.7,3.4000000000000057,80.0,40.0,1.46390573466652,120,40.0,15.0,0.33,147.0,
2025-03-26 07:37:54,147.0,36.0,148.0,8.0,146.0,40.0,154.4,30.0,147.5,1.0,76.0,38.0,1.3131717328624368,114,38.0,-6.0,0.33,147.0,4.0
2025-03-26 07:37:55,146.67,6.0,148.0,5.0,145.77,26.0,216.0,10.0,147.33,1.3300000000000125,32.0,15.0,0.9448915281599328,47,17.0,-67.0,0.36,146.25,4.0
2025-03-26 07:37:56,146.64,50.0,198.93,14.0,145.07,58.0,300.56,36.0,172.78,52.29000000000002,108.0,50.0,11.046697243972591,158,58.0,111.0,0.37,147.0,1.0
2025-03-26 07:37:57,147.42,156.0,268.34,41.0,146.0,26.0,313.26,43.0,207.88,120.92,182.0,84.0,26.378307754668416,266,98.0,108.0,0.37,147.62,8.0
2025-03-26 07:37:58,148.0,72.0,253.52,33.0,146.0,18.0,296.12,25.0,200.76,105.52,90.0,58.0,28.597057540943045,148,32.0,-118.0,0.22,147.62,
2025-03-26 07:37:59,148.56,72.0,249.14,42.0,146.0,18.0,329.64,22.0,198.85,100.57999999999998,90.0,64.0,25.15303063251056,154,26.0,6.0,0.17,147.62,
2025-03-26 07:38:00,149.0,76.0,258.83,29.0,146.0,68.0,381.28,50.0,203.91,109.82999999999998,144.0,79.0,13.875847001175192,223,65.0,69.0,0.29,149.0,4.0
2025-03-26 07:38:01,146.0,88.0,196.86,14.0,145.0,66.0,395.97,36.0,171.43,50.860000000000014,154.0,50.0,14.461722926402034,204,104.0,-19.0,0.51,148.4,5.0
2025-03-26 07:38:02,146.0,37.0,163.33,6.0,145.0,30.0,354.0,9.0,154.67,17.330000000000013,67.0,15.0,21.78057115871884,82,52.0,-122.0,0.63,146.0,3.0
2025-03-26 07:38:03,146.0,32.0,170.0,7.0,145.0,42.0,377.0,14.0,158.0,24.0,74.0,21.0,22.86663770649304,95,53.0,13.0,0.56,146.0,3.0
2025-03-26 07:38:04,146.0,14.0,322.09,22.0,145.0,42.0,347.0,9.0,234.05,176.08999999999995,56.0,31.0,33.892534871266484,87,25.0,-8.0,0.29,146.0,
2025-03-26 07:38:05,145.05,37.0,263.74,43.0,144.06,96.0,317.25,16.0,204.4,118.69,133.0,59.0,33.96364158920557,192,74.0,105.0,0.39,145.4,5.0
2025-03-26 07:38:06,146.0,11.0,184.45,49.0,145.0,33.0,322.04,25.0,165.22,38.44999999999999,44.0,74.0,34.66778288267096,118,-30.0,-74.0,-0.25,145.4,
2025-03-26 07:38:07,146.0,13.0,322.0,52.0,145.0,39.0,486.17,24.0,234.0,176.0,52.0,76.0,36.41655228052244,128,-24.0,10.0,-0.19,145.4,
2025-03-26 07:38:08,145.12,16.0,294.49,41.0,144.04,146.0,322.96,70.0,219.81,149.37,162.0,111.0,28.618424659649463,273,51.0,145.0,0.19,145.33,3.0
2025-03-26 07:38:09,145.36,22.0,322.0,56.0,144.12,59.0,328.0,70.0,233.68,176.64,81.0,126.0,28.545912491984424,207,-45.0,-66.0,-0.22,145.67,3.0
2025-03-26 07:38:10,143.97,71.0,303.04,46.0,142.38,29.0,336.72,50.0,223.51,159.07000000000002,100.0,96.0,28.64982251253984,196,4.0,-11.0,0.02,144.0,5.0
2025-03-26 07:38:11,143.57,49.0,321.0,52.0,142.13,93.0,566.09,43.0,232.29,177.43,142.0,95.0,6.552440003543959,237,47.0,41.0,0.2,144.0,
2025-03-26 07:38:12,144.0,70.0,321.0,40.0,143.0,30.0,568.96,28.0,232.5,177.0,100.0,68.0,6.275186849811163,168,32.0,-69.0,0.19,144.0,
2025-03-26 07:38:13,144.0,91.0,249.15,40.0,143.0,39.0,291.14,42.0,196.57,105.15,130.0,82.0,15.70749025147049,212,48.0,44.0,0.23,144.0,
2025-03-26 07:38:14,144.0,63.0,169.0,18.0,143.0,25.0,279.0,36.0,156.5,25.0,88.0,54.0,32.455098674939066,142,34.0,-70.0,0.24,144.0,
2025-03-26 07:38:15,144.39,23.0,187.33,24.0,143.94,67.0,286.1,42.0,165.86,42.940000000000026,90.0,66.0,35.76115532250077,156,24.0,14.0,0.15,144.0,
2025-03-26 07:38:16,145.98,49.0,264.24,34.0,144.53,15.0,327.2,20.0,205.11,118.26000000000002,64.0,54.0,30.717105495147525,118,10.0,-38.0,0.08,144.0,
2025-03-26 07:38:17,145.99,73.0,236.55,44.0,144.63,19.0,280.11,38.0,191.27,90.56,92.0,82.0,20.841066911269632,174,10.0,56.0,0.06,144.0,
2025-03-26 07:38:18,144.0,91.0,187.17,46.0,143.0,26.0,206.47,34.0,165.59,43.16999999999999,117.0,80.0,20.42212599118942,197,37.0,23.0,0.19,145.0,1.0
2025-03-26 07:38:19,144.0,38.0,180.73,33.0,143.0,20.0,188.32,37.0,162.36,36.72999999999999,58.0,70.0,19.08556444017349,128,-12.0,-69.0,-0.09,144.0,4.0
2025-03-26 07:38:20,144.0,24.0,179.0,24.0,143.0,16.0,182.0,32.0,161.5,35.0,40.0,56.0,19.864761010392613,96,-16.0,-32.0,-0.17,144.0,
2025-03-26 07:38:21,144.22,23.0,159.62,42.0,143.28,47.0,161.87,38.0,151.92,15.400000000000006,70.0,80.0,14.74019233253109,150,-10.0,54.0,-0.07,144.0,
2025-03-26 07:38:22,146.99,91.0,156.44,54.0,145.53,60.0,157.94,51.0,151.72,9.449999999999989,151.0,105.0,6.390674455799116,256,46.0,106.0,0.18,147.0,4.0
2025-03-26 07:38:23,149.0,13.0,153.78,49.0,145.74,86.0,154.83,47.0,151.39,4.780000000000001,99.0,96.0,5.627390158857074,195,3.0,-61.0,0.02,147.0,
2025-03-26 07:38:24,148.08,13.0,150.89,37.0,145.64,44.0,152.08,37.0,149.48,2.809999999999974,57.0,74.0,4.739020995944167,131,-17.0,-64.0,-0.13,149.0,1.0
2025-03-26 07:38:25,146.0,36.0,148.78,36.0,144.0,72.0,150.56,36.0,147.39,2.780000000000001,108.0,72.0,1.9324466357438408,180,36.0,49.0,0.2,146.0,2.0
2025-03-26 07:38:26,144.06,67.0,146.43,56.0,142.98,41.0,147.43,56.0,145.24,2.3700000000000045,108.0,112.0,2.7413919821865487,220,-4.0,40.0,-0.02,144.8,5.0
2025-03-26 07:38:27,144.0,50.0,145.3,40.0,142.96,50.0,146.3,40.0,144.65,1.3000000000000114,100.0,80.0,2.8377015346924077,180,20.0,-40.0,0.11,144.8,
2025-03-26 07:38:28,142.86,14.0,144.57,35.0,141.02,98.0,219.59,34.0,143.71,1.7099999999999795,112.0,69.0,2.3260760950567807,181,43.0,1.0,0.24,144.0,5.0
2025-03-26 07:38:29,141.91,11.0,143.59,34.0,140.77,56.0,146.86,42.0,142.75,1.6800000000000068,67.0,76.0,1.7536590318513237,143,-9.0,-38.0,-0.06,142.0,1.0
2025-03-26 07:38:30,141.94,77.0,143.56,36.0,140.06,69.0,184.0,18.0,142.75,1.6200000000000043,146.0,54.0,1.1188386836327766,200,92.0,57.0,0.46,142.0,2.0
2025-03-26 07:38:31,142.0,130.0,248.2,20.0,141.0,10.0,466.8,50.0,195.1,106.2,140.0,70.0,23.105330986592683,210,70.0,10.0,0.33,142.0,4.0
2025-03-26 07:38:32,142.94,51.0,398.0,45.0,141.96,81.0,644.67,24.0,270.47,255.06,132.0,69.0,55.90051502446126,201,63.0,-9.0,0.31,142.0,
2025-03-26 07:38:33,146.0,14.0,373.71,35.0,142.0,91.0,556.0,14.0,259.86,227.71,105.0,49.0,61.45014751813078,154,56.0,-47.0,0.36,142.0,
2025-03-26 07:38:34,146.6,35.0,224.92,65.0,142.61,92.0,457.92,53.0,185.76,78.32,127.0,118.0,53.55297816181692,245,9.0,91.0,0.04,142.0,
2025-03-26 07:38:35,146.0,48.0,199.27,55.0,142.73,86.0,251.14,44.0,172.64,53.27000000000001,134.0,99.0,45.05303519187186,233,35.0,-12.0,0.15,142.0,
2025-03-26 07:38:36,146.0,56.0,220.32,41.0,145.0,42.0,231.73,30.0,183.16,74.32,98.0,71.0,46.77215752988141,169,27.0,-64.0,0.16,142.0,
2025-03-26 07:38:37,146.0,40.0,201.94,33.0,145.0,30.0,219.36,25.0,173.97,55.94,70.0,58.0,36.655773351547616,128,12.0,-41.0,0.09,142.0,
2025-03-26 07:38:38,145.83,23.0,197.11,18.0,142.81,74.0,216.94,34.0,171.47,51.28,97.0,52.0,6.569904869936504,149,45.0,21.0,0.3,146.17,6.0
2025-03-26 07:38:39,142.19,176.0,177.51,51.0,141.75,55.0,180.75,48.0,159.85,35.31999999999999,231.0,99.0,8.314172839195246,330,132.0,172.0,0.4,145.0,9.0
2025-03-26 07:38:40,142.0,100.0,169.35,40.0,141.0,10.0,170.17,46.0,155.68,27.349999999999994,110.0,86.0,11.093927618296853,196,24.0,-134.0,0.12,142.0,4.0
2025-03-26 07:38:41,142.0,48.0,167.64,11.0,141.0,8.0,168.97,29.0,154.82,25.639999999999983,56.0,40.0,8.977392160310584,96,16.0,-100.0,0.17,142.0,
2025-03-26 07:38:42,142.0,36.0,164.48,21.0,141.0,6.0,166.67,9.0,153.24,22.47999999999999,42.0,30.0,7.380634796547191,72,12.0,-24.0,0.17,142.0,
2025-03-26 07:38:43,143.0,18.0,162.18,39.0,142.0,54.0,163.03,31.0,152.59,19.180000000000007,72.0,70.0,2.8567691541321403,142,2.0,70.0,0.01,142.0,
2025-03-26 07:38:44,142.65,34.0,157.19,42.0,141.94,70.0,158.19,42.0,149.92,14.539999999999992,104.0,84.0,2.2301569451497563,188,20.0,46.0,0.11,142.4,5.0
2025-03-26 07:38:45,141.96,25.0,148.88,32.0,140.8,10.0,150.4,20.0,145.42,6.919999999999988,35.0,52.0,3.682556177439572,87,-17.0,-101.0,-0.2,142.0,3.0
2025-03-26 07:38:46,139.34,29.0,144.2,35.0,132.91,22.0,145.29,31.0,141.77,4.859999999999985,51.0,66.0,4.8977719424240735,117,-15.0,30.0,-0.13,140.33,3.0
2025-03-26 07:38:47,135.09,46.0,140.47,19.0,116.54,26.0,141.74,38.0,137.78,5.379999999999996,72.0,57.0,5.985860840346546,129,15.0,12.0,0.12,139.0,4.0
2025-03-26 07:38:48,124.8,20.0,138.0,9.0,33.2,10.0,139.0,9.0,131.4,13.200000000000005,30.0,18.0,7.1044225662604905,48,12.0,-81.0,0.25,136.0,4.0
2025-03-26 07:38:53,129.25,24.0,136.82,38.0,90.5,24.0,172.64,28.0,133.03,7.569999999999993,48.0,66.0,12.911910393120428,114,-18.0,13.0,-0.16,136.0,
2025-03-26 07:39:01,119.97,148.0,148.41,39.0,115.0,21.0,326.0,32.0,134.19,28.44,169.0,71.0,7.65479784187529,240,98.0,172.0,0.41,136.57,7.0
2025-03-26 07:39:05,130.33,54.0,200.0,14.0,129.43,84.0,337.43,14.0,165.17,69.66999999999999,138.0,28.0,15.780713862179596,166,110.0,-18.0,0.66,132.0,2.0
2025-03-26 07:39:06,146.0,21.0,241.86,14.0,131.0,42.0,388.29,14.0,193.93,95.86,63.0,28.0,29.497253600970964,91,35.0,-75.0,0.38,132.0,
2025-03-26 07:39:07,145.58,59.0,180.0,16.0,141.77,78.0,234.38,16.0,162.79,34.41999999999999,137.0,32.0,27.096656066754782,169,105.0,78.0,0.62,146.25,4.0
2025-03-26 07:39:08,147.8,5.0,189.2,10.0,145.0,60.0,227.8,10.0,168.5,41.39999999999998,65.0,20.0,22.58114633936913,85,45.0,-84.0,0.53,147.0,4.0
2025-03-26 07:39:09,148.0,7.0,291.14,14.0,146.2,30.0,445.2,10.0,219.57,143.14,37.0,24.0,24.4353866349607,61,13.0,-24.0,0.21,147.0,
2025-03-26 07:39:10,148.57,7.0,153.0,14.0,147.0,21.0,414.7,10.0,150.79,4.430000000000007,28.0,24.0,27.557125757234083,52,4.0,-9.0,0.08,147.0,
2025-03-26 07:39:11,148.33,9.0,251.0,18.0,146.71,21.0,317.0,17.0,199.67,102.67,30.0,35.0,28.434149890580777,65,-5.0,13.0,-0.08,147.67,3.0
2025-03-26 07:39:12,145.5,12.0,250.85,26.0,141.13,93.0,541.83,24.0,198.17,105.35,105.0,50.0,27.38128375368875,155,55.0,90.0,0.35,147.0,1.0
2025-03-26 07:39:13,145.67,9.0,249.17,24.0,141.36,33.0,251.0,12.0,197.42,103.5,42.0,36.0,25.3886112262964,78,6.0,-77.0,0.08,147.0,
2025-03-26 07:39:14,146.0,14.0,215.8,20.0,145.0,7.0,261.18,22.0,180.9,69.80000000000001,21.0,42.0,20.79235316167985,63,-21.0,-15.0,-0.33,147.0,
2025-03-26 07:39:15,144.8,10.0,211.27,22.0,141.67,42.0,253.38,26.0,178.04,66.47,52.0,48.0,10.459897227029613,100,4.0,37.0,0.04,145.0,5.0
2025-03-26 07:39:16,144.0,7.0,233.91,22.0,142.0,35.0,326.0,18.0,188.95,89.91,42.0,40.0,9.223032581533063,82,2.0,-18.0,0.02,145.0,
2025-03-26 07:39:17,145.0,420.0,148.0,24.0,144.0,12.0,188.46,26.0,146.5,3.0,432.0,50.0,19.3458346938046,482,382.0,172.0,0.79,145.0,
2025-03-26 07:39:18,145.34,106.0,173.88,32.0,145.0,492.0,227.79,38.0,159.61,28.539999999999992,598.0,70.0,17.3173049288857,668,528.0,172.0,0.79,146.0,2.0
2025-03-26 07:39:19,147.53,30.0,190.81,32.0,145.0,525.0,246.22,51.0,169.17,43.28,555.0,83.0,16.37593142389182,638,472.0,-30.0,0.74,146.0,
2025-03-26 07:39:20,149.0,26.0,195.2,30.0,145.0,455.0,258.22,46.0,172.1,46.19999999999999,481.0,76.0,15.708514570130648,557,405.0,-81.0,0.73,146.0,
2025-03-26 07:39:21,149.0,27.0,247.38,52.0,145.0,525.0,256.26,53.0,198.19,98.38,552.0,105.0,19.079125504068784,657,447.0,100.0,0.68,149.0,1.0
2025-03-26 07:39:22,145.06,355.0,242.67,60.0,144.95,185.0,244.4,60.0,193.86,97.61,540.0,120.0,16.64654408578589,660,420.0,3.0,0.64,149.0,
2025-03-26 07:39:23,145.02,173.0,225.94,36.0,144.96,137.0,228.66,29.0,185.48,80.91999999999999,310.0,65.0,12.864845510149593,375,245.0,-172.0,0.65,145.0,2.0
2025-03-26 07:39:24,145.0,231.0,224.71,35.0,144.0,7.0,226.0,28.0,184.86,79.71000000000001,238.0,63.0,10.014036149326486,301,175.0,-74.0,0.58,146.0,1.0
2025-03-26 07:39:25,145.0,410.0,222.32,50.0,144.0,13.0,223.24,63.0,183.66,77.32,423.0,113.0,6.440124222405866,536,310.0,172.0,0.58,145.0,4.0
2025-03-26 07:39:26,144.97,195.0,218.37,52.0,142.52,27.0,219.61,44.0,181.67,73.4,222.0,96.0,4.677871310758449,318,126.0,-172.0,0.4,145.0,5.0
2025-03-26 07:39:27,144.22,18.0,213.12,68.0,142.04,57.0,216.54,59.0,178.67,68.9,75.0,127.0,2.760266291504374,202,-52.0,-116.0,-0.26,145.0,
2025-03-26 07:39:28,145.0,40.0,207.66,35.0,144.0,10.0,209.3,40.0,176.33,62.66,50.0,75.0,3.5233038472454217,125,-25.0,-77.0,-0.2,145.0,
2025-03-26 07:39:29,145.15,52.0,204.25,80.0,144.57,28.0,206.0,48.0,174.7,59.1,80.0,128.0,3.693647248995685,208,-48.0,83.0,-0.23,145.67,3.0
2025-03-26 07:39:30,145.0,24.0,201.43,35.0,144.0,8.0,202.38,40.0,173.21,56.43000000000001,32.0,75.0,3.341613382785676,107,-43.0,-101.0,-0.4,145.67,
2025-03-26 07:39:31,145.0,34.0,197.73,59.0,144.0,48.0,198.79,58.0,171.36,52.72999999999999,82.0,117.0,2.814023809425084,199,-35.0,92.0,-0.18,145.0,2.0
2025-03-26 07:39:32,145.67,9.0,194.65,40.0,144.67,9.0,195.68,41.0,170.16,48.98000000000002,18.0,81.0,2.483076720524441,99,-63.0,-100.0,-0.64,145.0,
2025-03-26 07:39:33,146.0,13.0,188.09,55.0,145.0,13.0,189.07,59.0,167.05,42.09,26.0,114.0,2.939971088294812,140,-88.0,41.0,-0.63,145.0,
2025-03-26 07:39:34,145.17,12.0,168.68,44.0,144.17,12.0,173.46,50.0,156.92,23.51000000000002,24.0,94.0,6.450391460989603,118,-70.0,-22.0,-0.59,146.0,1.0
2025-03-26 07:39:35,145.0,5.0,164.6,15.0,144.0,5.0,166.0,25.0,154.8,19.599999999999994,10.0,40.0,7.683867515776506,50,-30.0,-68.0,-0.6,146.0,
2025-03-26 07:39:36,145.0,12.0,161.7,56.0,144.0,12.0,162.51,55.0,153.35,16.69999999999999,24.0,111.0,7.626226458741129,135,-87.0,85.0,-0.64,146.0,
2025-03-26 07:39:37,145.81,16.0,157.82,33.0,143.21,38.0,158.97,40.0,151.82,12.009999999999993,54.0,73.0,6.036950389062431,127,-19.0,-8.0,-0.15,146.0,
2025-03-26 07:39:38,147.0,36.0,153.26,72.0,146.0,90.0,154.96,72.0,150.13,6.259999999999991,126.0,144.0,2.624029344347899,270,-18.0,143.0,-0.07,146.0,
2025-03-26 07:39:39,146.69,32.0,149.48,61.0,145.96,57.0,150.45,53.0,148.08,2.789999999999992,89.0,114.0,2.640819948424689,203,-25.0,-67.0,-0.12,147.0,2.0
2025-03-26 07:39:40,145.97,32.0,147.0,40.0,144.44,16.0,148.0,24.0,146.48,1.0300000000000011,48.0,64.0,2.7669784964825506,112,-16.0,-91.0,-0.14,146.0,5.0
2025-03-26 07:39:41,144.05,58.0,145.92,24.0,143.57,47.0,146.93,59.0,144.98,1.869999999999976,105.0,83.0,2.744197514756531,188,22.0,76.0,0.12,144.14,7.0
2025-03-26 07:39:42,144.0,36.0,145.0,24.0,143.0,24.0,184.71,31.0,144.5,1.0,60.0,55.0,2.314428655196598,115,5.0,-73.0,0.04,144.14,
2025-03-26 07:39:43,142.78,41.0,145.0,20.0,142.24,29.0,194.0,10.0,143.89,2.219999999999999,70.0,30.0,1.6913249244289013,100,40.0,-15.0,0.4,143.75,4.0
2025-03-26 07:39:44,142.0,53.0,143.75,24.0,141.0,12.0,195.56,18.0,142.88,1.75,65.0,42.0,1.3357320090473928,107,23.0,7.0,0.21,142.0,5.0
2025-03-26 07:39:45,142.58,36.0,279.5,16.0,141.64,14.0,347.22,9.0,211.04,136.92,50.0,25.0,29.963518151245207,75,25.0,-32.0,0.33,143.0,2.0
2025-03-26 07:39:46,143.0,63.0,248.33,18.0,142.0,27.0,372.36,11.0,195.67,105.33,90.0,29.0,33.09762423498108,119,61.0,44.0,0.51,143.0,
2025-03-26 07:39:47,143.38,40.0,151.7,20.0,142.74,42.0,250.31,13.0,147.54,8.319999999999993,82.0,33.0,32.59133519817817,115,49.0,-4.0,0.43,143.0,
2025-03-26 07:39:48,146.0,10.0,149.33,24.0,142.89,71.0,150.31,26.0,147.67,3.3300000000000125,81.0,50.0,31.923335508684048,131,31.0,16.0,0.24,143.0,
2025-03-26 07:39:49,144.18,11.0,147.43,14.0,141.98,49.0,150.0,21.0,145.81,3.25,60.0,35.0,31.34659678497824,95,25.0,-36.0,0.26,143.0,4.0
2025-03-26 07:39:50,142.0,50.0,145.71,21.0,141.0,10.0,148.56,25.0,143.86,3.710000000000008,60.0,46.0,22.16881029735243,106,14.0,11.0,0.13,145.0,1.0
2025-03-26 07:39:51,142.0,30.0,143.0,18.0,141.0,8.0,192.25,16.0,142.5,1.0,38.0,34.0,2.272296195479848,72,4.0,-34.0,0.06,142.4,5.0
2025-03-26 07:39:52,142.57,14.0,220.0,14.0,141.73,11.0,310.57,14.0,181.29,77.43,25.0,28.0,16.364774058935154,53,-3.0,-19.0,-0.06,142.4,
2025-03-26 07:39:53,143.43,14.0,316.94,16.0,142.0,22.0,762.0,18.0,230.18,173.51,36.0,34.0,37.96614373359518,70,2.0,17.0,0.03,142.4,
2025-03-26 07:39:54,145.15,96.0,236.0,36.0,143.38,26.0,697.0,48.0,190.57,90.85,122.0,84.0,36.45839752375322,206,38.0,136.0,0.18,142.4,
2025-03-26 07:39:55,146.05,145.0,183.0,45.0,144.25,32.0,362.48,73.0,164.52,36.94999999999999,177.0,118.0,32.6377277088957,295,59.0,89.0,0.2,146.0,3.0
2025-03-26 07:39:56,147.0,32.0,371.06,31.0,146.0,28.0,560.96,25.0,259.03,224.06,60.0,56.0,38.60771645668821,116,4.0,-172.0,0.03,147.0,3.0
2025-03-26 07:39:59,146.54,13.0,434.23,39.0,145.75,32.0,529.73,33.0,290.38,287.69000000000005,45.0,72.0,57.93582673959244,117,-27.0,52.0,-0.23,146.5,2.0
2025-03-26 07:40:00,146.0,18.0,365.0,18.0,144.0,12.0,455.0,30.0,255.5,219.0,30.0,48.0,22.68919831109261,78,-18.0,-39.0,-0.23,146.5,
2025-03-26 07:40:01,146.0,36.0,263.17,36.0,144.0,24.0,451.03,34.0,204.58,117.17000000000002,60.0,70.0,41.49252366390937,130,-10.0,52.0,-0.08,145.5,4.0
2025-03-26 07:40:02,140.8,25.0,179.26,35.0,130.92,24.0,299.75,24.0,160.03,38.45999999999998,49.0,59.0,59.63289109208155,108,-10.0,-22.0,-0.09,141.29,7.0
2025-03-26 07:40:03,140.0,30.0,219.9,10.0,131.4,50.0,221.0,20.0,179.95,79.9,80.0,30.0,53.92934145713296,110,50.0,2.0,0.45,141.29,
2025-03-26 07:40:04,140.96,26.0,168.04,28.0,133.55,38.0,219.64,11.0,154.5,27.079999999999984,64.0,39.0,41.10389604404941,103,25.0,-7.0,0.24,141.29,
2025-03-26 07:40:05,146.87,165.0,159.95,22.0,140.42,36.0,187.63,62.0,153.41,13.079999999999984,201.0,84.0,21.842834751927388,285,117.0,172.0,0.41,145.0,4.0
2025-03-26 07:40:06,147.0,72.0,155.67,6.0,140.0,18.0,301.0,20.0,151.33,8.669999999999987,90.0,26.0,11.691115430103268,116,64.0,-169.0,0.55,147.0,3.0
2025-03-26 07:40:07,147.0,77.0,154.86,7.0,141.2,15.0,349.0,21.0,150.93,7.860000000000014,92.0,28.0,12.34495362486216,120,64.0,4.0,0.53,147.0,
2025-03-26 07:40:08,147.0,97.0,154.0,9.0,146.0,9.0,349.0,27.0,150.5,7.0,106.0,36.0,1.731482024161196,142,70.0,22.0,0.49,147.0,2.0
2025-03-26 07:40:09,147.0,99.0,152.55,11.0,146.0,11.0,334.28,25.0,149.77,5.550000000000011,110.0,36.0,1.370043794917783,146,74.0,4.0,0.51,147.0,
2025-03-26 07:40:10,147.0,63.0,151.86,7.0,146.0,7.0,238.7,20.0,149.43,4.860000000000014,70.0,27.0,0.7895061747650689,97,43.0,-49.0,0.44,147.0,
2025-03-26 07:40:11,147.0,142.0,150.24,17.0,146.0,17.0,320.12,34.0,148.62,3.240000000000009,159.0,51.0,0.9061732726094744,210,108.0,113.0,0.51,147.0,1.0
2025-03-26 07:40:12,147.0,64.0,150.0,8.0,146.0,8.0,305.78,18.0,148.5,3.0,72.0,26.0,0.8306202501693621,98,46.0,-112.0,0.47,147.0,
2025-03-26 07:40:13,147.0,112.0,203.38,26.0,146.0,14.0,258.19,31.0,175.19,56.38,126.0,57.0,11.68901492855557,183,69.0,85.0,0.38,147.0,
2025-03-26 07:40:14,147.0,128.0,204.5,48.0,146.0,16.0,263.92,49.0,175.75,57.5,144.0,97.0,14.586105374636468,241,47.0,58.0,0.2,147.0,
2025-03-26 07:40:15,147.0,48.0,199.88,43.0,146.0,11.0,200.79,34.0,173.44,52.88,59.0,77.0,14.393892802157527,136,-18.0,-105.0,-0.13,147.0,7.0
2025-03-26 07:40:16,147.58,26.0,194.15,39.0,146.5,14.0,194.67,45.0,170.87,46.56999999999999,40.0,84.0,11.47852995814383,124,-44.0,-12.0,-0.35,147.75,4.0
2025-03-26 07:40:17,146.31,13.0,190.48,46.0,145.04,56.0,192.97,31.0,168.39,44.16999999999999,69.0,77.0,3.081042031522484,146,-8.0,22.0,-0.05,147.75,
2025-03-26 07:40:18,146.0,10.0,186.69,29.0,145.0,60.0,188.46,41.0,166.34,40.69,70.0,70.0,3.776634745379413,140,0.0,-6.0,0.0,147.75,
2025-03-26 07:40:19,146.0,11.0,180.23,39.0,145.0,66.0,181.9,31.0,163.12,34.22999999999999,77.0,70.0,3.9880910220311376,147,7.0,7.0,0.05,147.75,
2025-03-26 07:40:20,146.0,16.0,166.82,39.0,145.0,66.0,171.46,28.0,156.41,20.819999999999997,82.0,67.0,5.591594584731899,149,15.0,2.0,0.1,147.75,
2025-03-26 07:40:21,146.29,63.0,153.81,47.0,145.24,75.0,154.93,30.0,150.05,7.52000000000001,138.0,77.0,7.558066551704886,215,61.0,66.0,0.28,147.75,
2025-03-26 07:40:22,146.55,66.0,151.14,63.0,145.6,60.0,152.08,53.0,148.84,4.589999999999975,126.0,116.0,7.744589724446202,242,10.0,27.0,0.04,147.75,
2025-03-26 07:40:23,145.67,55.0,147.62,65.0,144.41,51.0,150.93,41.0,146.64,1.950000000000017,106.0,106.0,6.717504745066817,212,0.0,-30.0,0.0,146.0,9.0
2025-03-26 07:40:24,145.0,55.0,146.0,26.0,144.0,65.0,295.35,34.0,145.5,1.0,120.0,60.0,4.262190751244352,180,60.0,-32.0,0.33,145.0,6.0
2025-03-26 07:40:25,144.0,75.0,145.33,18.0,143.0,55.0,205.64,33.0,144.67,1.3300000000000125,130.0,51.0,2.2582404654933037,181,79.0,1.0,0.44,145.0,1.0
2025-03-26 07:40:26,144.0,22.0,200.7,23.0,143.0,45.0,365.12,40.0,172.35,56.69999999999999,67.0,63.0,11.704877188590851,130,4.0,-51.0,0.03,144.0,3.0
2025-03-26 07:40:27,144.0,10.0,171.22,23.0,143.0,15.0,293.65,17.0,157.61,27.22,25.0,40.0,11.84416016440152,65,-15.0,-65.0,-0.23,144.0,
2025-03-26 07:40:28,146.52,25.0,165.19,42.0,143.7,20.0,194.48,23.0,155.86,18.669999999999987,45.0,65.0,11.239851867351152,110,-20.0,45.0,-0.18,144.0,
2025-03-26 07:40:29,144.67,36.0,164.0,48.0,143.18,17.0,232.42,12.0,154.33,19.330000000000013,53.0,60.0,9.955469853301675,113,-7.0,3.0,-0.06,145.8,5.0
2025-03-26 07:40:30,145.64,25.0,163.14,28.0,142.95,19.0,323.48,23.0,154.39,17.5,44.0,51.0,7.632707252345002,95,-7.0,-18.0,-0.07,146.0,1.0
2025-03-26 07:40:31,144.35,40.0,158.38,29.0,142.62,29.0,182.93,58.0,151.36,14.03,69.0,87.0,2.302270618323751,156,-18.0,61.0,-0.12,145.25,4.0
2025-03-26 07:40:32,141.0,32.0,154.75,32.0,140.0,40.0,158.0,8.0,147.88,13.75,72.0,40.0,3.182220922562626,112,32.0,-44.0,0.29,141.71,7.0
2025-03-26 07:40:33,141.4,5.0,154.0,20.0,140.12,17.0,158.0,5.0,147.7,12.599999999999994,22.0,25.0,3.288156018195316,47,-3.0,-65.0,-0.06,140.75,4.0
2025-03-26 07:40:34,140.0,36.0,153.0,27.0,85.75,32.0,153.76,33.0,146.5,13.0,68.0,60.0,3.248627402456742,128,8.0,81.0,0.06,140.75,
2025-03-26 07:40:35,136.49,39.0,149.76,38.0,124.14,88.0,180.8,44.0,143.13,13.269999999999982,127.0,82.0,2.958374553701937,209,45.0,81.0,0.22,141.91,11.0
2025-03-26 07:40:36,142.0,9.0,149.33,36.0,106.77,26.0,319.11,45.0,145.67,7.3300000000000125,35.0,81.0,1.92777851424644,116,-46.0,-93.0,-0.4,141.91,
2025-03-26 07:40:37,142.0,7.0,145.86,28.0,141.0,28.0,539.71,35.0,143.93,3.8600000000000136,35.0,63.0,1.863177393591275,98,-28.0,-18.0,-0.29,141.91,
2025-03-26 07:40:38,142.0,5.0,145.0,20.0,141.0,20.0,444.5,24.0,143.5,3.0,25.0,44.0,1.4628841375819643,69,-19.0,-29.0,-0.28,141.91,
2025-03-26 07:40:39,142.0,6.0,144.5,24.0,141.0,24.0,194.0,30.0,143.25,2.5,30.0,54.0,1.0379209989148548,84,-24.0,15.0,-0.29,141.91,
2025-03-26 07:40:40,143.68,31.0,176.11,35.0,130.41,34.0,255.8,50.0,159.9,32.43000000000001,65.0,85.0,7.134490170992689,150,-20.0,66.0,-0.13,142.0,1.0
2025-03-26 07:40:41,144.0,16.0,158.18,28.0,136.64,22.0,207.25,20.0,151.09,14.180000000000009,38.0,48.0,7.245303996382221,86,-10.0,-64.0,-0.12,151.0,4.0
2025-03-26 07:40:42,141.88,41.0,170.17,53.0,140.68,114.0,196.85,61.0,156.02,28.289999999999992,155.0,114.0,7.423332809459257,269,41.0,172.0,0.15,151.0,
2025-03-26 07:40:43,141.18,55.0,183.79,34.0,139.77,88.0,191.5,32.0,162.49,42.60999999999999,143.0,66.0,7.640166882993943,209,77.0,-60.0,0.37,141.5,4.0
2025-03-26 07:40:44,141.24,126.0,187.12,40.0,135.26,38.0,188.12,40.0,164.18,45.88,164.0,80.0,5.265988036446797,244,84.0,35.0,0.34,141.5,
2025-03-26 07:40:45,141.19,160.0,167.85,47.0,140.58,52.0,176.9,63.0,154.52,26.66,212.0,110.0,5.512562924810919,322,102.0,78.0,0.32,144.75,4.0
2025-03-26 07:40:46,141.0,84.0,218.83,30.0,140.0,16.0,279.0,36.0,179.92,77.83000000000001,100.0,66.0,10.09532466045567,166,34.0,-156.0,0.2,141.55,11.0
2025-03-26 07:40:49,142.09,33.0,388.36,11.0,141.0,66.0,496.73,11.0,265.23,246.27,99.0,22.0,84.65346171303379,121,77.0,10.0,0.64,141.55,
2025-03-26 07:40:50,143.0,37.0,218.95,22.0,141.0,72.0,238.86,28.0,180.98,75.94999999999999,109.0,50.0,77.40557292598567,159,59.0,38.0,0.37,141.55,
2025-03-26 07:40:51,143.0,24.0,206.0,7.0,141.0,36.0,227.0,30.0,174.5,63.0,60.0,37.0,78.81806379250942,97,23.0,-62.0,0.24,141.55,
2025-03-26 07:40:52,143.0,36.0,206.0,9.0,141.0,54.0,343.55,29.0,174.5,63.0,90.0,38.0,74.25588178723665,128,52.0,31.0,0.41,141.55,
2025-03-26 07:40:53,146.0,11.0,163.19,27.0,143.77,39.0,184.63,27.0,154.59,17.189999999999998,50.0,54.0,43.22983171376029,104,-4.0,-24.0,-0.04,141.55,
2025-03-26 07:40:54,146.17,12.0,157.0,11.0,145.03,31.0,324.48,27.0,151.58,10.830000000000013,43.0,38.0,13.223656831603638,81,5.0,-23.0,0.06,141.55,
2025-03-26 07:40:55,147.0,20.0,155.4,10.0,146.0,10.0,235.53,30.0,151.2,8.400000000000006,30.0,40.0,12.144845820347545,70,-10.0,-11.0,-0.14,141.55,
2025-03-26 07:40:56,147.0,26.0,153.11,19.0,146.0,13.0,211.15,47.0,150.05,6.110000000000014,39.0,66.0,10.264985630774612,105,-27.0,35.0,-0.26,141.55,
2025-03-26 07:40:57,147.0,16.0,150.2,20.0,146.0,8.0,152.5,16.0,148.6,3.1999999999999886,24.0,36.0,2.2202995293439654,60,-12.0,-45.0,-0.2,141.55,
2025-03-26 07:40:58,146.89,19.0,148.86,28.0,145.6,15.0,164.31,26.0,147.88,1.9700000000000275,34.0,54.0,1.6045310841501113,88,-20.0,28.0,-0.23,147.0,2.0
2025-03-26 07:40:59,145.71,14.0,148.62,52.0,144.95,37.0,268.0,25.0,147.16,2.9099999999999966,51.0,77.0,1.6386030635889923,128,-26.0,40.0,-0.2,145.25,4.0
2025-03-26 07:41:00,143.57,14.0,147.62,32.0,142.12,34.0,179.53,30.0,145.6,4.050000000000011,48.0,62.0,1.6539105175318265,110,-14.0,-18.0,-0.13,145.25,
2025-03-26 07:41:01,141.32,37.0,146.0,18.0,141.28,47.0,148.0,36.0,143.66,4.680000000000007,84.0,54.0,1.974436628509856,138,30.0,28.0,0.22,141.9,10.0
2025-03-26 07:41:02,141.0,84.0,145.69,26.0,140.0,60.0,149.8,45.0,143.35,4.689999999999998,144.0,71.0,2.026918843960092,215,73.0,77.0,0.34,145.0,2.0
2025-03-26 07:41:03,141.0,44.0,148.0,32.0,140.0,40.0,406.25,8.0,144.5,7.0,84.0,40.0,1.5562069271147518,124,44.0,-91.0,0.35,141.0,3.0
2025-03-26 07:41:04,143.43,42.0,147.11,37.0,140.98,53.0,155.33,45.0,145.27,3.680000000000007,95.0,82.0,0.9782791012791864,177,13.0,53.0,0.07,146.0,3.0
2025-03-26 07:41:05,142.2,30.0,147.95,21.0,140.25,48.0,478.0,9.0,145.08,5.75,78.0,30.0,0.8478620170756098,108,48.0,-69.0,0.44,145.12,8.0
2025-03-26 07:41:06,142.56,18.0,145.67,9.0,141.0,27.0,533.92,12.0,144.11,3.109999999999985,45.0,21.0,0.7740607211321331,66,24.0,-42.0,0.36,145.12,
2025-03-26 07:41:07,143.57,14.0,319.0,31.0,141.18,28.0,510.56,32.0,231.29,175.43,42.0,63.0,38.70908485097542,105,-21.0,39.0,-0.2,143.0,1.0
2025-03-26 07:41:08,147.23,13.0,277.53,17.0,144.69,13.0,431.4,20.0,212.38,130.29999999999998,26.0,37.0,42.71165098658711,63,-11.0,-42.0,-0.17,143.0,
2025-03-26 07:41:09,149.0,9.0,152.0,36.0,145.0,9.0,244.0,18.0,150.5,3.0,18.0,54.0,41.83748044517056,72,-36.0,9.0,-0.5,143.0,
2025-03-26 07:41:10,146.14,21.0,187.71,35.0,143.06,31.0,252.23,26.0,166.93,41.57000000000002,52.0,61.0,38.73908452712884,113,-9.0,41.0,-0.08,144.6,5.0
2025-03-26 07:41:11,142.11,45.0,187.54,13.0,140.67,30.0,188.5,12.0,164.82,45.42999999999998,75.0,25.0,34.69966325485072,100,50.0,-13.0,0.5,144.6,
2025-03-26 07:41:12,142.91,66.0,185.0,27.0,141.0,60.0,186.0,18.0,163.95,42.09,126.0,45.0,23.634989528240222,171,81.0,71.0,0.47,142.0,3.0
2025-03-26 07:41:13,142.0,42.0,184.0,18.0,140.0,30.0,186.0,12.0,163.0,42.0,72.0,30.0,6.50349521411496,102,42.0,-69.0,0.41,142.0,
2025-03-26 07:41:14,142.0,91.0,181.75,32.0,140.0,65.0,182.85,33.0,161.88,39.75,156.0,65.0,1.9161758791974843,221,91.0,119.0,0.41,142.0,
2025-03-26 07:41:15,143.74,50.0,177.25,48.0,141.89,44.0,178.41,37.0,160.5,33.50999999999999,94.0,85.0,1.701087887211332,179,9.0,-42.0,0.05,144.0,4.0
2025-03-26 07:41:16,146.32,28.0,175.74,38.0,144.85,26.0,176.92,48.0,161.03,29.420000000000016,54.0,86.0,1.41261105758678,140,-32.0,-39.0,-0.23,144.0,
2025-03-26 07:41:17,148.79,14.0,174.44,34.0,146.0,28.0,175.82,40.0,161.61,25.65000000000001,42.0,74.0,0.9451613618933132,116,-32.0,-24.0,-0.28,144.0,
2025-03-26 07:41:18,144.06,17.0,171.14,21.0,145.17,12.0,173.0,21.0,157.6,27.079999999999984,29.0,42.0,1.719339989651565,71,-13.0,-45.0,-0.18,144.5,6.0
2025-03-26 07:41:19,142.14,29.0,168.91,44.0,141.27,15.0,171.42,36.0,155.52,26.77000000000001,44.0,80.0,2.59498940267853,124,-36.0,53.0,-0.29,142.0,2.0
2025-03-26 07:41:20,142.0,24.0,164.21,34.0,141.0,12.0,165.37,52.0,153.1,22.210000000000008,36.0,86.0,3.615020055271135,122,-50.0,-2.0,-0.41,142.0,
2025-03-26 07:41:21,141.74,19.0,160.67,39.0,139.75,12.0,161.18,49.0,151.2,18.92999999999998,31.0,88.0,4.047354691648692,119,-57.0,-3.0,-0.48,142.0,2.0
2025-03-26 07:41:23,143.0,16.0,155.5,30.0,85.88,32.0,156.64,36.0,149.25,12.5,48.0,66.0,20.61660932355266,114,-18.0,-89.0,-0.16,142.0,
2025-03-26 07:41:24,143.0,10.0,155.0,18.0,97.0,18.0,156.0,30.0,149.0,12.0,28.0,48.0,19.826170078963735,76,-20.0,-38.0,-0.26,143.0,1.0
2025-03-26 07:41:25,122.17,24.0,154.22,32.0,103.69,26.0,155.62,32.0,138.19,32.05,50.0,64.0,18.79659676643605,114,-14.0,38.0,-0.12,146.33,3.0
2025-03-26 07:41:26,115.2,25.0,151.86,35.0,104.0,24.0,155.0,21.0,133.53,36.66000000000001,49.0,56.0,17.503729031266186,105,-7.0,-9.0,-0.07,146.33,
2025-03-26 07:41:27,139.03,67.0,150.8,44.0,112.98,47.0,163.76,37.0,144.91,11.77000000000001,114.0,81.0,6.919622822090687,195,33.0,90.0,0.17,146.33,
2025-03-26 07:41:28,141.0,48.0,149.62,40.0,124.0,40.0,194.89,36.0,145.31,8.620000000000005,88.0,76.0,6.214991552689149,164,12.0,-31.0,0.07,141.0,4.0
2025-03-26 07:41:29,123.07,43.0,146.46,41.0,110.98,42.0,149.8,50.0,134.77,23.39000000000001,85.0,91.0,5.536905272803099,176,-6.0,12.0,-0.03,140.14,7.0
2025-03-26 07:41:31,126.08,39.0,147.96,57.0,102.77,53.0,288.24,49.0,137.02,21.88000000000001,92.0,106.0,7.830723465938074,198,-14.0,73.0,-0.07,140.14,
2025-03-26 07:41:36,127.93,15.0,397.03,31.0,120.78,45.0,137.0,1.0,262.48,269.1,60.0,32.0,62.30731393664797,92,28.0,-52.0,0.3,136.25,4.0
2025-03-26 07:41:37,142.19,16.0,415.29,28.0,128.86,14.0,425.0,4.0,278.74,273.1,30.0,32.0,81.70211117223371,62,-2.0,-30.0,-0.03,143.0,3.0
2025-03-26 07:41:38,143.48,21.0,339.53,30.0,138.62,16.0,376.82,22.0,241.5,196.05,37.0,52.0,75.09452529978508,89,-15.0,27.0,-0.17,143.0,
2025-03-26 07:41:39,145.9,59.0,342.07,30.0,143.85,59.0,527.3,47.0,243.98,196.17,118.0,77.0,58.10589230017972,195,41.0,106.0,0.21,143.0,
2025-03-26 07:41:40,146.0,99.0,296.76,25.0,143.0,22.0,376.64,44.0,221.38,150.76,121.0,69.0,21.84373777539236,190,52.0,-5.0,0.27,143.0,
2025-03-26 07:41:41,146.71,89.0,205.0,24.0,143.69,39.0,207.0,60.0,175.85,58.28999999999999,128.0,84.0,37.694775500062136,212,44.0,22.0,0.21,146.0,1.0
2025-03-26 07:41:42,147.15,40.0,203.0,16.0,146.0,8.0,385.29,35.0,175.07,55.85,48.0,51.0,34.09771443953482,99,-3.0,-113.0,-0.03,147.0,4.0
2025-03-26 07:41:43,149.78,27.0,202.67,18.0,146.96,25.0,424.0,36.0,176.22,52.88999999999999,52.0,54.0,32.21145215602748,106,-2.0,7.0,-0.02,147.0,
2025-03-26 07:41:44,149.45,22.0,201.4,30.0,146.27,33.0,296.68,38.0,175.43,51.95000000000002,55.0,68.0,20.459011461945884,123,-13.0,17.0,-0.11,148.5,6.0
2025-03-26 07:41:45,146.0,9.0,193.9,31.0,143.0,18.0,382.0,24.0,169.95,47.900000000000006,27.0,55.0,2.582301299233463,82,-28.0,-41.0,-0.34,148.5,
2025-03-26 07:41:46,146.0,7.0,198.81,31.0,143.0,14.0,200.2,25.0,172.4,52.81,21.0,56.0,2.59363258770824,77,-35.0,-5.0,-0.45,148.5,
2025-03-26 07:41:47,143.16,19.0,197.71,34.0,142.03,77.0,198.87,46.0,170.43,54.55000000000001,96.0,80.0,2.849373615379561,176,16.0,99.0,0.09,146.0,1.0
2025-03-26 07:41:48,143.0,18.0,196.85,41.0,142.0,27.0,197.68,31.0,169.93,53.85,45.0,72.0,2.355062631867764,117,-27.0,-59.0,-0.23,146.0,
2025-03-26 07:41:49,144.14,14.0,195.57,21.0,141.8,10.0,197.0,35.0,169.86,51.43000000000001,24.0,56.0,1.078299587321988,80,-32.0,-37.0,-0.4,146.0,
2025-03-26 07:41:50,143.0,8.0,195.0,12.0,142.0,4.0,197.0,20.0,169.0,52.0,12.0,32.0,1.2693029583273585,44,-20.0,-36.0,-0.45,146.0,
2025-03-26 07:41:51,143.0,22.0,193.82,33.0,142.0,11.0,197.0,55.0,168.41,50.81999999999999,33.0,88.0,0.8084120236722198,121,-55.0,77.0,-0.45,146.0,
2025-03-26 07:41:52,114.36,39.0,171.19,36.0,101.0,48.0,175.78,37.0,142.78,56.83,87.0,73.0,11.876877956770134,160,14.0,39.0,0.09,142.25,4.0
2025-03-26 07:41:58,115.85,130.0,150.39,49.0,114.0,143.0,159.57,23.0,133.12,34.53999999999999,273.0,72.0,5.061810940757842,345,201.0,172.0,0.58,133.88,8.0
2025-03-26 07:41:59,125.42,62.0,317.0,22.0,121.02,96.0,539.74,38.0,221.21,191.58,158.0,60.0,43.042792311837694,218,98.0,-127.0,0.45,141.0,2.0
2025-03-26 07:42:00,146.41,34.0,271.21,33.0,142.96,92.0,488.15,26.0,208.81,124.79999999999998,126.0,59.0,48.787990837910215,185,67.0,-33.0,0.36,146.67,3.0
2025-03-26 07:42:01,146.69,58.0,253.54,24.0,144.46,52.0,442.0,16.0,200.12,106.85,110.0,40.0,45.19251519886924,150,70.0,-35.0,0.47,146.0,2.0
2025-03-26 07:42:02,148.0,131.0,241.88,32.0,146.0,88.0,435.88,32.0,194.94,93.88,219.0,64.0,34.19277920848263,283,155.0,133.0,0.55,146.0,
2025-03-26 07:42:03,148.31,131.0,202.16,38.0,146.35,68.0,203.21,39.0,175.23,53.85,199.0,77.0,17.0779966623738,276,122.0,-7.0,0.44,146.0,
2025-03-26 07:42:04,149.2,100.0,200.1,30.0,148.0,30.0,202.0,40.0,174.65,50.900000000000006,130.0,70.0,15.261036989668844,200,60.0,-76.0,0.3,146.0,
2025-03-26 07:42:05,150.0,50.0,198.6,15.0,148.0,15.0,202.0,20.0,174.3,48.6,65.0,35.0,12.6278252284403,100,30.0,-100.0,0.3,146.0,
2025-03-26 07:42:06,150.0,118.0,195.02,43.0,148.0,39.0,196.94,48.0,172.51,45.02000000000001,157.0,91.0,9.342881247239935,248,66.0,148.0,0.27,150.0,3.0
2025-03-26 07:42:07,150.0,37.0,180.11,36.0,148.0,33.0,186.73,41.0,165.06,30.110000000000014,70.0,77.0,4.199898808307373,147,-7.0,-101.0,-0.05,150.0,4.0
2025-03-26 07:42:08,148.67,9.0,166.64,25.0,145.65,17.0,187.0,28.0,157.65,17.97,26.0,53.0,7.357664711035562,79,-27.0,-68.0,-0.34,149.2,5.0
2025-03-26 07:42:09,148.0,5.0,165.47,19.0,146.0,25.0,180.8,20.0,156.74,17.47,30.0,39.0,8.136741976984045,69,-9.0,-10.0,-0.13,149.2,
2025-03-26 07:42:10,147.18,22.0,157.43,42.0,145.94,51.0,159.72,43.0,152.31,10.25,73.0,85.0,7.964661323622589,158,-12.0,89.0,-0.08,148.0,1.0
2025-03-26 07:42:11,147.0,88.0,155.36,44.0,146.0,55.0,156.82,44.0,151.18,8.360000000000014,143.0,88.0,5.488020590340855,231,55.0,73.0,0.24,148.0,
2025-03-26 07:42:12,147.0,136.0,150.81,47.0,146.0,85.0,152.81,62.0,148.9,3.8100000000000014,221.0,109.0,3.727429409123917,330,112.0,99.0,0.34,148.0,
2025-03-26 07:42:13,147.0,38.0,148.0,36.0,146.0,45.0,204.0,16.0,147.5,1.0,83.0,52.0,3.564572905692882,135,31.0,-172.0,0.23,147.0,5.0
2025-03-26 07:42:14,146.14,44.0,291.89,36.0,144.8,20.0,485.54,28.0,219.01,145.75,64.0,64.0,30.931887268642573,128,0.0,-7.0,0.0,146.5,6.0
2025-03-26 07:42:15,146.0,10.0,147.0,18.0,144.0,9.0,487.0,9.0,146.5,1.0,19.0,27.0,31.572982437521027,46,-8.0,-82.0,-0.17,146.0,1.0
2025-03-26 07:42:16,144.0,5.0,147.0,10.0,143.0,5.0,187.0,5.0,145.5,3.0,10.0,15.0,32.18368561864862,25,-5.0,-21.0,-0.2,146.0,1.0
2025-03-26 07:42:17,145.24,17.0,166.65,23.0,144.62,26.0,477.7,33.0,155.94,21.41,43.0,56.0,31.645114946860463,99,-13.0,74.0,-0.13,146.0,
2025-03-26 07:42:18,147.96,24.0,161.0,27.0,145.0,36.0,331.44,36.0,154.48,13.039999999999992,60.0,63.0,30.942628847594914,123,-3.0,24.0,-0.02,146.0,
2025-03-26 07:42:19,148.26,19.0,167.05,37.0,145.96,47.0,400.7,40.0,157.66,18.79000000000002,66.0,77.0,5.617123819180029,143,-11.0,20.0,-0.08,148.33,3.0
2025-03-26 07:42:20,148.0,9.0,259.86,21.0,145.97,31.0,359.66,29.0,203.93,111.86,40.0,50.0,23.082485134837885,90,-10.0,-53.0,-0.11,148.33,
2025-03-26 07:42:21,148.0,11.0,235.64,25.0,147.0,33.0,260.62,37.0,191.82,87.63999999999999,44.0,62.0,23.344876954056136,106,-18.0,16.0,-0.17,148.33,
2025-03-26 07:42:22,146.9,20.0,236.0,40.0,146.74,31.0,260.0,26.0,191.45,89.1,51.0,66.0,22.32553851534221,117,-15.0,11.0,-0.13,147.0,5.0
2025-03-26 07:42:23,146.0,159.0,208.15,54.0,144.89,45.0,279.56,50.0,177.07,62.150000000000006,204.0,104.0,17.71253313335032,308,100.0,172.0,0.32,146.0,3.0
2025-03-26 07:42:24,146.0,41.0,154.89,27.0,144.0,7.0,221.27,22.0,150.44,8.889999999999986,48.0,49.0,20.50951900947536,97,-1.0,-172.0,-0.01,146.0,5.0
2025-03-26 07:42:25,145.8,30.0,147.0,56.0,144.21,14.0,218.0,42.0,146.4,1.1999999999999886,44.0,98.0,21.8828866925737,142,-54.0,45.0,-0.38,146.0,3.0
2025-03-26 07:42:26,144.57,14.0,178.23,53.0,143.57,14.0,382.21,47.0,161.4,33.66,28.0,100.0,18.81210700586228,128,-72.0,-14.0,-0.56,145.0,1.0
2025-03-26 07:42:27,144.0,13.0,171.12,25.0,141.23,88.0,414.4,40.0,157.56,27.120000000000005,101.0,65.0,11.889961311964214,166,36.0,38.0,0.22,145.0,
2025-03-26 07:42:28,144.0,16.0,179.76,21.0,142.64,22.0,411.44,41.0,161.88,35.75999999999999,38.0,62.0,6.858664593053278,100,-24.0,-66.0,-0.24,145.0,
2025-03-26 07:42:29,144.0,11.0,175.47,19.0,143.0,11.0,176.71,14.0,159.74,31.47,22.0,33.0,6.375176860292167,55,-11.0,-45.0,-0.2,145.0,
2025-03-26 07:42:30,142.1,21.0,172.0,12.0,140.96,69.0,173.0,24.0,157.05,29.90000000000001,90.0,36.0,2.184875282483433,126,54.0,71.0,0.43,142.12,8.0
2025-03-26 07:42:31,142.36,110.0,172.0,13.0,129.27,67.0,173.0,26.0,157.18,29.639999999999983,177.0,39.0,2.0931364026279096,216,138.0,90.0,0.64,142.12,
2025-03-26 07:42:32,146.86,42.0,171.57,7.0,144.91,46.0,173.0,14.0,159.21,24.70999999999998,88.0,21.0,2.000017499925055,109,67.0,-107.0,0.61,142.12,
2025-03-26 07:42:33,147.0,60.0,169.84,19.0,146.0,60.0,171.36,11.0,158.42,22.840000000000003,120.0,30.0,1.1969753548029891,150,90.0,41.0,0.6,142.12,
2025-03-26 07:42:34,146.12,164.0,154.89,27.0,145.09,110.0,228.47,19.0,150.51,8.769999999999982,274.0,46.0,3.452249990948478,320,228.0,170.0,0.71,146.75,8.0
2025-03-26 07:42:35,146.0,104.0,169.38,24.0,144.0,40.0,171.0,8.0,157.69,23.379999999999995,144.0,32.0,3.4905973700792114,176,112.0,-144.0,0.64,146.75,
2025-03-26 07:42:36,146.44,43.0,168.0,30.0,145.98,106.0,171.0,10.0,157.22,21.56,149.0,40.0,3.492298669931298,189,109.0,13.0,0.58,146.75,
2025-03-26 07:42:37,148.33,12.0,167.08,36.0,147.0,108.0,171.0,12.0,157.71,18.75,120.0,48.0,3.2704969041421794,168,72.0,-21.0,0.43,146.75,
2025-03-26 07:42:38,149.0,16.0,163.89,18.0,147.0,144.0,166.15,46.0,156.44,14.889999999999986,160.0,64.0,3.0645276960737595,224,96.0,56.0,0.43,146.75,
2025-03-26 07:42:39,149.0,12.0,158.89,19.0,147.0,108.0,161.62,34.0,153.95,9.889999999999986,120.0,53.0,1.5694489478807292,173,67.0,-51.0,0.39,146.75,
2025-03-26 07:42:40,147.8,25.0,156.07,14.0,146.58,156.0,158.45,31.0,151.94,8.269999999999982,181.0,45.0,2.438784533328559,226,136.0,53.0,0.6,147.4,5.0
2025-03-26 07:42:41,147.0,65.0,154.27,15.0,146.0,286.0,157.92,37.0,150.63,7.27000000000001,351.0,52.0,2.9677820000803767,403,299.0,172.0,0.74,147.4,
2025-03-26 07:42:42,147.0,50.0,152.0,10.0,146.0,220.0,154.0,30.0,149.5,5.0,270.0,40.0,2.7584542773080623,310,230.0,-93.0,0.74,147.4,
2025-03-26 07:42:43,147.0,48.0,150.39,18.0,146.0,220.0,153.45,22.0,148.69,3.3899999999999864,268.0,40.0,2.0791993651397105,308,228.0,-2.0,0.74,147.0,1.0
2025-03-26 07:42:44,147.0,56.0,148.7,30.0,146.0,308.0,150.71,28.0,147.85,1.6999999999999886,364.0,58.0,1.609555839353212,422,306.0,114.0,0.73,148.0,1.0
2025-03-26 07:42:45,146.21,84.0,179.5,30.0,145.82,169.0,222.05,21.0,162.86,33.28999999999999,253.0,51.0,6.2088831523872745,304,202.0,-118.0,0.66,147.0,4.0
2025-03-26 07:42:46,146.03,220.0,252.0,14.0,144.85,104.0,253.0,42.0,199.01,105.97,324.0,56.0,21.8130389904756,380,268.0,76.0,0.71,146.5,8.0
2025-03-26 07:42:47,146.0,160.0,252.0,10.0,144.0,50.0,321.73,26.0,199.0,106.0,210.0,36.0,25.82303564649245,246,174.0,-134.0,0.71,146.5,
2025-03-26 07:42:48,146.0,133.0,232.55,11.0,144.0,50.0,285.62,21.0,189.27,86.55000000000001,183.0,32.0,23.102527350920464,215,151.0,-31.0,0.7,146.5,
2025-03-26 07:42:49,146.08,97.0,222.64,14.0,144.42,76.0,226.0,28.0,184.36,76.55999999999997,173.0,42.0,14.858097119080746,215,131.0,0.0,0.61,146.8,5.0
2025-03-26 07:42:50,146.0,70.0,211.0,11.0,144.0,50.0,225.74,19.0,178.5,65.0,120.0,30.0,9.038372087939234,150,90.0,-65.0,0.6,146.8,
2025-03-26 07:42:51,146.0,70.0,166.0,20.0,144.0,50.0,221.0,10.0,156.0,20.0,120.0,30.0,16.07813048833818,150,90.0,0.0,0.6,146.8,
2025-03-26 07:42:52,146.0,49.0,166.0,14.0,144.0,35.0,221.0,7.0,156.0,20.0,84.0,21.0,15.826094906830946,105,63.0,-45.0,0.6,146.8,
2025-03-26 07:42:53,146.0,63.0,177.0,15.0,144.0,45.0,392.5,12.0,161.5,31.0,108.0,27.0,13.280621973387175,135,81.0,30.0,0.6,146.8,
2025-03-26 07:42:54,146.0,81.0,219.97,38.0,144.0,75.0,349.6,25.0,182.99,73.97,156.0,63.0,12.846984860270286,219,93.0,84.0,0.42,146.8,
2025-03-26 07:42:55,146.0,108.0,216.67,36.0,144.0,45.0,219.0,9.0,181.33,70.66999999999999,153.0,45.0,13.524870794207782,198,108.0,-21.0,0.55,146.8,
2025-03-26 07:42:56,146.0,169.0,213.9,40.0,143.67,60.0,215.44,25.0,179.95,67.9,229.0,65.0,12.616010859222484,294,164.0,96.0,0.56,146.8,
2025-03-26 07:42:57,146.0,147.0,208.93,57.0,143.0,52.0,210.51,41.0,177.46,62.93000000000001,199.0,98.0,8.705838845282175,297,101.0,3.0,0.34,146.0,2.0
