DateTime,Bid1_Price,Bid1_Volume,Ask1_Price,Ask1_Volume,Bid2_Price,Bid2_Volume,Ask2_Price,Ask2_Volume,Mid-Price,Bid_Ask_Spread,Market_Depth_Bid,Market_Depth_Ask,Historical_Volatility,Total_volume,Cumulative_Volume_Difference,Total_Volume_Change_Corrected,Order_imbalance,Weighted_Avg_Price,Trade_Volume
2025-03-18 07:30:02,189.0,4.0,204.0,4.0,0.0,0.0,209.0,1.0,196.5,15.0,4.0,5.0,,9,-1.0,3.0,-0.11,,
2025-03-18 07:30:04,186.71,21.0,204.0,14.0,184.0,14.0,206.0,21.0,195.36,17.289999999999992,35.0,35.0,83.0640771934535,70,0.0,5.0,0.0,,
2025-03-18 07:30:06,189.5,12.0,204.0,8.0,184.0,8.0,206.0,12.0,196.75,14.5,20.0,20.0,30.188705172630385,40,0.0,-30.0,0.0,,
2025-03-18 07:30:07,191.75,12.0,204.0,8.0,184.0,8.0,206.0,12.0,197.88,12.25,20.0,20.0,7.709579755083967,40,0.0,0.0,0.0,,
2025-03-18 07:30:08,192.0,9.0,204.0,6.0,181.75,8.0,206.0,9.0,198.0,12.0,17.0,15.0,7.89709566866203,32,2.0,-8.0,0.06,,
2025-03-18 07:30:09,192.8,15.0,204.0,10.0,181.0,15.0,206.0,15.0,198.4,11.199999999999989,30.0,25.0,1.234917001259855,55,5.0,23.0,0.09,,
2025-03-18 07:30:10,194.0,27.0,206.65,23.0,181.58,36.0,207.59,17.0,200.33,12.650000000000006,63.0,40.0,1.3034454342244937,103,23.0,48.0,0.22,205.2,5.0
2025-03-18 07:30:11,195.83,18.0,207.0,18.0,182.56,27.0,209.0,6.0,201.42,11.169999999999987,45.0,24.0,1.5833129823255725,69,21.0,-34.0,0.3,205.2,
2025-03-18 07:30:12,196.57,21.0,207.0,23.0,190.6,15.0,209.0,5.0,201.79,10.430000000000009,36.0,28.0,1.723998259860113,64,8.0,-5.0,0.12,205.2,
2025-03-18 07:30:13,200.18,66.0,210.96,47.0,199.05,60.0,229.21,19.0,205.57,10.78,126.0,66.0,2.6284158727265075,192,60.0,128.0,0.31,207.5,4.0
2025-03-18 07:30:14,202.87,69.0,214.0,36.0,201.84,93.0,222.23,39.0,208.43,11.129999999999995,162.0,75.0,3.3870665774384547,237,87.0,45.0,0.37,215.0,2.0
2025-03-18 07:30:15,203.19,27.0,215.0,7.0,201.45,33.0,223.0,14.0,209.09,11.810000000000002,60.0,21.0,3.5916709203378625,81,39.0,-156.0,0.48,204.25,4.0
2025-03-18 07:30:16,205.04,50.0,215.09,11.0,201.62,37.0,222.3,20.0,210.07,10.050000000000011,87.0,31.0,3.355085691901253,118,56.0,37.0,0.47,215.0,1.0
2025-03-18 07:30:17,214.4,53.0,216.0,14.0,209.2,50.0,223.0,28.0,215.2,1.5999999999999943,103.0,42.0,3.5151415334237024,145,61.0,27.0,0.42,215.0,1.0
2025-03-18 07:30:18,216.29,70.0,217.83,12.0,214.13,46.0,223.0,24.0,217.06,1.5400000000000205,116.0,36.0,3.897980246230109,152,80.0,7.0,0.53,215.0,
2025-03-18 07:30:19,217.0,75.0,218.0,9.0,214.0,36.0,223.0,18.0,217.5,1.0,111.0,27.0,3.948839069903973,138,84.0,-14.0,0.61,217.0,4.0
2025-03-18 07:30:20,217.0,39.0,220.5,12.0,214.0,36.0,229.67,18.0,218.75,3.5,75.0,30.0,3.403590750956986,105,45.0,-33.0,0.43,217.0,3.0
2025-03-18 07:30:21,217.0,46.0,223.0,20.0,214.0,40.0,243.0,20.0,220.0,6.0,86.0,40.0,1.8091489712015716,126,46.0,21.0,0.37,217.0,
2025-03-18 07:30:22,217.0,36.0,223.0,18.0,214.0,36.0,243.0,18.0,220.0,6.0,72.0,36.0,1.3697518023348425,108,36.0,-18.0,0.33,217.0,
2025-03-18 07:30:23,217.0,48.0,223.0,24.0,214.15,39.0,242.39,23.0,220.0,6.0,87.0,47.0,1.118033988749652,134,40.0,26.0,0.3,217.0,
2025-03-18 07:30:24,217.0,20.0,223.0,10.0,216.0,5.0,243.0,10.0,220.0,6.0,25.0,20.0,0.5590169943744044,45,5.0,-89.0,0.11,217.0,
2025-03-18 07:30:25,216.88,32.0,222.17,12.0,214.61,23.0,225.09,22.0,219.52,5.289999999999992,55.0,34.0,0.2146625258385137,89,21.0,44.0,0.24,217.0,4.0
2025-03-18 07:30:26,216.0,9.0,220.13,23.0,214.0,36.0,222.09,11.0,218.07,4.129999999999996,45.0,34.0,0.8357152625143394,79,11.0,-10.0,0.14,217.0,
2025-03-18 07:30:27,217.72,29.0,219.58,36.0,214.77,26.0,222.24,25.0,218.65,1.8600000000000136,55.0,61.0,0.858818956474196,116,-6.0,37.0,-0.05,218.0,1.0
2025-03-18 07:30:28,218.0,26.0,219.0,39.0,216.99,73.0,225.0,26.0,218.5,1.0,99.0,65.0,0.7896644857149431,164,34.0,48.0,0.21,218.0,
2025-03-18 07:30:29,217.43,42.0,221.06,35.0,216.93,58.0,229.65,34.0,219.24,3.629999999999996,100.0,69.0,0.582520385908907,169,31.0,5.0,0.18,218.0,2.0
2025-03-18 07:30:30,217.0,54.0,227.0,19.0,216.0,9.0,231.57,28.0,222.0,10.0,63.0,47.0,1.5707227635707666,110,16.0,-59.0,0.15,218.0,
2025-03-18 07:30:31,217.0,72.0,226.5,18.0,216.0,12.0,228.81,42.0,221.75,9.5,84.0,60.0,1.7108974253295428,144,24.0,34.0,0.17,218.0,
2025-03-18 07:30:32,217.0,66.0,224.91,11.0,216.0,11.0,227.36,47.0,220.95,7.909999999999997,77.0,58.0,1.5493450229045749,135,19.0,-9.0,0.14,218.0,
2025-03-18 07:30:33,217.0,54.0,223.22,9.0,216.0,9.0,225.33,45.0,220.11,6.219999999999999,63.0,54.0,1.148281324414504,117,9.0,-18.0,0.08,218.0,
2025-03-18 07:30:34,217.0,90.0,223.0,15.0,216.0,15.0,225.0,75.0,220.0,6.0,105.0,90.0,0.9151338699879432,195,15.0,78.0,0.08,218.0,
2025-03-18 07:30:35,217.0,54.0,222.44,9.0,216.0,9.0,225.0,45.0,219.72,5.439999999999998,63.0,54.0,0.8329645850809936,117,9.0,-78.0,0.08,218.0,
2025-03-18 07:30:36,217.0,29.0,221.18,11.0,216.0,9.0,224.46,35.0,219.09,4.180000000000007,38.0,46.0,0.674114233642341,84,-8.0,-33.0,-0.1,217.0,5.0
2025-03-18 07:30:37,214.33,9.0,220.0,9.0,210.93,60.0,221.0,27.0,217.17,5.669999999999988,69.0,36.0,1.2113917615698573,105,33.0,21.0,0.31,215.0,5.0
2025-03-18 07:30:38,214.84,38.0,218.59,32.0,211.35,68.0,218.75,24.0,216.72,3.75,106.0,56.0,1.501316089302782,162,50.0,57.0,0.31,215.0,
2025-03-18 07:30:39,214.89,36.0,227.48,84.0,211.5,48.0,222.8,20.0,221.18,12.590000000000003,84.0,104.0,1.8422350555776976,188,-20.0,26.0,-0.11,216.38,8.0
2025-03-18 07:30:40,211.0,130.0,225.89,106.0,210.0,13.0,227.65,34.0,218.44,14.889999999999986,143.0,140.0,1.7656018803794375,283,3.0,95.0,0.01,216.38,
2025-03-18 07:30:41,211.0,86.0,226.0,45.0,210.0,9.0,227.0,45.0,218.5,15.0,95.0,90.0,1.7374751796786692,185,5.0,-98.0,0.03,212.5,8.0
2025-03-18 07:30:42,211.0,60.0,218.24,34.0,210.0,10.0,225.0,50.0,214.62,7.240000000000009,70.0,84.0,2.426956942345601,154,-14.0,-31.0,-0.09,212.5,
2025-03-18 07:30:43,215.0,70.0,222.58,57.0,210.79,38.0,225.31,67.0,218.79,7.5800000000000125,108.0,124.0,2.352462539552844,232,-16.0,78.0,-0.07,212.5,
2025-03-18 07:30:44,218.0,60.0,220.0,65.0,210.0,15.0,222.81,73.0,219.0,2.0,75.0,138.0,1.8308194886442275,213,-63.0,-19.0,-0.3,215.29,7.0
2025-03-18 07:30:45,201.8,60.0,217.29,70.0,200.79,76.0,222.21,70.0,209.54,15.48999999999998,136.0,140.0,4.081347816591956,276,-4.0,63.0,-0.01,215.29,
2025-03-18 07:30:46,203.43,56.0,216.33,75.0,201.51,78.0,219.0,75.0,209.88,12.900000000000006,134.0,150.0,4.596866323921152,284,-16.0,8.0,-0.06,215.29,
2025-03-18 07:30:47,206.9,42.0,215.5,80.0,206.11,36.0,217.19,53.0,211.2,8.599999999999994,78.0,133.0,4.79959581631626,211,-55.0,-73.0,-0.26,215.29,
2025-03-18 07:30:48,209.9,42.0,214.16,97.0,207.0,84.0,216.46,65.0,212.03,4.259999999999991,126.0,162.0,3.861424607576968,288,-36.0,77.0,-0.12,213.0,5.0
2025-03-18 07:30:49,211.11,27.0,218.0,164.0,207.15,79.0,380.79,67.0,214.56,6.889999999999986,106.0,231.0,2.011447240173412,337,-125.0,49.0,-0.37,217.0,7.0
2025-03-18 07:30:50,213.84,19.0,217.52,84.0,212.26,19.0,319.74,68.0,215.68,3.680000000000007,38.0,152.0,2.397227565334765,190,-114.0,-147.0,-0.6,217.0,
2025-03-18 07:30:51,215.0,11.0,216.57,53.0,210.18,17.0,218.36,44.0,215.78,1.5699999999999932,28.0,97.0,2.1161757961002285,125,-69.0,-65.0,-0.55,216.0,1.0
2025-03-18 07:30:52,210.29,51.0,218.0,36.0,208.09,44.0,319.69,26.0,214.15,7.710000000000008,95.0,62.0,1.5198519664757566,157,33.0,32.0,0.21,215.0,1.0
2025-03-18 07:30:53,210.0,48.0,219.0,24.0,207.0,24.0,407.0,13.0,214.5,9.0,72.0,37.0,0.7441639604281077,109,35.0,-48.0,0.32,215.0,
2025-03-18 07:30:54,210.53,68.0,219.0,52.0,209.45,88.0,336.96,26.0,214.76,8.469999999999999,156.0,78.0,0.7241408702732042,234,78.0,125.0,0.33,215.0,
2025-03-18 07:30:55,211.0,48.0,218.0,36.0,210.0,96.0,219.67,48.0,214.5,7.0,144.0,84.0,0.6215464584406423,228,60.0,-6.0,0.26,215.0,
2025-03-18 07:30:56,211.0,28.0,217.0,21.0,210.0,56.0,220.0,28.0,214.0,6.0,84.0,49.0,0.304335341359171,133,35.0,-95.0,0.26,215.0,
2025-03-18 07:30:57,211.0,40.0,217.0,30.0,210.0,80.0,219.0,40.0,214.0,6.0,120.0,70.0,0.3384080377299163,190,50.0,57.0,0.26,215.0,
2025-03-18 07:30:58,210.4,81.0,215.6,45.0,208.02,106.0,218.07,60.0,213.0,5.199999999999989,187.0,105.0,0.6734389356135378,292,82.0,102.0,0.28,210.8,5.0
2025-03-18 07:30:59,210.0,70.0,214.88,24.0,205.0,60.0,217.63,19.0,212.44,4.879999999999996,130.0,43.0,0.8418550944197154,173,87.0,-119.0,0.5,214.0,3.0
2025-03-18 07:31:00,210.0,71.0,217.08,25.0,205.0,78.0,218.71,34.0,213.54,7.0800000000000125,149.0,59.0,0.6747443960497026,208,90.0,35.0,0.43,210.0,2.0
2025-03-18 07:31:01,207.16,95.0,217.0,45.0,204.41,85.0,218.0,15.0,212.08,9.840000000000003,180.0,60.0,0.7827643323507789,240,120.0,32.0,0.5,210.0,
2025-03-18 07:31:02,207.92,95.0,216.13,45.0,205.93,60.0,218.0,27.0,212.02,8.210000000000008,155.0,72.0,0.6470548662985516,227,83.0,-13.0,0.37,210.0,
2025-03-18 07:31:03,212.13,31.0,215.0,39.0,210.61,18.0,218.0,65.0,213.56,2.8700000000000045,49.0,104.0,0.7674112326521018,153,-55.0,-74.0,-0.36,210.0,
2025-03-18 07:31:04,205.32,47.0,214.56,36.0,202.71,56.0,217.87,91.0,209.94,9.240000000000007,103.0,127.0,1.482875584801603,230,-24.0,77.0,-0.1,211.17,6.0
2025-03-18 07:31:05,201.48,58.0,215.0,24.0,200.62,52.0,217.15,52.0,208.24,13.52000000000001,110.0,76.0,2.0832954663227365,186,34.0,-44.0,0.18,211.17,
2025-03-18 07:31:06,201.0,90.0,214.55,29.0,199.0,30.0,216.2,60.0,207.78,13.550000000000011,120.0,89.0,2.4652220995279537,209,31.0,23.0,0.15,214.0,1.0
2025-03-18 07:31:07,201.0,72.0,213.04,28.0,199.0,24.0,214.74,50.0,207.02,12.039999999999992,96.0,78.0,2.607167044897813,174,18.0,-35.0,0.1,214.0,
2025-03-18 07:31:08,202.0,120.0,211.95,38.0,199.26,92.0,212.87,45.0,206.97,9.949999999999989,212.0,83.0,1.213507313534382,295,129.0,121.0,0.44,214.0,
2025-03-18 07:31:09,202.04,162.0,206.09,22.0,200.25,48.0,210.29,38.0,204.06,4.050000000000011,210.0,60.0,1.6292574995996296,270,150.0,-25.0,0.56,203.0,2.0
2025-03-18 07:31:10,205.0,28.0,209.18,34.0,200.77,156.0,210.5,36.0,207.09,4.180000000000007,184.0,70.0,1.448802954166533,254,114.0,-16.0,0.45,207.33,3.0
2025-03-18 07:31:11,205.29,28.0,209.0,36.0,200.17,116.0,210.0,12.0,207.14,3.710000000000008,144.0,48.0,1.340980984205853,192,96.0,-62.0,0.5,207.33,
2025-03-18 07:31:12,207.53,43.0,209.18,22.0,203.19,42.0,210.74,23.0,208.36,1.6500000000000057,85.0,45.0,1.5922405597150389,130,40.0,-62.0,0.31,208.5,6.0
2025-03-18 07:31:13,208.0,48.0,210.89,36.0,199.14,144.0,211.6,40.0,209.44,2.8899999999999864,192.0,76.0,2.0147506049140604,268,116.0,138.0,0.43,210.83,6.0
2025-03-18 07:31:14,208.0,40.0,211.0,36.0,199.0,100.0,214.0,10.0,209.5,3.0,140.0,46.0,1.1782105075076144,186,94.0,-82.0,0.51,210.83,
2025-03-18 07:31:15,208.1,20.0,211.0,48.0,200.06,68.0,214.0,8.0,209.55,2.9000000000000057,88.0,56.0,1.05015236989745,144,32.0,-42.0,0.22,208.25,4.0
2025-03-18 07:31:16,207.25,12.0,211.0,72.0,199.0,129.0,214.0,12.0,209.12,3.75,141.0,84.0,0.4954593827965138,225,57.0,81.0,0.25,208.25,
2025-03-18 07:31:17,207.62,13.0,211.0,36.0,199.08,96.0,214.0,6.0,209.31,3.3799999999999955,109.0,42.0,0.1727136358283562,151,67.0,-74.0,0.44,208.25,
2025-03-18 07:31:18,208.0,48.0,211.0,36.0,205.0,6.0,214.0,6.0,209.5,3.0,54.0,42.0,0.1795271567230041,96,12.0,-55.0,0.12,208.25,
2025-03-18 07:31:19,208.33,72.0,211.0,36.0,205.0,9.0,255.0,27.0,209.67,2.6699999999999875,81.0,63.0,0.2164486082215163,144,18.0,48.0,0.12,211.0,3.0
2025-03-18 07:31:20,210.0,80.0,211.0,30.0,205.0,10.0,214.0,50.0,210.5,1.0,90.0,80.0,0.5332447843166986,170,10.0,26.0,0.06,211.0,
2025-03-18 07:31:21,199.27,89.0,213.35,37.0,196.38,126.0,264.96,26.0,206.31,14.079999999999984,215.0,63.0,1.6018957519143222,278,152.0,108.0,0.55,209.5,4.0
2025-03-18 07:31:22,202.62,123.0,210.68,28.0,198.64,98.0,216.67,46.0,206.65,8.060000000000002,221.0,74.0,1.909458038292892,295,147.0,17.0,0.5,209.57,7.0
2025-03-18 07:31:23,211.1,63.0,214.44,43.0,205.71,70.0,250.74,53.0,212.77,3.3400000000000034,133.0,96.0,2.7160817366200725,229,37.0,-66.0,0.16,211.5,2.0
2025-03-18 07:31:24,213.64,44.0,215.0,55.0,210.0,55.0,369.83,24.0,214.32,1.3600000000000136,99.0,79.0,3.5834131774051383,178,20.0,-51.0,0.11,211.5,
2025-03-18 07:31:25,210.33,49.0,415.34,32.0,204.73,41.0,526.68,28.0,312.84,205.01,90.0,60.0,46.12474682857341,150,30.0,-28.0,0.2,215.0,4.0
2025-03-18 07:31:26,210.0,45.0,246.53,34.0,204.0,36.0,299.0,19.0,228.26,36.53,81.0,53.0,44.24377323420768,134,28.0,-16.0,0.21,215.0,
2025-03-18 07:31:27,214.82,51.0,348.84,49.0,209.55,42.0,461.51,37.0,281.83,134.01999999999998,93.0,86.0,44.98271145673621,179,7.0,45.0,0.04,215.0,
2025-03-18 07:31:28,217.57,37.0,383.57,46.0,216.67,36.0,517.94,17.0,300.57,166.0,73.0,63.0,43.93904562004028,136,10.0,-43.0,0.07,217.6,5.0
2025-03-18 07:31:29,217.0,24.0,220.0,50.0,215.5,20.0,359.56,27.0,218.5,3.0,44.0,77.0,42.69489723608643,121,-33.0,-15.0,-0.27,217.0,2.0
2025-03-18 07:31:30,217.0,16.0,282.77,26.0,216.0,16.0,350.61,38.0,249.88,65.76999999999998,32.0,64.0,34.88087398560974,96,-32.0,-25.0,-0.33,217.0,
2025-03-18 07:31:31,217.0,20.0,342.0,30.0,216.0,20.0,444.0,50.0,279.5,125.0,40.0,80.0,32.187002501009346,120,-40.0,24.0,-0.33,217.0,
2025-03-18 07:31:32,217.0,20.0,284.65,34.0,216.0,20.0,465.67,30.0,250.82,67.64999999999998,40.0,64.0,31.36480958016459,104,-24.0,-16.0,-0.23,217.0,
2025-03-18 07:31:33,217.0,8.0,372.0,4.0,216.0,8.0,402.0,12.0,294.5,155.0,16.0,16.0,29.45415420615545,32,0.0,-72.0,0.0,217.0,
2025-03-18 07:31:34,216.59,17.0,365.18,22.0,215.42,24.0,423.74,46.0,290.89,148.59,41.0,68.0,21.51144625542363,109,-27.0,77.0,-0.25,216.67,3.0
2025-03-18 07:31:35,211.86,29.0,296.07,55.0,213.73,22.0,448.55,49.0,253.97,84.20999999999998,51.0,104.0,20.45889122117763,155,-53.0,46.0,-0.34,214.25,4.0
2025-03-18 07:31:36,210.0,69.0,274.1,67.0,208.0,15.0,334.66,41.0,242.05,64.10000000000002,84.0,108.0,24.39017896613272,192,-24.0,37.0,-0.12,210.0,1.0
2025-03-18 07:31:37,210.0,16.0,272.3,50.0,208.0,10.0,281.7,37.0,241.15,62.30000000000001,26.0,87.0,26.251367964355367,113,-61.0,-79.0,-0.54,210.0,3.0
2025-03-18 07:31:38,209.5,8.0,269.88,40.0,207.5,8.0,277.0,32.0,239.69,60.38,16.0,72.0,21.636552405593367,88,-56.0,-25.0,-0.64,210.0,1.0
2025-03-18 07:31:39,208.0,8.0,265.79,38.0,206.0,8.0,275.48,33.0,236.89,57.79000000000002,16.0,71.0,6.569657525319971,87,-55.0,-1.0,-0.63,210.0,
2025-03-18 07:31:40,210.0,16.0,265.19,54.0,206.18,22.0,270.89,54.0,237.59,55.19,38.0,108.0,2.220243229917559,146,-70.0,59.0,-0.48,210.0,
2025-03-18 07:31:41,210.0,24.0,264.0,40.0,207.64,22.0,266.0,50.0,237.0,54.0,46.0,90.0,1.877652790053375,136,-44.0,-10.0,-0.32,212.0,2.0
2025-03-18 07:31:42,208.0,39.0,263.48,58.0,206.0,247.0,265.19,59.0,235.74,55.48000000000002,286.0,117.0,1.4538122299649785,403,169.0,163.0,0.42,212.0,
2025-03-18 07:31:43,208.71,51.0,260.69,68.0,206.44,122.0,262.6,58.0,234.7,51.97999999999999,173.0,126.0,1.1554782559599632,299,47.0,-104.0,0.16,212.0,
2025-03-18 07:31:44,209.35,52.0,243.37,67.0,208.09,46.0,247.12,68.0,226.36,34.02000000000001,98.0,135.0,4.565875600582804,233,-37.0,-66.0,-0.16,213.5,4.0
2025-03-18 07:31:45,209.64,22.0,241.42,62.0,208.67,36.0,242.38,64.0,225.53,31.78,58.0,126.0,5.473991231267974,184,-68.0,-49.0,-0.37,213.5,
2025-03-18 07:31:46,212.9,20.0,239.33,42.0,211.0,10.0,241.13,46.0,226.12,26.430000000000007,30.0,88.0,5.070552238168919,118,-58.0,-66.0,-0.49,213.5,
2025-03-18 07:31:47,212.6,25.0,236.0,49.0,209.83,30.0,237.93,72.0,224.3,23.40000000000001,55.0,121.0,4.156828117687947,176,-66.0,58.0,-0.38,213.0,2.0
2025-03-18 07:31:48,211.86,21.0,232.94,53.0,209.5,18.0,233.98,46.0,222.4,21.079999999999984,39.0,99.0,1.6292697750841127,138,-60.0,-38.0,-0.43,213.0,
2025-03-18 07:31:49,213.47,30.0,230.37,43.0,211.23,26.0,231.62,52.0,221.92,16.900000000000006,56.0,95.0,1.8572237345035072,151,-39.0,13.0,-0.26,213.0,
2025-03-18 07:31:50,215.39,92.0,227.92,49.0,212.2,40.0,228.82,51.0,221.65,12.53,132.0,100.0,1.896502043237388,232,32.0,81.0,0.14,213.0,
2025-03-18 07:31:52,216.57,56.0,220.23,47.0,215.6,40.0,221.21,47.0,218.4,3.6599999999999966,96.0,94.0,1.6063841383693531,190,2.0,-113.0,0.01,220.0,2.0
2025-03-18 07:31:53,214.81,64.0,216.92,50.0,213.83,78.0,218.38,45.0,215.87,2.109999999999985,142.0,95.0,2.698531081904616,237,47.0,47.0,0.2,215.4,10.0
2025-03-18 07:31:54,213.31,35.0,215.29,21.0,210.79,19.0,216.5,24.0,214.3,1.9799999999999895,54.0,45.0,3.3589537061421413,99,9.0,-138.0,0.09,213.7,10.0
2025-03-18 07:31:55,211.0,16.0,214.0,32.0,210.0,8.0,216.0,16.0,212.5,3.0,24.0,48.0,3.626178429146431,72,-24.0,-27.0,-0.33,213.7,
2025-03-18 07:31:56,210.0,11.0,213.56,36.0,207.71,17.0,216.0,18.0,211.78,3.5600000000000023,28.0,54.0,2.6693070261788368,82,-26.0,10.0,-0.32,210.67,3.0
2025-03-18 07:31:57,209.0,4.0,211.86,14.0,207.0,12.0,214.4,10.0,210.43,2.8600000000000136,16.0,24.0,2.1370142722987016,40,-8.0,-42.0,-0.2,210.67,
2025-03-18 07:31:58,207.94,17.0,211.0,22.0,202.8,45.0,212.0,44.0,209.47,3.0600000000000023,62.0,66.0,1.8703021146352004,128,-4.0,88.0,-0.03,210.67,
2025-03-18 07:31:59,206.38,39.0,210.0,104.0,198.81,93.0,297.69,35.0,208.19,3.620000000000005,132.0,139.0,1.7347132327878871,271,-7.0,143.0,-0.03,209.0,1.0
2025-03-18 07:32:00,206.0,33.0,209.93,54.0,141.73,37.0,238.76,34.0,207.96,3.930000000000007,70.0,88.0,1.5913924720224628,158,-18.0,-113.0,-0.11,210.0,3.0
2025-03-18 07:32:01,207.0,20.0,209.0,10.0,205.8,30.0,211.2,40.0,208.0,2.0,50.0,50.0,1.0980664825091833,100,0.0,-58.0,0.0,210.0,
2025-03-18 07:32:02,205.29,41.0,208.5,14.0,123.39,31.0,211.88,50.0,206.9,3.210000000000008,72.0,64.0,0.9157674377320738,136,8.0,36.0,0.06,208.0,1.0
2025-03-18 07:32:03,206.67,36.0,211.64,22.0,203.22,27.0,239.0,28.0,209.15,4.969999999999999,63.0,50.0,0.8003436761856709,113,13.0,-23.0,0.12,208.0,1.0
2025-03-18 07:32:04,207.34,53.0,211.86,43.0,203.47,43.0,215.27,41.0,209.6,4.52000000000001,96.0,84.0,1.0695419580410506,180,12.0,67.0,0.07,208.0,
2025-03-18 07:32:05,210.0,70.0,213.2,10.0,209.0,10.0,217.41,22.0,211.6,3.1999999999999886,80.0,32.0,1.770593120965401,112,48.0,-68.0,0.43,208.0,
2025-03-18 07:32:06,210.31,51.0,212.67,9.0,209.85,33.0,215.92,13.0,211.49,2.359999999999985,84.0,22.0,1.9335899255037845,106,62.0,-6.0,0.58,212.0,1.0
2025-03-18 07:32:07,210.0,35.0,215.4,5.0,209.0,5.0,240.5,16.0,212.7,5.400000000000006,40.0,21.0,1.4857893525023178,61,19.0,-45.0,0.31,216.33,3.0
2025-03-18 07:32:08,210.38,56.0,216.54,13.0,209.91,54.0,302.75,12.0,213.46,6.159999999999997,110.0,25.0,1.4609243649172718,135,85.0,74.0,0.63,216.33,
2025-03-18 07:32:09,210.5,42.0,215.9,20.0,209.94,52.0,219.67,15.0,213.2,5.400000000000006,94.0,35.0,0.9057041459597294,129,59.0,-6.0,0.46,211.0,3.0
2025-03-18 07:32:10,212.81,47.0,215.0,48.0,209.59,17.0,221.0,24.0,213.9,2.1899999999999977,64.0,72.0,0.9245539465106724,136,-8.0,7.0,-0.06,210.0,5.0
2025-03-18 07:32:11,214.0,36.0,215.0,40.0,210.0,16.0,295.0,20.0,214.5,1.0,52.0,60.0,0.6852152946397414,112,-8.0,-24.0,-0.07,214.0,1.0
2025-03-18 07:32:12,210.0,18.0,214.86,21.0,207.0,9.0,353.91,33.0,212.43,4.860000000000014,27.0,54.0,0.7740284232560455,81,-27.0,-31.0,-0.33,214.0,
2025-03-18 07:32:13,209.87,23.0,213.25,12.0,204.81,16.0,215.0,36.0,211.56,3.3799999999999955,39.0,48.0,1.1649978540788777,87,-9.0,6.0,-0.1,210.0,2.0
2025-03-18 07:32:14,207.0,9.0,212.22,9.0,200.0,45.0,216.11,27.0,209.61,5.219999999999999,54.0,36.0,1.946188582848189,90,18.0,3.0,0.2,210.0,
2025-03-18 07:32:15,204.26,43.0,215.32,37.0,198.35,68.0,237.1,49.0,209.79,11.060000000000002,111.0,86.0,2.020784501130425,197,25.0,107.0,0.13,209.75,4.0
2025-03-18 07:32:16,213.0,40.0,217.0,36.0,209.05,57.0,330.81,31.0,215.0,4.0,97.0,67.0,2.2054636700723225,164,30.0,-33.0,0.18,209.75,
2025-03-18 07:32:17,214.0,29.0,215.44,27.0,209.64,59.0,261.85,26.0,214.72,1.4399999999999975,88.0,53.0,2.6026774675339017,141,35.0,-23.0,0.25,214.67,3.0
2025-03-18 07:32:18,214.0,16.0,215.0,8.0,211.0,24.0,363.0,16.0,214.5,1.0,40.0,24.0,2.766935127538853,64,16.0,-77.0,0.25,214.67,
2025-03-18 07:32:19,211.0,15.0,213.91,11.0,207.0,25.0,299.57,7.0,212.45,2.9099999999999966,40.0,18.0,2.201628942398843,58,22.0,-6.0,0.38,214.0,2.0
2025-03-18 07:32:20,211.0,33.0,213.0,57.0,203.18,55.0,215.0,11.0,212.0,2.0,88.0,68.0,1.3979556502293171,156,20.0,98.0,0.13,214.0,
2025-03-18 07:32:21,205.21,19.0,213.62,29.0,198.11,37.0,287.2,10.0,209.42,8.409999999999997,56.0,39.0,2.156251376813126,95,17.0,-61.0,0.18,212.0,6.0
2025-03-18 07:32:22,200.0,40.0,212.71,28.0,189.0,16.0,215.0,8.0,206.36,12.710000000000008,56.0,36.0,3.137033630678678,92,20.0,-3.0,0.22,212.0,2.0
2025-03-18 07:32:23,200.0,60.0,211.42,24.0,197.0,36.0,214.75,12.0,205.71,11.419999999999987,96.0,36.0,3.110300628558216,132,60.0,40.0,0.45,212.0,
2025-03-18 07:32:24,202.57,42.0,401.44,18.0,196.11,28.0,562.38,16.0,302.01,198.87,70.0,34.0,41.9516990120782,104,36.0,-28.0,0.35,213.5,4.0
2025-03-18 07:32:26,214.21,19.0,312.42,24.0,209.15,27.0,495.26,19.0,263.31,98.21,46.0,43.0,79.5172878687395,89,3.0,-6.0,0.03,213.5,
2025-03-18 07:32:29,218.0,10.0,409.5,16.0,214.0,80.0,488.43,14.0,313.75,191.5,90.0,30.0,55.79862229481982,120,60.0,30.0,0.5,213.5,
2025-03-18 07:32:30,214.08,51.0,238.95,42.0,211.55,22.0,350.35,26.0,226.52,24.869999999999976,73.0,68.0,66.09273220256503,141,5.0,21.0,0.04,215.0,4.0
2025-03-18 07:32:31,218.75,24.0,236.6,80.0,213.94,97.0,395.52,33.0,227.68,17.849999999999994,121.0,113.0,73.786780862157,234,8.0,93.0,0.03,215.0,
2025-03-18 07:32:32,215.65,46.0,236.0,48.0,213.86,42.0,326.5,34.0,225.83,20.349999999999994,88.0,82.0,73.66264338183899,170,6.0,-64.0,0.04,220.0,1.0
2025-03-18 07:32:33,215.0,114.0,235.3,60.0,211.0,28.0,237.62,32.0,225.15,20.30000000000001,142.0,92.0,39.12223702704126,234,50.0,64.0,0.21,215.0,5.0
2025-03-18 07:32:34,215.0,50.0,229.31,49.0,211.0,20.0,230.51,47.0,222.15,14.310000000000002,70.0,96.0,2.076109342015714,166,-26.0,-68.0,-0.16,215.0,
2025-03-18 07:32:35,215.0,54.0,224.29,58.0,214.0,65.0,225.23,64.0,219.65,9.289999999999992,119.0,122.0,3.1826278450370884,241,-3.0,75.0,-0.01,215.0,1.0
2025-03-18 07:32:36,215.88,56.0,222.0,44.0,214.26,27.0,223.0,55.0,218.94,6.1200000000000045,83.0,99.0,3.118826702464581,182,-16.0,-59.0,-0.09,215.0,3.0
2025-03-18 07:32:37,216.0,89.0,220.97,58.0,214.05,58.0,222.76,68.0,218.48,4.969999999999999,147.0,126.0,2.778584171841241,273,21.0,91.0,0.08,216.0,1.0
2025-03-18 07:32:38,216.47,68.0,218.64,56.0,214.0,65.0,219.74,61.0,217.56,2.1699999999999875,133.0,117.0,1.7362977855216213,250,16.0,-23.0,0.06,217.0,5.0
2025-03-18 07:32:39,214.32,56.0,217.81,74.0,212.37,67.0,218.78,64.0,216.07,3.490000000000009,123.0,138.0,1.383564237759769,261,-15.0,11.0,-0.06,217.0,1.0
2025-03-18 07:32:40,214.26,42.0,215.95,74.0,211.62,48.0,218.33,48.0,215.1,1.6899999999999975,90.0,122.0,1.618486947741045,212,-32.0,-49.0,-0.15,214.57,7.0
2025-03-18 07:32:41,211.78,23.0,217.29,56.0,210.31,58.0,271.0,48.0,214.53,5.509999999999991,81.0,104.0,1.6548625320577184,185,-23.0,-27.0,-0.12,212.5,2.0
2025-03-18 07:32:42,211.0,18.0,289.35,31.0,210.0,45.0,332.77,26.0,250.18,78.35000000000002,63.0,57.0,15.41131954116863,120,6.0,-65.0,0.05,219.0,4.0
2025-03-18 07:32:43,211.0,83.0,220.97,38.0,208.0,48.0,227.33,58.0,215.99,9.97,131.0,96.0,15.557224366833765,227,35.0,107.0,0.15,219.0,
2025-03-18 07:32:44,211.93,43.0,219.2,41.0,210.96,83.0,221.4,63.0,215.56,7.269999999999982,126.0,104.0,15.610469884023551,230,22.0,3.0,0.1,218.0,3.0
2025-03-18 07:32:45,217.52,31.0,219.0,45.0,211.89,18.0,231.0,27.0,218.26,1.4799999999999898,49.0,72.0,15.308563943100804,121,-23.0,-109.0,-0.19,218.0,2.0
2025-03-18 07:32:46,218.0,48.0,219.0,40.0,212.43,14.0,274.68,19.0,218.5,1.0,62.0,59.0,14.862096756514733,121,3.0,0.0,0.02,218.0,
2025-03-18 07:32:47,218.0,48.0,219.0,40.0,211.0,24.0,308.0,16.0,218.5,1.0,72.0,56.0,1.4599726024853756,128,16.0,7.0,0.12,218.0,
2025-03-18 07:32:48,218.0,30.0,219.0,45.0,214.12,32.0,300.33,18.0,218.5,1.0,62.0,63.0,1.2921609806861405,125,-1.0,-3.0,-0.01,218.0,3.0
2025-03-18 07:32:49,218.0,18.0,219.0,30.0,216.78,36.0,287.0,12.0,218.5,1.0,54.0,42.0,0.1073312629554017,96,12.0,-29.0,0.12,218.0,
2025-03-18 07:32:50,218.0,18.0,219.0,30.0,217.0,42.0,293.33,12.0,218.5,1.0,60.0,42.0,0.0,102,18.0,6.0,0.18,218.0,
2025-03-18 07:32:51,218.0,21.0,219.0,35.0,217.0,49.0,324.0,14.0,218.5,1.0,70.0,49.0,0.0,119,21.0,17.0,0.18,218.0,
2025-03-18 07:32:52,217.1,62.0,218.79,38.0,216.3,46.0,255.55,31.0,217.94,1.6899999999999975,108.0,69.0,0.2504396134951901,177,39.0,58.0,0.22,218.0,3.0
2025-03-18 07:32:53,217.0,30.0,219.09,22.0,216.0,40.0,221.29,42.0,218.05,2.0900000000000034,70.0,64.0,0.2793206043378213,134,6.0,-43.0,0.04,217.0,6.0
2025-03-18 07:32:54,216.05,38.0,217.36,11.0,214.94,17.0,220.0,55.0,216.71,1.3100000000000025,55.0,66.0,0.7335189159167894,121,-11.0,-13.0,-0.09,217.0,1.0
2025-03-18 07:32:55,214.67,12.0,216.89,9.0,211.12,25.0,220.0,45.0,215.78,2.219999999999999,37.0,54.0,1.1207720553296638,91,-17.0,-30.0,-0.19,216.0,4.0
2025-03-18 07:32:56,213.18,11.0,216.0,9.0,210.69,35.0,220.0,45.0,214.59,2.819999999999993,46.0,54.0,1.4681382768690625,100,-8.0,9.0,-0.08,214.0,1.0
2025-03-18 07:32:57,212.53,47.0,215.58,12.0,210.77,48.0,220.0,60.0,214.06,3.050000000000012,95.0,72.0,1.6105495956375349,167,23.0,67.0,0.14,214.0,
2025-03-18 07:32:58,211.6,40.0,220.3,20.0,210.68,22.0,245.17,30.0,215.95,8.700000000000017,62.0,50.0,1.0739040925558894,112,12.0,-55.0,0.11,214.62,8.0
2025-03-18 07:32:59,211.0,32.0,223.0,21.0,210.0,7.0,283.91,11.0,217.0,12.0,39.0,32.0,1.1650879795141122,71,7.0,-41.0,0.1,214.62,
2025-03-18 07:33:00,211.0,22.0,215.42,19.0,210.0,9.0,226.38,26.0,213.21,4.419999999999988,31.0,45.0,1.51253760284111,76,-14.0,5.0,-0.18,214.62,
2025-03-18 07:33:01,211.0,16.0,213.25,16.0,210.0,8.0,219.4,20.0,212.12,2.25,24.0,36.0,1.991825795597694,60,-12.0,-16.0,-0.2,214.62,
2025-03-18 07:33:02,210.84,19.0,212.55,22.0,208.42,38.0,215.26,19.0,211.69,1.710000000000008,57.0,41.0,2.360980728428004,98,16.0,38.0,0.16,211.0,2.0
2025-03-18 07:33:03,208.31,32.0,214.75,16.0,207.94,53.0,270.14,14.0,211.53,6.439999999999998,85.0,30.0,2.2712881807486527,115,55.0,17.0,0.48,209.0,2.0
2025-03-18 07:33:04,208.0,56.0,215.0,14.0,207.0,7.0,243.06,17.0,211.5,7.0,63.0,31.0,0.7150174823097913,94,32.0,-21.0,0.34,208.0,6.0
2025-03-18 07:33:05,208.62,48.0,212.25,24.0,207.75,24.0,218.38,26.0,210.44,3.629999999999996,72.0,50.0,0.6195401520552941,122,22.0,28.0,0.18,208.0,
2025-03-18 07:33:06,208.54,59.0,211.41,17.0,206.18,33.0,212.64,22.0,209.98,2.8700000000000045,92.0,39.0,0.7676392381898854,131,53.0,9.0,0.4,210.0,1.0
2025-03-18 07:33:07,206.67,36.0,215.0,20.0,205.6,30.0,216.0,10.0,210.83,8.330000000000013,66.0,30.0,0.6727035008150102,96,36.0,-35.0,0.38,210.0,
2025-03-18 07:33:08,208.79,76.0,214.47,38.0,206.96,75.0,215.31,29.0,211.63,5.680000000000007,151.0,67.0,0.6987345704978178,218,84.0,122.0,0.39,210.0,
2025-03-18 07:33:09,209.0,60.0,214.27,30.0,206.82,39.0,215.39,23.0,211.63,5.27000000000001,99.0,53.0,0.7294998286557512,152,46.0,-66.0,0.3,212.0,2.0
2025-03-18 07:33:10,207.42,52.0,216.12,32.0,206.87,30.0,219.16,25.0,211.77,8.700000000000017,82.0,57.0,0.7607364852619903,139,25.0,-13.0,0.18,212.0,
2025-03-18 07:33:11,211.92,48.0,217.0,36.0,208.0,24.0,220.0,36.0,214.46,5.0800000000000125,72.0,72.0,1.3898489126551743,144,0.0,5.0,0.0,212.0,
2025-03-18 07:33:12,213.73,60.0,217.0,45.0,209.4,30.0,220.0,45.0,215.37,3.2700000000000102,90.0,90.0,1.803557595423218,180,0.0,36.0,0.0,212.0,
2025-03-18 07:33:13,215.14,42.0,218.12,24.0,210.6,30.0,260.47,32.0,216.63,2.980000000000018,72.0,56.0,2.2131018955323216,128,16.0,-52.0,0.12,217.0,3.0
2025-03-18 07:33:14,218.0,72.0,220.0,36.0,215.0,48.0,510.0,24.0,219.0,2.0,120.0,60.0,2.6703801227556982,180,60.0,52.0,0.33,217.0,
2025-03-18 07:33:15,218.0,36.0,220.0,18.0,215.0,24.0,437.67,9.0,219.0,2.0,60.0,27.0,2.0728651668665643,87,33.0,-93.0,0.38,217.0,
2025-03-18 07:33:16,218.0,60.0,220.0,30.0,215.6,50.0,432.84,19.0,219.0,2.0,110.0,49.0,1.702483480098635,159,61.0,72.0,0.38,217.0,
2025-03-18 07:33:17,218.0,48.0,220.0,24.0,216.0,48.0,338.12,16.0,219.0,2.0,96.0,40.0,1.0598962213390213,136,56.0,-23.0,0.41,217.0,
2025-03-18 07:33:18,218.0,40.0,220.0,27.0,216.0,54.0,496.71,14.0,219.0,2.0,94.0,41.0,0.0,135,53.0,-1.0,0.39,218.0,2.0
2025-03-18 07:33:19,218.0,33.0,220.0,33.0,216.0,66.0,310.72,29.0,219.0,2.0,99.0,62.0,0.0,161,37.0,26.0,0.23,218.0,1.0
2025-03-18 07:33:20,218.0,27.0,220.0,27.0,216.0,54.0,360.91,23.0,219.0,2.0,81.0,50.0,0.0,131,31.0,-30.0,0.24,218.0,3.0
2025-03-18 07:33:21,216.0,60.0,220.0,30.0,215.0,40.0,313.25,20.0,218.0,4.0,100.0,50.0,0.4472135955097155,150,50.0,19.0,0.33,218.0,
2025-03-18 07:33:22,216.43,74.0,386.17,36.0,215.35,68.0,497.43,23.0,301.3,169.74,142.0,59.0,36.92002166846614,201,83.0,51.0,0.41,220.0,3.0
2025-03-18 07:33:25,216.35,52.0,293.09,57.0,215.21,66.0,303.62,71.0,254.72,76.73999999999998,118.0,128.0,42.04092625050035,246,-10.0,131.0,-0.04,217.11,9.0
2025-03-18 07:33:28,215.46,39.0,238.33,60.0,214.29,21.0,371.83,29.0,226.9,22.870000000000005,60.0,89.0,18.659306525163505,149,-29.0,86.0,-0.19,218.5,2.0
2025-03-18 07:33:29,215.0,44.0,237.0,55.0,214.0,22.0,258.91,22.0,226.0,22.0,66.0,77.0,12.29813807045642,143,-11.0,-6.0,-0.08,215.0,4.0
2025-03-18 07:33:30,214.23,26.0,237.0,80.0,212.46,52.0,374.67,43.0,225.62,22.77000000000001,78.0,123.0,6.860481032698062,201,-45.0,58.0,-0.22,215.0,
2025-03-18 07:33:31,215.0,40.0,236.36,70.0,214.0,28.0,415.6,45.0,225.68,21.360000000000014,68.0,115.0,1.8390758548820412,183,-47.0,-18.0,-0.26,215.0,
2025-03-18 07:33:32,217.35,51.0,236.0,50.0,214.58,19.0,365.1,30.0,226.68,18.65000000000001,70.0,80.0,0.5840205475924317,150,-10.0,-33.0,-0.07,215.0,
2025-03-18 07:33:36,218.05,21.0,234.0,45.0,215.14,14.0,254.0,36.0,226.02,15.949999999999989,35.0,81.0,0.3552463933808761,116,-46.0,-30.0,-0.4,218.8,5.0
2025-03-18 07:33:37,215.0,7.0,234.0,35.0,214.0,14.0,375.5,20.0,224.5,19.0,21.0,55.0,0.9612907988793846,76,-34.0,-40.0,-0.45,218.8,
2025-03-18 07:33:38,215.98,81.0,234.0,55.0,215.51,43.0,439.9,40.0,224.99,18.02000000000001,124.0,95.0,0.9119320150154872,219,29.0,143.0,0.13,218.8,
2025-03-18 07:33:39,217.0,12.0,227.5,20.0,216.0,180.0,245.04,56.0,222.25,10.5,192.0,76.0,1.657820858841598,268,116.0,49.0,0.43,218.8,
2025-03-18 07:33:40,217.0,10.0,220.0,21.0,216.0,154.0,230.96,24.0,218.5,3.0,164.0,45.0,2.9927194990527357,209,119.0,-59.0,0.57,218.8,
2025-03-18 07:33:41,216.27,44.0,219.08,38.0,215.85,226.0,220.33,24.0,217.68,2.8100000000000023,270.0,62.0,3.365253333704705,332,208.0,123.0,0.63,217.0,1.0
2025-03-18 07:33:42,216.0,96.0,219.0,12.0,215.0,102.0,231.09,11.0,217.5,3.0,198.0,23.0,3.3043804260422003,221,175.0,-111.0,0.79,217.0,
2025-03-18 07:33:43,216.0,132.0,218.83,24.0,215.0,204.0,222.53,15.0,217.42,2.8300000000000125,336.0,39.0,2.0467535269325974,375,297.0,154.0,0.79,216.0,5.0
2025-03-18 07:33:44,216.0,66.0,217.38,26.0,215.0,221.0,220.0,20.0,216.69,1.3799999999999957,287.0,46.0,0.6477036359409761,333,241.0,-42.0,0.72,216.0,7.0
2025-03-18 07:33:45,216.0,30.0,218.2,15.0,215.0,153.0,358.0,12.0,217.1,2.1999999999999886,183.0,27.0,0.3900256401971436,210,156.0,-123.0,0.74,216.0,2.0
2025-03-18 07:33:46,216.0,20.0,222.69,13.0,215.0,170.0,430.16,19.0,219.35,6.689999999999998,190.0,32.0,1.0225311731243896,222,158.0,12.0,0.71,216.0,
2025-03-18 07:33:47,216.0,26.0,221.29,56.0,215.0,221.0,313.76,17.0,218.64,5.289999999999992,247.0,73.0,1.1142934981462922,320,174.0,98.0,0.54,216.0,
2025-03-18 07:33:48,216.0,18.0,220.0,36.0,215.0,153.0,222.67,9.0,218.0,4.0,171.0,45.0,1.0895549550211223,216,126.0,-104.0,0.58,216.0,
2025-03-18 07:33:49,214.7,142.0,218.72,72.0,213.08,122.0,224.61,18.0,216.71,4.02000000000001,264.0,90.0,1.0837665800397558,354,174.0,138.0,0.49,215.5,4.0
2025-03-18 07:33:50,214.04,81.0,216.71,84.0,212.52,104.0,223.52,21.0,215.38,2.670000000000016,185.0,105.0,1.5829813643916049,290,80.0,-64.0,0.28,215.83,6.0
2025-03-18 07:33:51,216.44,36.0,218.27,15.0,211.48,42.0,277.07,30.0,217.36,1.8300000000000125,78.0,45.0,1.254001594899767,123,33.0,-165.0,0.27,215.0,4.0
2025-03-18 07:33:55,218.88,25.0,220.85,13.0,215.2,30.0,223.69,13.0,219.86,1.9699999999999989,55.0,26.0,1.3548726877499586,81,29.0,46.0,0.36,218.0,3.0
2025-03-18 07:33:56,216.0,11.0,218.6,20.0,212.0,66.0,220.92,13.0,217.3,2.5999999999999943,77.0,33.0,1.3811661739308565,110,44.0,29.0,0.4,218.0,
2025-03-18 07:33:57,213.82,11.0,217.0,18.0,211.94,32.0,219.09,11.0,215.41,3.180000000000007,43.0,29.0,2.254333604418606,72,14.0,-38.0,0.19,216.0,1.0
2025-03-18 07:33:58,213.0,62.0,215.95,21.0,212.0,78.0,217.52,23.0,214.48,2.9499999999999886,140.0,44.0,2.627942160705064,184,96.0,112.0,0.52,213.0,3.0
2025-03-18 07:33:59,213.0,24.0,217.0,24.0,212.0,48.0,222.0,8.0,215.0,4.0,72.0,32.0,2.202702885096257,104,40.0,-80.0,0.38,213.0,
2025-03-18 07:34:00,214.23,39.0,218.08,39.0,212.0,78.0,220.11,27.0,216.15,3.850000000000023,117.0,66.0,1.0977112552996124,183,51.0,79.0,0.28,213.0,
2025-03-18 07:34:01,214.08,39.0,217.45,33.0,211.93,56.0,220.31,29.0,215.77,3.369999999999976,95.0,62.0,0.6516670929328039,157,33.0,-26.0,0.21,215.0,3.0
2025-03-18 07:34:02,211.83,46.0,219.46,13.0,207.87,15.0,220.43,23.0,215.64,7.6299999999999955,61.0,36.0,0.6639051137108991,97,25.0,-60.0,0.26,215.0,
2025-03-18 07:34:03,210.95,44.0,218.29,17.0,209.73,30.0,220.02,43.0,214.62,7.340000000000003,74.0,60.0,0.6162223624727312,134,14.0,37.0,0.1,215.0,
2025-03-18 07:34:04,210.47,17.0,216.97,31.0,206.14,14.0,217.77,13.0,213.72,6.5,31.0,44.0,0.993201892875531,75,-13.0,-59.0,-0.17,210.75,4.0
2025-03-18 07:34:05,211.0,36.0,214.2,25.0,210.0,9.0,216.27,11.0,212.6,3.1999999999999886,45.0,36.0,1.3361137676155046,81,9.0,6.0,0.11,210.75,
2025-03-18 07:34:06,211.4,30.0,213.31,29.0,206.78,18.0,214.18,33.0,212.36,1.9099999999999968,48.0,62.0,1.376342980514599,110,-14.0,29.0,-0.13,212.0,4.0
2025-03-18 07:34:07,210.0,15.0,212.33,30.0,204.05,132.0,214.0,45.0,211.17,2.3300000000000125,147.0,75.0,1.3233593616293404,222,72.0,112.0,0.32,212.0,
2025-03-18 07:34:08,204.52,23.0,212.8,25.0,202.17,69.0,220.38,48.0,208.66,8.280000000000001,92.0,73.0,1.9266862744132185,165,19.0,-57.0,0.12,210.0,1.0
2025-03-18 07:34:09,204.0,45.0,212.39,31.0,202.0,135.0,216.92,53.0,208.19,8.389999999999986,180.0,84.0,2.0611962546086016,264,96.0,99.0,0.36,210.0,
2025-03-18 07:34:10,204.0,51.0,209.66,41.0,200.61,89.0,210.43,21.0,206.83,5.659999999999997,140.0,62.0,2.2639721729766857,202,78.0,-62.0,0.39,208.0,2.0
2025-03-18 07:34:11,204.0,42.0,208.0,26.0,202.57,49.0,212.22,49.0,206.0,4.0,91.0,75.0,1.98399848790594,166,16.0,-36.0,0.1,208.0,
2025-03-18 07:34:12,202.71,42.0,207.61,18.0,169.85,39.0,209.5,24.0,205.16,4.900000000000006,81.0,42.0,1.4646740251719463,123,39.0,-43.0,0.32,204.0,3.0
2025-03-18 07:34:13,202.0,39.0,207.12,16.0,133.15,52.0,208.95,19.0,204.56,5.1200000000000045,91.0,35.0,1.4278200166735329,126,56.0,3.0,0.44,207.67,3.0
2025-03-18 07:34:14,202.0,24.0,208.54,13.0,87.0,32.0,209.95,22.0,205.27,6.539999999999992,56.0,35.0,0.8732868944475033,91,21.0,-35.0,0.23,209.0,1.0
2025-03-18 07:34:15,202.8,25.0,208.8,30.0,141.27,26.0,210.76,34.0,205.8,6.0,51.0,64.0,0.5681725090268028,115,-13.0,24.0,-0.11,207.5,4.0
2025-03-18 07:34:16,204.0,16.0,210.0,24.0,200.0,24.0,211.0,40.0,207.0,6.0,40.0,64.0,0.9185967559347108,104,-24.0,-11.0,-0.23,207.5,
2025-03-18 07:34:17,204.0,24.0,210.71,34.0,200.0,36.0,212.12,48.0,207.35,6.710000000000008,60.0,82.0,1.1692861069959288,142,-22.0,38.0,-0.15,210.62,8.0
2025-03-18 07:34:18,204.0,18.0,212.0,21.0,200.0,27.0,213.0,36.0,208.0,8.0,45.0,57.0,1.1242908876325524,102,-12.0,-40.0,-0.12,210.62,
2025-03-18 07:34:19,204.25,8.0,212.0,25.0,201.23,13.0,213.0,20.0,208.12,7.75,21.0,45.0,0.934655016577514,66,-24.0,-36.0,-0.36,210.62,
2025-03-18 07:34:20,207.8,40.0,212.24,78.0,206.68,44.0,216.21,58.0,210.02,4.439999999999998,84.0,136.0,1.1693245913831536,220,-52.0,154.0,-0.24,212.33,3.0
2025-03-18 07:34:21,211.3,10.0,213.0,64.0,209.06,36.0,254.79,19.0,212.15,1.6999999999999886,46.0,83.0,1.9607320061684124,129,-37.0,-91.0,-0.29,212.0,3.0
2025-03-18 07:34:22,211.33,15.0,228.43,70.0,208.19,42.0,294.13,46.0,219.88,17.099999999999994,57.0,116.0,4.909733190308074,173,-59.0,44.0,-0.34,213.0,5.0
2025-03-18 07:34:23,214.36,14.0,271.52,60.0,193.45,20.0,414.48,25.0,242.94,57.15999999999997,34.0,85.0,14.310143954552364,119,-51.0,-54.0,-0.43,217.0,2.0
2025-03-18 07:34:24,211.0,10.0,254.14,14.0,162.6,10.0,302.2,15.0,232.57,43.13999999999999,20.0,29.0,13.998348831201868,49,-9.0,-70.0,-0.18,217.0,
2025-03-18 07:34:25,211.71,28.0,213.0,13.0,207.41,41.0,443.75,16.0,212.36,1.289999999999992,69.0,29.0,13.463404101489738,98,40.0,49.0,0.41,217.0,
2025-03-18 07:34:27,212.9,29.0,432.47,17.0,208.39,31.0,447.63,19.0,322.68,219.57,60.0,36.0,68.46156052851849,96,24.0,3.0,0.25,214.0,4.0
2025-03-18 07:34:28,210.0,12.0,402.62,16.0,208.0,60.0,403.8,20.0,306.31,192.62,72.0,36.0,66.45119765662616,108,36.0,12.0,0.33,214.0,
2025-03-18 07:34:29,217.88,16.0,397.0,11.0,208.82,17.0,398.38,13.0,307.44,179.12,33.0,24.0,58.35123760469863,57,9.0,-51.0,0.16,214.0,
2025-03-18 07:34:30,215.48,21.0,311.45,11.0,208.82,17.0,394.18,11.0,263.47,95.97,38.0,22.0,39.658263577721,60,16.0,3.0,0.27,219.0,2.0
2025-03-18 07:34:31,211.49,74.0,217.59,22.0,210.84,50.0,230.27,15.0,214.54,6.099999999999994,124.0,37.0,44.11151176280402,161,87.0,101.0,0.54,213.0,3.0
2025-03-18 07:34:32,211.02,51.0,214.0,13.0,210.41,17.0,215.12,16.0,212.51,2.9799999999999898,68.0,29.0,46.70512744870738,97,39.0,-64.0,0.4,211.17,6.0
2025-03-18 07:34:33,210.87,15.0,212.46,13.0,208.82,17.0,235.69,26.0,211.66,1.5900000000000034,32.0,39.0,42.683582675309744,71,-7.0,-26.0,-0.1,212.0,1.0
2025-03-18 07:34:34,211.0,52.0,212.0,14.0,210.0,7.0,252.0,35.0,211.5,1.0,59.0,49.0,22.803123250993604,108,10.0,37.0,0.09,212.0,
2025-03-18 07:34:35,211.0,85.0,256.0,18.0,208.11,53.0,350.44,55.0,233.5,45.0,138.0,73.0,9.44582553300691,211,65.0,103.0,0.31,211.4,5.0
2025-03-18 07:34:36,211.76,37.0,360.0,9.0,209.47,49.0,595.09,22.0,285.88,148.24,86.0,31.0,32.07113031996227,117,55.0,-94.0,0.47,215.0,3.0
2025-03-18 07:34:37,215.0,2.0,360.0,2.0,211.0,12.0,552.0,10.0,287.5,145.0,14.0,12.0,38.204710704309775,26,2.0,-91.0,0.08,215.0,
2025-03-18 07:34:38,215.0,5.0,337.6,5.0,211.0,30.0,552.0,25.0,276.3,122.60000000000002,35.0,30.0,34.425840294755346,65,5.0,39.0,0.08,215.0,
2025-03-18 07:34:39,215.0,7.0,274.86,7.0,211.05,38.0,552.0,35.0,244.93,59.860000000000014,45.0,42.0,24.81448609179727,87,3.0,22.0,0.03,215.0,
2025-03-18 07:34:40,215.0,9.0,319.0,9.0,211.09,46.0,618.35,37.0,267.0,104.0,55.0,46.0,17.38290021831797,101,9.0,14.0,0.09,215.0,
2025-03-18 07:34:41,218.0,50.0,320.0,10.0,215.0,10.0,610.09,34.0,269.0,102.0,60.0,44.0,15.643611475615195,104,16.0,3.0,0.15,215.0,
2025-03-18 07:34:42,218.0,40.0,380.33,9.0,215.0,9.0,620.96,25.0,299.17,162.32999999999998,49.0,34.0,19.499306397920915,83,15.0,-21.0,0.18,218.0,1.0
2025-03-18 07:34:43,218.16,43.0,336.73,15.0,215.92,13.0,566.03,31.0,277.45,118.57000000000002,56.0,46.0,19.57993743605937,102,10.0,19.0,0.1,218.0,
2025-03-18 07:34:52,218.18,40.0,225.0,10.0,217.76,114.0,226.1,10.0,221.59,6.819999999999993,154.0,20.0,3.395678135514298,174,134.0,48.0,0.77,218.2,5.0
2025-03-18 07:34:53,218.0,143.0,221.86,21.0,215.0,39.0,223.38,13.0,219.93,3.8600000000000136,182.0,34.0,2.426221341924622,216,148.0,42.0,0.69,218.2,
2025-03-18 07:34:54,218.0,119.0,220.66,38.0,215.0,36.0,221.62,13.0,219.33,2.6599999999999966,155.0,51.0,2.190109586301785,206,104.0,-10.0,0.5,219.8,5.0
2025-03-18 07:34:55,218.0,99.0,219.0,24.0,215.0,33.0,223.0,11.0,218.5,1.0,132.0,35.0,1.8608788246447965,167,97.0,-39.0,0.58,219.8,
2025-03-18 07:34:56,218.0,68.0,219.0,18.0,215.0,30.0,222.08,38.0,218.5,1.0,98.0,56.0,1.280371039976982,154,42.0,-13.0,0.27,218.0,4.0
2025-03-18 07:34:57,218.0,38.0,219.0,9.0,215.0,27.0,264.33,45.0,218.5,1.0,65.0,54.0,0.6542705862347347,119,11.0,-35.0,0.09,218.0,1.0
2025-03-18 07:34:58,218.0,32.0,219.0,8.0,215.5,30.0,451.5,16.0,218.5,1.0,62.0,24.0,0.3711872842811851,86,38.0,-33.0,0.44,218.0,
2025-03-18 07:34:59,218.0,35.0,219.0,11.0,216.0,55.0,390.0,36.0,218.5,1.0,90.0,47.0,0.0,137,43.0,51.0,0.31,218.0,3.0
2025-03-18 07:35:00,216.23,26.0,219.0,8.0,215.5,30.0,246.0,16.0,217.62,2.7700000000000102,56.0,24.0,0.3935479640553991,80,32.0,-57.0,0.4,216.67,3.0
2025-03-18 07:35:01,215.89,28.0,217.32,34.0,214.77,44.0,231.06,18.0,216.61,1.4300000000000068,72.0,52.0,0.8384390258165749,124,20.0,44.0,0.16,216.0,3.0
2025-03-18 07:35:02,215.43,21.0,217.39,31.0,214.15,47.0,386.77,22.0,216.41,1.9599999999999795,68.0,53.0,0.998834320601954,121,15.0,-3.0,0.12,216.0,1.0
2025-03-18 07:35:03,215.0,40.0,219.55,11.0,213.0,55.0,308.5,14.0,217.27,4.550000000000011,95.0,25.0,0.8381348340287698,120,70.0,-1.0,0.58,216.0,
2025-03-18 07:35:04,215.08,61.0,218.75,16.0,212.34,58.0,219.86,14.0,216.92,3.669999999999988,119.0,30.0,0.4894180217488258,149,89.0,29.0,0.6,215.0,2.0
2025-03-18 07:35:09,218.0,66.0,221.91,33.0,217.0,11.0,226.0,55.0,219.95,3.9099999999999966,77.0,88.0,2.918578421082826,165,-11.0,-35.0,-0.07,215.0,
2025-03-18 07:35:10,218.0,60.0,220.6,30.0,217.0,10.0,228.3,50.0,219.3,2.5999999999999943,70.0,80.0,3.438935881927819,150,-10.0,-15.0,-0.07,215.0,
2025-03-18 07:35:11,216.93,29.0,218.36,28.0,214.89,109.0,228.6,68.0,217.64,1.4300000000000068,138.0,96.0,3.219375715882099,234,42.0,84.0,0.18,217.0,10.0
2025-03-18 07:35:12,215.0,63.0,218.0,18.0,211.86,58.0,228.11,45.0,216.5,3.0,121.0,63.0,1.8824983399759223,184,58.0,-50.0,0.32,217.0,
2025-03-18 07:35:13,215.0,91.0,216.31,26.0,212.0,104.0,226.77,65.0,215.65,1.3100000000000025,195.0,91.0,1.8172974440119996,286,104.0,102.0,0.36,217.0,
2025-03-18 07:35:14,217.53,38.0,221.56,27.0,212.2,60.0,226.45,33.0,219.54,4.030000000000001,98.0,60.0,1.70208107915357,158,38.0,-128.0,0.24,215.29,7.0
2025-03-18 07:35:22,218.55,22.0,222.5,40.0,217.09,11.0,225.25,40.0,220.52,3.9499999999999886,33.0,80.0,0.4888967171209227,113,-47.0,-28.0,-0.42,219.0,4.0
2025-03-18 07:35:23,218.0,14.0,223.87,23.0,216.45,11.0,225.14,35.0,220.93,5.8700000000000045,25.0,58.0,0.5948361118926702,83,-33.0,-30.0,-0.4,219.0,
2025-03-18 07:35:24,218.0,24.0,222.06,32.0,217.0,60.0,223.5,20.0,220.03,4.060000000000002,84.0,52.0,0.5845083404123655,136,32.0,53.0,0.24,219.0,
2025-03-18 07:35:25,217.28,50.0,219.61,23.0,216.06,51.0,220.86,21.0,218.44,2.3300000000000125,101.0,44.0,0.9685711125217936,145,57.0,9.0,0.39,217.33,6.0
2025-03-18 07:35:26,217.0,15.0,218.47,15.0,215.0,20.0,220.33,15.0,217.73,1.4699999999999989,35.0,30.0,1.380054346760236,65,5.0,-80.0,0.08,218.0,1.0
2025-03-18 07:35:27,216.0,8.0,222.25,12.0,214.78,9.0,224.25,40.0,219.12,6.25,17.0,52.0,1.266313547274882,69,-35.0,4.0,-0.51,219.0,2.0
2025-03-18 07:35:33,212.81,86.0,221.56,90.0,211.56,72.0,226.83,90.0,217.18,8.75,158.0,180.0,2.3537162105936456,338,-22.0,163.0,-0.07,217.25,4.0
2025-03-18 07:35:34,215.62,32.0,221.0,35.0,214.52,31.0,227.0,35.0,218.31,5.379999999999996,63.0,70.0,2.5917889574599884,133,-7.0,-165.0,-0.05,217.25,
2025-03-18 07:35:35,216.0,60.0,219.58,60.0,214.5,48.0,227.0,95.0,217.79,3.5800000000000125,108.0,155.0,2.5607088862289307,263,-47.0,130.0,-0.18,217.25,
2025-03-18 07:35:36,215.0,40.0,219.5,40.0,211.88,32.0,234.94,62.0,217.25,4.5,72.0,102.0,2.114942079588018,174,-30.0,-89.0,-0.17,216.0,5.0
2025-03-18 07:35:37,212.0,80.0,226.0,45.0,210.0,16.0,248.36,33.0,219.0,14.0,96.0,78.0,0.763367539270725,174,18.0,0.0,0.1,216.0,
2025-03-18 07:35:38,212.0,140.0,224.48,48.0,210.0,28.0,237.75,69.0,218.24,12.47999999999999,168.0,117.0,0.6501307560884927,285,51.0,111.0,0.18,216.0,
2025-03-18 07:35:39,212.0,102.0,223.29,21.0,210.0,22.0,224.12,51.0,217.64,11.289999999999992,124.0,72.0,0.6694251265169483,196,52.0,-89.0,0.27,212.0,2.0
2025-03-18 07:35:40,212.0,56.0,221.43,21.0,210.0,16.0,222.67,36.0,216.71,9.430000000000009,72.0,57.0,0.8866622806978279,129,15.0,-67.0,0.12,212.0,4.0
2025-03-18 07:35:41,212.0,46.0,219.67,30.0,210.0,30.0,221.36,55.0,215.83,7.6699999999999875,76.0,85.0,1.24789021953548,161,-9.0,32.0,-0.06,212.0,1.0
2025-03-18 07:35:42,212.0,27.0,218.73,15.0,210.0,18.0,220.58,31.0,215.37,6.72999999999999,45.0,46.0,1.2004457505495278,91,-1.0,-70.0,-0.01,212.0,
2025-03-18 07:35:43,212.0,27.0,222.31,29.0,210.0,18.0,221.78,27.0,217.16,10.310000000000002,45.0,56.0,0.9349171086318006,101,-11.0,10.0,-0.11,218.75,4.0
2025-03-18 07:35:44,212.0,12.0,223.0,20.0,210.0,8.0,224.0,12.0,217.5,11.0,20.0,32.0,0.8950586573026685,52,-12.0,-49.0,-0.23,218.75,
2025-03-18 07:35:45,212.0,36.0,222.88,40.0,210.0,24.0,223.75,40.0,217.44,10.879999999999995,60.0,80.0,0.989570613959623,140,-20.0,88.0,-0.14,218.75,
2025-03-18 07:35:46,212.0,45.0,221.48,25.0,209.27,30.0,222.87,45.0,216.74,9.47999999999999,75.0,70.0,0.87591095438543,145,5.0,5.0,0.03,221.0,1.0
2025-03-18 07:35:47,215.72,39.0,220.0,13.0,208.29,14.0,221.0,72.0,217.86,4.280000000000001,53.0,85.0,0.4178516483302532,138,-32.0,-7.0,-0.23,211.25,4.0
2025-03-18 07:35:48,218.0,58.0,220.91,46.0,210.73,11.0,255.46,52.0,219.46,2.9099999999999966,69.0,98.0,1.012719112099803,167,-29.0,29.0,-0.17,218.33,6.0
2025-03-18 07:35:49,214.23,13.0,221.0,57.0,210.18,17.0,282.55,22.0,217.62,6.77000000000001,30.0,79.0,1.005226342677214,109,-49.0,-58.0,-0.45,218.0,2.0
2025-03-18 07:35:50,211.0,6.0,221.0,18.0,210.0,12.0,274.0,18.0,216.0,10.0,18.0,36.0,1.3044845725466774,54,-18.0,-55.0,-0.33,218.0,
2025-03-18 07:35:51,211.0,7.0,221.0,39.0,210.0,14.0,350.0,18.0,216.0,10.0,21.0,57.0,1.4511099200309814,78,-36.0,24.0,-0.46,218.0,
2025-03-18 07:35:52,211.0,7.0,221.0,24.0,210.0,8.0,435.0,16.0,216.0,10.0,15.0,40.0,1.5357994660802532,55,-25.0,-23.0,-0.45,218.0,
2025-03-18 07:35:53,210.33,6.0,221.0,24.0,209.43,7.0,256.0,8.0,215.67,10.669999999999987,13.0,32.0,0.7746741250438922,45,-19.0,-10.0,-0.42,210.33,3.0
2025-03-18 07:35:54,208.38,8.0,221.0,48.0,207.12,8.0,350.4,20.0,214.69,12.620000000000005,16.0,68.0,0.5672477413023401,84,-52.0,39.0,-0.62,210.33,
2025-03-18 07:35:55,209.57,7.0,221.0,42.0,208.09,11.0,348.14,28.0,215.29,11.430000000000009,18.0,70.0,0.5533082323738064,88,-52.0,4.0,-0.59,210.33,
2025-03-18 07:35:56,210.0,9.0,220.43,42.0,209.0,9.0,255.39,46.0,215.21,10.430000000000009,18.0,88.0,0.4952978901758518,106,-70.0,18.0,-0.66,210.33,
2025-03-18 07:35:57,212.75,24.0,218.93,60.0,210.94,17.0,221.0,81.0,215.84,6.180000000000007,41.0,141.0,0.4474371464380873,182,-100.0,76.0,-0.55,210.33,
2025-03-18 07:35:58,213.37,19.0,217.93,59.0,210.29,34.0,220.93,40.0,215.65,4.560000000000002,53.0,99.0,0.4438242895703901,152,-46.0,-30.0,-0.3,215.0,2.0
2025-03-18 07:35:59,213.74,23.0,217.0,52.0,211.05,19.0,218.85,13.0,215.37,3.259999999999991,42.0,65.0,0.2642347441436052,107,-23.0,-45.0,-0.21,215.0,
2025-03-18 07:36:00,214.96,46.0,217.0,56.0,213.93,27.0,219.0,14.0,215.98,2.039999999999992,73.0,70.0,0.3197655391261044,143,3.0,36.0,0.02,215.0,
2025-03-18 07:36:01,214.2,25.0,216.0,15.0,209.59,34.0,218.11,18.0,215.1,1.8000000000000114,59.0,33.0,0.3559072913170182,92,26.0,-51.0,0.28,215.75,4.0
2025-03-18 07:36:02,209.54,37.0,214.11,19.0,208.35,17.0,217.85,13.0,211.82,4.570000000000022,54.0,32.0,1.6888546414694126,86,22.0,-6.0,0.26,214.0,2.0
2025-03-18 07:36:03,209.0,45.0,210.85,39.0,208.0,15.0,212.43,21.0,209.92,1.8499999999999943,60.0,60.0,2.633955200836388,120,0.0,34.0,0.0,214.0,
2025-03-18 07:36:04,208.21,14.0,211.57,14.0,206.02,94.0,219.36,22.0,209.89,3.359999999999985,108.0,36.0,2.863235931601393,144,72.0,24.0,0.5,209.0,3.0
2025-03-18 07:36:05,208.0,13.0,211.02,61.0,206.0,91.0,213.6,15.0,209.51,3.0200000000000102,104.0,76.0,2.334174372238208,180,28.0,36.0,0.16,209.0,
2025-03-18 07:36:06,208.0,9.0,210.36,33.0,206.0,63.0,210.57,21.0,209.18,2.3600000000000136,72.0,54.0,1.0274872262047627,126,18.0,-54.0,0.14,209.0,
2025-03-18 07:36:07,208.0,17.0,209.07,30.0,206.1,41.0,212.95,59.0,208.53,1.0699999999999932,58.0,89.0,0.5761336650588542,147,-31.0,21.0,-0.21,209.75,4.0
2025-03-18 07:36:08,209.09,66.0,213.83,18.0,207.79,48.0,215.5,12.0,211.46,4.740000000000009,114.0,30.0,1.0963712874816052,144,84.0,-3.0,0.58,210.0,5.0
2025-03-18 07:36:09,210.11,63.0,213.67,9.0,208.0,54.0,216.94,17.0,211.89,3.559999999999974,117.0,26.0,1.4758150290649452,143,91.0,-1.0,0.64,213.5,2.0
2025-03-18 07:36:10,211.03,62.0,216.0,11.0,207.06,96.0,219.0,55.0,213.52,4.969999999999999,158.0,66.0,2.0452457065139664,224,92.0,81.0,0.41,211.0,5.0
2025-03-18 07:36:11,212.92,24.0,215.05,42.0,206.0,132.0,216.94,32.0,213.98,2.130000000000024,156.0,74.0,2.1504952917906146,230,82.0,6.0,0.36,211.0,
2025-03-18 07:36:12,213.58,24.0,215.0,48.0,206.0,96.0,216.0,38.0,214.29,1.4199999999999875,120.0,86.0,1.274233102698766,206,34.0,-24.0,0.17,211.0,
2025-03-18 07:36:13,206.62,74.0,215.0,36.0,205.28,114.0,216.0,39.0,210.81,8.379999999999995,188.0,75.0,1.489217915556137,263,113.0,57.0,0.43,215.0,2.0
2025-03-18 07:36:14,205.0,119.0,215.0,14.0,201.0,7.0,216.0,21.0,210.0,10.0,126.0,35.0,1.9709769151396663,161,91.0,-102.0,0.57,215.0,
2025-03-18 07:36:15,206.03,70.0,214.36,28.0,204.94,124.0,215.45,33.0,210.19,8.330000000000013,194.0,61.0,2.1065445639752505,255,133.0,94.0,0.52,215.0,
2025-03-18 07:36:16,207.0,18.0,214.0,17.0,205.0,90.0,215.0,20.0,210.5,7.0,108.0,37.0,1.7777429510516738,145,71.0,-110.0,0.49,209.33,3.0
2025-03-18 07:36:17,205.5,24.0,215.5,16.0,204.79,68.0,216.5,32.0,210.5,10.0,92.0,48.0,0.3131293662596647,140,44.0,-5.0,0.31,214.67,3.0
2025-03-18 07:36:18,205.0,72.0,216.0,24.0,204.0,54.0,217.0,48.0,210.5,11.0,126.0,72.0,0.2317757537237279,198,54.0,58.0,0.27,214.67,
2025-03-18 07:36:19,205.0,72.0,216.0,24.0,204.0,48.0,217.0,48.0,210.5,11.0,120.0,72.0,0.1386362146560787,192,48.0,-6.0,0.25,214.67,
2025-03-18 07:36:20,205.0,72.0,215.43,35.0,204.0,48.0,216.77,39.0,210.21,10.430000000000009,120.0,74.0,0.1296919427495892,194,46.0,2.0,0.24,214.67,
2025-03-18 07:36:21,205.39,87.0,213.0,40.0,204.69,117.0,214.84,124.0,209.2,7.610000000000014,204.0,164.0,0.5631340870647579,368,40.0,163.0,0.11,207.0,4.0
2025-03-18 07:36:22,206.07,217.0,213.0,32.0,205.41,170.0,214.0,95.0,209.54,6.930000000000007,387.0,127.0,0.5905929224214609,514,260.0,146.0,0.51,207.0,
2025-03-18 07:36:23,206.19,172.0,212.15,82.0,204.95,130.0,213.57,94.0,209.17,5.960000000000008,302.0,176.0,0.602851557196636,478,126.0,-36.0,0.26,208.0,2.0
2025-03-18 07:36:24,207.92,130.0,211.52,66.0,204.34,71.0,213.35,92.0,209.72,3.6000000000000227,201.0,158.0,0.4271650734955533,359,43.0,-119.0,0.12,208.8,5.0
2025-03-18 07:36:25,208.0,32.0,210.71,28.0,204.0,72.0,212.54,35.0,209.36,2.710000000000008,104.0,63.0,0.2326370564087089,167,41.0,-165.0,0.25,208.0,4.0
2025-03-18 07:36:26,208.06,64.0,211.75,32.0,205.23,78.0,213.62,32.0,209.91,3.6899999999999977,142.0,64.0,0.2909467305443883,206,78.0,39.0,0.38,208.0,
2025-03-18 07:36:27,207.71,153.0,211.52,61.0,203.74,114.0,213.85,61.0,209.62,3.8100000000000014,267.0,122.0,0.2931381926915444,389,145.0,163.0,0.37,209.0,2.0
2025-03-18 07:36:28,203.0,135.0,208.85,66.0,202.0,90.0,212.95,77.0,205.92,5.849999999999994,225.0,143.0,1.6809759070297925,368,82.0,-21.0,0.22,209.0,
2025-03-18 07:36:29,202.94,101.0,204.0,24.0,201.87,69.0,209.0,60.0,203.47,1.0600000000000025,170.0,84.0,2.84507117661666,254,86.0,-114.0,0.34,209.0,
2025-03-18 07:36:30,203.0,40.0,204.0,16.0,201.62,48.0,207.07,28.0,203.5,1.0,88.0,44.0,3.1574720901403306,132,44.0,-122.0,0.33,209.0,
2025-03-18 07:36:31,203.0,60.0,204.0,12.0,201.0,72.0,206.0,36.0,203.5,1.0,132.0,48.0,2.684570729188457,180,84.0,48.0,0.47,204.0,1.0
2025-03-18 07:36:32,203.0,50.0,208.89,46.0,200.71,35.0,212.06,34.0,205.95,5.889999999999986,85.0,80.0,1.339279657134978,165,5.0,-15.0,0.03,205.5,4.0
2025-03-18 07:36:33,203.0,25.0,209.0,25.0,199.0,5.0,212.0,15.0,206.0,6.0,30.0,40.0,1.3612604453283663,70,-10.0,-95.0,-0.14,205.5,
2025-03-18 07:36:34,203.0,40.0,208.81,32.0,200.54,13.0,210.93,28.0,205.91,5.810000000000002,53.0,60.0,1.3441242502147863,113,-7.0,43.0,-0.06,205.5,
2025-03-18 07:36:35,203.0,25.0,208.56,9.0,201.0,10.0,209.39,23.0,205.78,5.560000000000002,35.0,32.0,1.080865394031725,67,3.0,-46.0,0.04,208.0,1.0
2025-03-18 07:36:36,203.0,40.0,209.0,40.0,201.0,16.0,212.0,24.0,206.0,6.0,56.0,64.0,0.0909395404389605,120,-8.0,53.0,-0.07,208.0,
2025-03-18 07:36:37,203.0,35.0,209.0,35.0,201.0,14.0,212.0,21.0,206.0,6.0,49.0,56.0,0.0965401471681477,105,-7.0,-15.0,-0.07,208.0,
2025-03-18 07:36:38,203.34,50.0,209.86,35.0,201.79,24.0,213.25,40.0,206.6,6.52000000000001,74.0,75.0,0.3161012496261637,149,-1.0,44.0,-0.01,209.5,6.0
2025-03-18 07:36:39,205.2,70.0,212.0,20.0,204.0,30.0,213.0,50.0,208.6,6.800000000000011,100.0,70.0,1.1610684734394991,170,30.0,21.0,0.18,209.5,
2025-03-18 07:36:40,206.43,72.0,210.11,74.0,205.56,68.0,212.15,68.0,208.27,3.680000000000007,140.0,142.0,1.2538660215569557,282,-2.0,112.0,-0.01,209.5,
2025-03-18 07:36:41,208.93,59.0,210.16,57.0,206.02,41.0,211.7,69.0,209.55,1.2299999999999898,100.0,126.0,1.4665708302073188,226,-26.0,-56.0,-0.12,209.56,9.0
2025-03-18 07:36:42,209.0,45.0,211.0,45.0,202.92,51.0,212.0,75.0,210.0,2.0,96.0,120.0,1.3201628687456923,216,-24.0,-10.0,-0.11,209.56,
2025-03-18 07:36:43,209.42,36.0,211.0,36.0,201.16,57.0,212.0,60.0,210.21,1.5800000000000125,93.0,96.0,0.855587517449116,189,-3.0,-27.0,-0.02,209.56,
2025-03-18 07:36:44,210.62,39.0,211.9,61.0,201.0,58.0,215.59,49.0,211.26,1.2800000000000011,97.0,110.0,1.0870004599882557,207,-13.0,18.0,-0.06,211.0,3.0
2025-03-18 07:36:45,208.5,16.0,212.0,40.0,200.11,36.0,216.0,40.0,210.25,3.5,52.0,80.0,0.6273196952229796,132,-28.0,-75.0,-0.21,211.25,4.0
2025-03-18 07:36:46,200.33,24.0,211.55,20.0,199.76,68.0,214.19,32.0,205.94,11.22,92.0,52.0,2.06655994348452,144,40.0,12.0,0.28,211.6,5.0
2025-03-18 07:36:47,202.0,60.0,210.33,15.0,199.6,86.0,212.55,55.0,206.17,8.330000000000013,146.0,70.0,2.511618999771829,216,76.0,72.0,0.35,211.6,
2025-03-18 07:36:48,200.96,50.0,207.7,10.0,199.65,34.0,212.0,50.0,204.33,6.739999999999981,84.0,60.0,2.996289371875648,144,24.0,-72.0,0.17,211.6,
2025-03-18 07:36:49,200.0,77.0,206.0,11.0,197.57,14.0,212.0,55.0,203.0,6.0,91.0,66.0,2.732429322053036,157,25.0,13.0,0.16,211.6,
2025-03-18 07:36:50,200.0,70.0,206.0,10.0,197.0,20.0,211.9,50.0,203.0,6.0,90.0,60.0,1.532210821008454,150,30.0,-7.0,0.2,211.6,
2025-03-18 07:36:51,200.0,98.0,206.0,14.0,197.17,24.0,209.0,56.0,203.0,6.0,122.0,70.0,1.3935386611125904,192,52.0,42.0,0.27,211.6,
2025-03-18 07:36:52,200.0,70.0,206.92,13.0,198.0,10.0,209.08,39.0,203.46,6.919999999999988,80.0,52.0,0.5787227315524521,132,28.0,-60.0,0.21,206.0,1.0
2025-03-18 07:36:53,200.14,57.0,209.0,44.0,199.6,35.0,210.0,33.0,204.57,8.860000000000014,92.0,77.0,0.6804998163229111,169,15.0,37.0,0.09,206.0,
2025-03-18 07:36:54,201.0,16.0,209.0,29.0,200.0,26.0,210.0,24.0,205.0,8.0,42.0,53.0,0.9257861524215388,95,-11.0,-74.0,-0.12,209.0,3.0
2025-03-18 07:36:55,201.0,16.0,204.71,14.0,200.0,16.0,209.5,12.0,202.86,3.710000000000008,32.0,26.0,0.9578204424710692,58,6.0,-37.0,0.1,209.0,
2025-03-18 07:36:56,201.8,30.0,204.0,30.0,200.0,30.0,209.0,15.0,202.9,2.1999999999999886,60.0,45.0,0.9789382003045296,105,15.0,47.0,0.14,209.0,
2025-03-18 07:36:57,200.13,23.0,204.52,21.0,198.41,17.0,209.84,25.0,202.33,4.390000000000015,40.0,46.0,1.1756147328166162,86,-6.0,-19.0,-0.07,204.0,2.0
2025-03-18 07:36:58,199.0,30.0,202.0,40.0,197.0,60.0,209.0,30.0,200.5,3.0,90.0,70.0,1.6070843163989692,160,20.0,74.0,0.12,204.0,
2025-03-18 07:36:59,199.0,21.0,202.0,28.0,197.0,42.0,209.0,42.0,200.5,3.0,63.0,70.0,1.2240179737306167,133,-7.0,-27.0,-0.05,204.0,
2025-03-18 07:37:00,199.0,27.0,202.0,52.0,197.0,90.0,208.61,69.0,200.5,3.0,117.0,121.0,1.1758316206054569,238,-4.0,105.0,-0.02,204.0,
2025-03-18 07:37:01,198.7,23.0,202.0,58.0,197.07,43.0,206.0,48.0,200.35,3.300000000000012,66.0,106.0,0.8376932612930112,172,-40.0,-66.0,-0.23,202.0,2.0
2025-03-18 07:37:02,199.7,37.0,202.0,29.0,198.89,65.0,206.0,52.0,200.85,2.300000000000012,102.0,81.0,0.1850675552757342,183,21.0,11.0,0.11,202.0,1.0
2025-03-18 07:37:03,197.12,50.0,204.65,17.0,195.37,81.0,207.08,50.0,200.88,7.530000000000001,131.0,67.0,0.2356480426732503,198,64.0,15.0,0.32,205.2,5.0
2025-03-18 07:37:04,196.0,54.0,207.0,27.0,195.0,99.0,209.0,54.0,201.5,11.0,153.0,81.0,0.4444434722388561,234,72.0,36.0,0.31,205.2,
2025-03-18 07:37:05,196.51,110.0,209.0,52.0,195.2,123.0,210.0,104.0,202.75,12.490000000000007,233.0,156.0,0.92440791862452,389,77.0,155.0,0.2,207.8,5.0
2025-03-18 07:37:06,198.18,154.0,209.0,44.0,197.25,146.0,210.0,88.0,203.59,10.819999999999991,300.0,132.0,1.2124891752158788,432,168.0,43.0,0.39,207.8,
2025-03-18 07:37:07,203.89,212.0,209.56,86.0,199.41,99.0,210.76,118.0,206.72,5.670000000000016,311.0,204.0,2.2888141034203,515,107.0,83.0,0.21,209.0,4.0
2025-03-18 07:37:08,201.59,220.0,210.0,144.0,200.0,134.0,213.0,90.0,205.79,8.409999999999997,354.0,234.0,2.153984679614894,588,120.0,73.0,0.2,202.0,2.0
2025-03-18 07:37:09,202.69,176.0,210.0,119.0,200.96,112.0,213.0,80.0,206.34,7.310000000000002,288.0,199.0,1.7622060038530445,487,89.0,-101.0,0.18,202.0,
2025-03-18 07:37:10,203.69,143.0,210.0,130.0,201.0,120.0,213.0,65.0,206.85,6.310000000000002,263.0,195.0,1.3330303822553125,458,68.0,-29.0,0.15,202.0,
2025-03-18 07:37:11,204.9,110.0,210.0,30.0,201.0,80.0,213.0,50.0,207.45,5.099999999999994,190.0,80.0,0.6161574474237929,270,110.0,-165.0,0.41,210.0,7.0
2025-03-18 07:37:12,205.6,110.0,210.0,30.0,196.58,212.0,213.0,50.0,207.8,4.400000000000006,322.0,80.0,0.8133449452820283,402,242.0,132.0,0.6,210.0,
2025-03-18 07:37:13,203.83,58.0,209.17,29.0,196.04,211.0,212.23,47.0,206.5,5.339999999999975,269.0,76.0,0.6224708828658821,345,193.0,-57.0,0.56,207.0,2.0
2025-03-18 07:37:14,197.87,62.0,210.0,30.0,196.24,153.0,213.8,50.0,203.94,12.129999999999995,215.0,80.0,1.5221924976874033,295,135.0,-50.0,0.46,207.0,
2025-03-18 07:37:15,198.57,159.0,210.2,41.0,197.86,187.0,222.39,56.0,204.38,11.629999999999995,346.0,97.0,1.764902263587364,443,249.0,148.0,0.56,209.0,6.0
2025-03-18 07:37:16,199.51,164.0,212.5,54.0,198.24,118.0,485.33,57.0,206.01,12.990000000000007,282.0,111.0,1.5797721354726435,393,171.0,-50.0,0.44,209.0,
2025-03-18 07:37:17,204.06,143.0,220.59,71.0,202.38,169.0,556.86,71.0,212.32,16.53,312.0,142.0,3.3569331241500544,454,170.0,61.0,0.37,211.0,5.0
2025-03-18 07:37:18,211.64,39.0,374.06,34.0,210.68,59.0,562.0,50.0,292.85,162.42000000000002,98.0,84.0,38.69006009300086,182,14.0,-165.0,0.08,212.0,3.0
2025-03-18 07:37:21,210.86,28.0,481.0,41.0,208.96,92.0,550.07,56.0,345.93,270.14,120.0,97.0,66.11042179565955,217,23.0,88.0,0.11,211.25,8.0
2025-03-18 07:37:22,211.74,46.0,400.72,47.0,208.34,118.0,403.7,56.0,306.23,188.98,164.0,103.0,34.76277247286262,267,61.0,50.0,0.23,213.2,5.0
2025-03-18 07:37:23,210.0,15.0,397.0,18.0,208.0,70.0,398.06,18.0,303.5,187.0,85.0,36.0,31.64344876905827,121,49.0,-146.0,0.4,213.2,
2025-03-18 07:37:24,210.44,16.0,394.45,31.0,208.67,63.0,396.77,39.0,302.44,184.01,79.0,70.0,29.86536204367891,149,9.0,28.0,0.06,213.2,
2025-03-18 07:37:25,211.0,9.0,368.81,43.0,210.0,27.0,386.68,38.0,289.91,157.81,36.0,81.0,21.256748810672327,117,-45.0,-32.0,-0.38,213.2,
2025-03-18 07:37:26,212.43,21.0,367.72,58.0,211.0,36.0,371.62,65.0,290.08,155.29000000000002,57.0,123.0,7.825245683045463,180,-66.0,63.0,-0.37,213.2,
2025-03-18 07:37:27,212.08,12.0,365.13,39.0,210.85,26.0,366.27,45.0,288.61,153.04999999999998,38.0,84.0,7.391006020835195,122,-46.0,-58.0,-0.38,212.5,2.0
2025-03-18 07:37:28,212.0,9.0,362.56,27.0,211.0,18.0,398.8,35.0,287.28,150.56,27.0,62.0,6.128909364644157,89,-35.0,-33.0,-0.39,212.5,
2025-03-18 07:37:29,216.74,19.0,354.15,39.0,212.2,20.0,358.85,39.0,285.45,137.40999999999997,39.0,78.0,1.9373770928819731,117,-39.0,28.0,-0.33,212.5,
2025-03-18 07:37:31,218.45,31.0,334.44,27.0,215.33,9.0,337.0,27.0,276.45,115.99,40.0,54.0,5.47632632336911,94,-14.0,24.0,-0.15,219.0,5.0
2025-03-18 07:37:32,217.0,47.0,270.73,40.0,212.0,12.0,278.81,52.0,243.86,53.73000000000002,59.0,92.0,17.610370524211813,151,-33.0,57.0,-0.22,217.0,1.0
2025-03-18 07:37:33,216.23,31.0,251.09,35.0,210.67,27.0,255.2,41.0,233.66,34.860000000000014,58.0,76.0,23.16497420676381,134,-18.0,-17.0,-0.13,215.75,4.0
2025-03-18 07:37:34,211.0,20.0,246.35,40.0,210.0,90.0,261.0,36.0,228.68,35.349999999999994,110.0,76.0,23.658432323381813,186,34.0,52.0,0.18,215.75,
2025-03-18 07:37:35,211.0,14.0,222.95,19.0,210.0,63.0,228.96,27.0,216.97,11.949999999999989,77.0,46.0,22.595309911573285,123,31.0,-63.0,0.25,215.75,
2025-03-18 07:37:36,210.31,51.0,221.54,39.0,209.57,92.0,223.0,26.0,215.93,11.22999999999999,143.0,65.0,11.739052346763208,208,78.0,85.0,0.38,210.5,4.0
2025-03-18 07:37:37,210.0,77.0,219.0,34.0,208.0,44.0,220.23,30.0,214.5,9.0,121.0,64.0,8.645233947097614,185,57.0,-23.0,0.31,210.5,
2025-03-18 07:37:38,210.0,56.0,215.53,34.0,208.0,32.0,217.33,18.0,212.76,5.530000000000001,88.0,52.0,6.301719606587597,140,36.0,-45.0,0.26,210.5,
2025-03-18 07:37:39,210.0,91.0,213.5,40.0,208.0,56.0,214.46,52.0,211.75,3.5,147.0,92.0,2.1602245253796566,239,55.0,99.0,0.23,210.0,1.0
2025-03-18 07:37:40,210.0,58.0,211.76,21.0,208.0,40.0,213.31,32.0,210.88,1.759999999999991,98.0,53.0,2.0502999780647286,151,45.0,-88.0,0.3,210.0,2.0
2025-03-18 07:37:41,209.77,39.0,212.0,75.0,208.96,54.0,213.0,45.0,210.88,2.2299999999999898,93.0,120.0,1.52318088225024,213,-27.0,62.0,-0.13,210.2,5.0
2025-03-18 07:37:42,208.0,48.0,211.29,58.0,205.73,56.0,212.46,46.0,209.65,3.289999999999992,104.0,104.0,1.1556513315239303,208,0.0,-5.0,0.0,210.0,2.0
2025-03-18 07:37:43,206.45,58.0,209.15,39.0,196.36,56.0,252.24,41.0,207.8,2.700000000000017,114.0,80.0,1.5321129201378922,194,34.0,-14.0,0.18,208.0,4.0
2025-03-18 07:37:44,206.0,79.0,208.0,42.0,191.0,56.0,397.19,52.0,207.0,2.0,135.0,94.0,1.7775319969142336,229,41.0,35.0,0.18,208.0,
2025-03-18 07:37:45,206.0,84.0,208.35,68.0,188.1,41.0,224.55,73.0,207.18,2.3499999999999943,125.0,141.0,1.6933162728959552,266,-16.0,37.0,-0.06,206.75,4.0
2025-03-18 07:37:46,206.0,32.0,208.0,24.0,175.0,8.0,209.0,48.0,207.0,2.0,40.0,72.0,1.1246688401723428,112,-32.0,-154.0,-0.29,206.75,
2025-03-18 07:37:47,206.82,22.0,208.0,21.0,204.76,25.0,209.0,42.0,207.41,1.1800000000000068,47.0,63.0,0.3369272919411294,110,-16.0,-2.0,-0.15,206.75,
2025-03-18 07:37:48,207.25,32.0,208.94,51.0,204.94,35.0,209.73,22.0,208.1,1.6899999999999975,67.0,73.0,0.4580611313512119,140,-6.0,30.0,-0.04,208.0,3.0
2025-03-18 07:37:49,208.0,56.0,209.0,54.0,207.0,27.0,210.0,18.0,208.5,1.0,83.0,72.0,0.637432349394525,155,11.0,15.0,0.07,208.75,8.0
2025-03-18 07:37:50,207.0,30.0,229.43,23.0,204.0,40.0,259.09,23.0,218.22,22.430000000000007,70.0,46.0,4.717465421182612,116,24.0,-39.0,0.21,210.0,2.0
2025-03-18 07:37:51,206.12,24.0,300.13,30.0,204.0,32.0,360.74,31.0,253.13,94.01,56.0,61.0,19.55011176438768,117,-5.0,1.0,-0.04,210.0,
2025-03-18 07:37:52,206.11,27.0,268.36,33.0,204.17,35.0,300.17,35.0,237.24,62.25,62.0,68.0,19.65283491000845,130,-6.0,13.0,-0.05,207.0,3.0
2025-03-18 07:37:53,206.0,21.0,229.0,25.0,204.0,28.0,252.43,28.0,217.5,23.0,49.0,53.0,18.00825699505774,102,-4.0,-28.0,-0.04,207.0,
2025-03-18 07:37:54,206.43,37.0,218.23,52.0,204.88,50.0,329.0,48.0,212.33,11.799999999999985,87.0,100.0,17.08685547431257,187,-13.0,85.0,-0.07,207.0,
2025-03-18 07:37:55,208.46,26.0,215.07,56.0,206.49,65.0,363.29,35.0,211.77,6.609999999999985,91.0,91.0,18.18797762259581,182,0.0,-5.0,0.0,209.0,1.0
2025-03-18 07:37:56,209.0,9.0,214.44,36.0,207.0,36.0,297.0,9.0,211.72,5.439999999999998,45.0,45.0,10.963177915187256,90,0.0,-92.0,0.0,209.0,
2025-03-18 07:37:57,209.0,15.0,213.82,39.0,207.0,60.0,236.64,33.0,211.41,4.819999999999993,75.0,72.0,2.567280662501013,147,3.0,57.0,0.02,213.0,2.0
2025-03-18 07:37:58,209.96,25.0,213.0,30.0,205.58,38.0,354.4,10.0,211.48,3.039999999999992,63.0,40.0,0.3625879204443225,103,23.0,-44.0,0.22,213.0,
2025-03-18 07:37:59,210.0,44.0,212.25,24.0,204.32,19.0,222.59,29.0,211.12,2.25,63.0,53.0,0.2618205493314666,116,10.0,13.0,0.09,210.0,2.0
2025-03-18 07:38:00,210.0,50.0,211.94,36.0,206.0,14.0,217.29,56.0,210.97,1.9399999999999975,64.0,92.0,0.2975735204152021,156,-28.0,40.0,-0.18,211.33,3.0
2025-03-18 07:38:01,208.57,14.0,210.0,12.0,205.26,27.0,216.85,39.0,209.29,1.4300000000000068,41.0,51.0,0.8987936359657467,92,-10.0,-64.0,-0.11,209.0,4.0
2025-03-18 07:38:02,205.0,40.0,207.0,10.0,202.15,26.0,215.8,40.0,206.0,2.0,66.0,50.0,2.271006384855189,116,16.0,24.0,0.14,209.0,
2025-03-18 07:38:03,206.0,105.0,207.0,7.0,201.45,22.0,215.0,28.0,206.5,1.0,127.0,35.0,2.421699816255836,162,92.0,46.0,0.57,209.0,
2025-03-18 07:38:04,205.0,54.0,209.67,9.0,182.0,18.0,214.2,20.0,207.33,4.669999999999988,72.0,29.0,2.072575692237542,101,43.0,-61.0,0.43,207.0,1.0
2025-03-18 07:38:05,200.79,71.0,211.0,18.0,178.43,21.0,215.0,36.0,205.89,10.210000000000008,92.0,54.0,1.3995606453649854,146,38.0,45.0,0.26,207.0,
2025-03-18 07:38:06,201.0,140.0,295.09,22.0,200.0,30.0,263.76,21.0,248.05,94.08999999999996,170.0,43.0,18.6217005131124,213,127.0,67.0,0.6,208.92,13.0
2025-03-18 07:38:07,204.14,100.0,412.59,22.0,201.3,33.0,575.55,31.0,308.37,208.45,133.0,53.0,44.66114217079585,186,80.0,-27.0,0.43,215.0,1.0
2025-03-18 07:38:08,218.0,73.0,417.68,41.0,216.79,115.0,576.0,30.0,317.84,199.68,188.0,71.0,53.61575309552244,259,117.0,73.0,0.45,218.0,5.0
2025-03-18 07:38:09,217.52,29.0,317.0,30.0,216.34,73.0,420.0,24.0,267.26,99.48,102.0,54.0,45.71373721322746,156,48.0,-103.0,0.31,218.0,3.0
2025-03-18 07:38:10,217.0,110.0,338.68,38.0,213.0,30.0,446.76,34.0,277.84,121.68,140.0,72.0,28.93758922232478,212,68.0,56.0,0.32,217.0,2.0
2025-03-18 07:38:12,217.0,18.0,426.67,15.0,216.0,12.0,0.0,0.0,321.83,209.67,30.0,15.0,35.76503390184316,45,15.0,-122.0,0.33,217.0,
2025-03-18 07:38:13,217.0,38.0,294.78,45.0,216.0,36.0,0.0,0.0,255.89,77.77999999999997,74.0,45.0,41.758384188088506,119,29.0,74.0,0.24,217.0,4.0
2025-03-18 07:38:16,217.0,14.0,221.86,35.0,216.0,28.0,357.86,35.0,219.43,4.860000000000014,42.0,70.0,92.65810234404748,112,-28.0,-39.0,-0.25,217.0,
2025-03-18 07:38:17,217.0,24.0,219.75,60.0,216.0,48.0,274.0,60.0,218.38,2.75,72.0,120.0,104.54125180999124,192,-48.0,80.0,-0.25,217.0,
2025-03-18 07:38:18,216.0,28.0,218.0,35.0,215.0,7.0,312.57,35.0,217.0,2.0,35.0,70.0,110.39722904131249,105,-35.0,-87.0,-0.33,217.0,2.0
2025-03-18 07:38:19,215.98,55.0,217.06,78.0,214.62,24.0,294.88,80.0,216.52,1.0800000000000125,79.0,158.0,74.68789660982596,237,-79.0,132.0,-0.33,216.2,5.0
2025-03-18 07:38:20,214.28,25.0,216.83,29.0,213.88,67.0,258.67,42.0,215.55,2.550000000000012,92.0,71.0,1.5358482998279015,163,21.0,-74.0,0.13,215.0,1.0
2025-03-18 07:38:21,213.75,63.0,231.61,31.0,211.78,18.0,264.59,37.0,222.68,17.860000000000014,81.0,68.0,2.7944731167222936,149,13.0,-14.0,0.09,214.0,9.0
2025-03-18 07:38:22,211.25,24.0,359.13,39.0,209.0,30.0,463.82,51.0,285.19,147.88,54.0,90.0,30.20512655163143,144,-36.0,-5.0,-0.25,211.33,3.0
2025-03-18 07:38:23,215.31,13.0,401.31,35.0,211.26,46.0,427.28,29.0,308.31,186.0,59.0,64.0,43.85166758516775,123,-5.0,-21.0,-0.04,211.33,
2025-03-18 07:38:24,218.0,12.0,283.0,36.0,212.0,84.0,284.0,24.0,250.5,65.0,96.0,60.0,39.88756861479583,156,36.0,33.0,0.23,211.33,
2025-03-18 07:38:25,213.2,25.0,281.9,30.0,211.78,45.0,284.0,20.0,247.55,68.69999999999999,70.0,50.0,33.78582735408501,120,20.0,-36.0,0.17,213.5,4.0
2025-03-18 07:38:26,212.0,32.0,280.0,24.0,211.0,16.0,282.11,19.0,246.0,68.0,48.0,43.0,27.96267244023779,91,5.0,-29.0,0.05,213.5,
2025-03-18 07:38:27,212.0,44.0,252.09,33.0,211.0,22.0,270.0,33.0,232.05,40.09,66.0,66.0,29.612925725095863,132,0.0,41.0,0.0,213.5,
2025-03-18 07:38:28,212.0,32.0,229.0,24.0,211.0,16.0,236.12,24.0,220.5,17.0,48.0,48.0,12.692448542344444,96,0.0,-36.0,0.0,213.5,
2025-03-18 07:38:29,211.89,45.0,224.07,45.0,210.67,30.0,225.4,45.0,217.98,12.180000000000009,75.0,90.0,13.813816634082997,165,-15.0,69.0,-0.09,211.8,5.0
2025-03-18 07:38:30,211.0,8.0,220.88,24.0,210.0,16.0,222.5,24.0,215.94,9.879999999999995,24.0,48.0,12.561412340978,72,-24.0,-93.0,-0.33,211.8,
2025-03-18 07:38:31,211.0,12.0,216.83,36.0,210.0,24.0,218.25,36.0,213.92,5.8300000000000125,36.0,72.0,7.123069563052206,108,-36.0,36.0,-0.33,211.8,
2025-03-18 07:38:32,212.59,29.0,214.07,45.0,210.88,16.0,236.14,44.0,213.33,1.4799999999999898,45.0,89.0,2.961060620805384,134,-44.0,26.0,-0.33,213.0,2.0
2025-03-18 07:38:33,211.0,10.0,215.0,30.0,210.0,20.0,506.18,22.0,213.0,4.0,30.0,52.0,2.0965161578403992,82,-22.0,-52.0,-0.27,213.0,
2025-03-18 07:38:34,211.0,10.0,214.88,24.0,210.0,20.0,310.56,41.0,212.94,3.879999999999996,30.0,65.0,1.244098066909073,95,-35.0,13.0,-0.37,213.0,
2025-03-18 07:38:35,209.02,99.0,213.14,35.0,207.04,156.0,214.6,25.0,211.08,4.119999999999976,255.0,60.0,1.065213593645825,315,195.0,163.0,0.62,210.33,3.0
2025-03-18 07:38:36,209.0,63.0,213.0,27.0,207.0,99.0,214.0,9.0,211.0,4.0,162.0,36.0,1.1329607231005234,198,126.0,-117.0,0.64,210.33,
2025-03-18 07:38:37,209.0,72.0,212.64,25.0,207.0,132.0,213.23,22.0,210.82,3.6399999999999855,204.0,47.0,1.1015080572056497,251,157.0,53.0,0.63,209.0,3.0
2025-03-18 07:38:38,209.0,44.0,210.64,25.0,207.0,121.0,211.57,14.0,209.82,1.6399999999999864,165.0,39.0,1.1300088495625162,204,126.0,-47.0,0.62,210.0,3.0
2025-03-18 07:38:39,207.7,77.0,210.43,14.0,206.89,87.0,260.07,15.0,209.06,2.730000000000018,164.0,29.0,0.883334591245244,193,135.0,-11.0,0.7,210.0,2.0
2025-03-18 07:38:40,209.0,174.0,369.48,23.0,207.06,94.0,406.18,34.0,289.24,160.48000000000002,268.0,57.0,35.36765923835043,325,211.0,132.0,0.65,209.0,4.0
2025-03-18 07:38:41,209.78,289.0,233.75,72.0,207.61,253.0,282.67,49.0,221.76,23.97,542.0,121.0,34.545497535859454,663,421.0,163.0,0.63,212.4,5.0
2025-03-18 07:38:42,211.44,200.0,214.42,81.0,209.49,393.0,215.37,63.0,212.93,2.9799999999999898,593.0,144.0,34.29299082903198,737,449.0,74.0,0.61,214.0,1.0
2025-03-18 07:38:43,212.0,126.0,216.07,60.0,209.0,378.0,223.31,51.0,214.03,4.069999999999993,504.0,111.0,33.765398413169514,615,393.0,-122.0,0.64,212.62,13.0
2025-03-18 07:38:44,212.78,63.0,221.0,45.0,209.0,243.0,302.59,27.0,216.89,8.219999999999999,306.0,72.0,32.75236098360038,378,234.0,-165.0,0.62,212.62,
2025-03-18 07:38:45,214.15,91.0,221.0,86.0,209.0,351.0,347.31,26.0,217.58,6.849999999999994,442.0,112.0,3.454586805984753,554,330.0,163.0,0.6,212.62,
2025-03-18 07:38:46,215.88,56.0,219.75,16.0,209.0,216.0,221.0,64.0,217.81,3.870000000000005,272.0,80.0,2.2223231088401216,352,192.0,-165.0,0.55,212.62,
2025-03-18 07:38:47,216.0,84.0,219.0,24.0,209.0,420.0,221.0,90.0,217.5,3.0,504.0,114.0,1.564630946927713,618,390.0,163.0,0.63,212.62,
2025-03-18 07:38:48,216.0,107.0,218.75,32.0,209.0,560.0,222.0,128.0,217.38,2.75,667.0,160.0,0.3412770137047659,827,507.0,163.0,0.61,216.0,1.0
2025-03-18 07:38:49,216.0,40.0,218.0,28.0,209.33,150.0,222.0,107.0,217.0,2.0,190.0,135.0,0.2984627281306914,325,55.0,-165.0,0.17,216.0,4.0
2025-03-18 07:38:50,216.0,16.0,217.62,16.0,214.0,8.0,222.0,24.0,216.81,1.6200000000000043,24.0,40.0,0.3989360852108626,64,-16.0,-165.0,-0.25,216.0,
2025-03-18 07:38:51,209.25,113.0,215.64,28.0,208.32,38.0,221.47,45.0,212.45,6.389999999999986,151.0,73.0,2.130321571989661,224,78.0,160.0,0.35,215.33,3.0
2025-03-18 07:38:52,209.07,180.0,214.0,20.0,208.64,66.0,220.0,39.0,211.53,4.930000000000007,246.0,59.0,2.8052682581324957,305,187.0,81.0,0.61,215.33,
2025-03-18 07:38:53,210.0,60.0,213.5,20.0,209.0,146.0,220.0,30.0,211.75,3.5,206.0,50.0,2.7577019418506623,256,156.0,-49.0,0.61,215.33,
2025-03-18 07:38:54,210.0,39.0,213.0,20.0,209.0,130.0,220.0,30.0,211.5,3.0,169.0,50.0,2.2697841307243354,219,119.0,-37.0,0.54,210.0,3.0
2025-03-18 07:38:55,210.0,33.0,211.64,22.0,209.0,143.0,220.0,33.0,210.82,1.6399999999999864,176.0,55.0,0.5847649101042156,231,121.0,12.0,0.52,210.0,
2025-03-18 07:38:56,210.0,27.0,214.96,25.0,209.0,143.0,251.28,39.0,212.48,4.960000000000008,170.0,64.0,0.5955921424004735,234,106.0,3.0,0.45,210.0,2.0
2025-03-18 07:38:57,209.24,29.0,222.0,27.0,208.81,113.0,415.0,18.0,215.62,12.759999999999993,142.0,45.0,1.8773598483211555,187,97.0,-47.0,0.52,209.33,3.0
2025-03-18 07:38:58,209.23,39.0,222.0,27.0,208.67,99.0,526.56,27.0,215.62,12.77000000000001,138.0,54.0,2.279543814031157,192,84.0,5.0,0.44,209.33,
2025-03-18 07:38:59,211.5,14.0,221.73,45.0,209.73,121.0,300.57,42.0,216.62,10.22999999999999,135.0,87.0,2.4630712535545527,222,48.0,30.0,0.22,209.33,
2025-03-18 07:39:00,214.5,14.0,221.0,56.0,210.13,77.0,222.0,42.0,217.75,6.5,91.0,98.0,1.9619174294769652,189,-7.0,-33.0,-0.04,209.33,
2025-03-18 07:39:01,216.63,27.0,220.77,52.0,214.0,30.0,221.81,48.0,218.7,4.140000000000015,57.0,100.0,1.3518949663654858,157,-43.0,-32.0,-0.27,219.0,1.0
2025-03-18 07:39:02,215.0,44.0,219.27,22.0,212.95,38.0,222.82,33.0,217.14,4.27000000000001,82.0,55.0,1.160077583648637,137,27.0,-20.0,0.2,219.0,
2025-03-18 07:39:03,213.57,56.0,218.5,28.0,212.62,26.0,222.0,42.0,216.04,4.930000000000007,82.0,70.0,1.0278132126432282,152,12.0,15.0,0.08,219.0,
2025-03-18 07:39:04,213.6,20.0,216.26,27.0,212.96,50.0,222.91,53.0,214.93,2.6599999999999966,70.0,80.0,1.4696836394558868,150,-10.0,-2.0,-0.07,215.0,1.0
2025-03-18 07:39:05,214.09,107.0,217.33,33.0,212.65,55.0,223.64,67.0,215.71,3.240000000000009,162.0,100.0,1.4620294114978274,262,62.0,112.0,0.24,214.2,5.0
2025-03-18 07:39:07,215.0,63.0,222.75,48.0,214.0,99.0,298.64,45.0,218.88,7.75,162.0,93.0,2.2187676760048696,255,69.0,-21.0,0.27,219.0,2.0
2025-03-18 07:39:08,216.0,19.0,221.0,22.0,215.0,77.0,223.0,33.0,218.5,5.0,96.0,55.0,2.190874254740224,151,41.0,-104.0,0.27,216.0,2.0
2025-03-18 07:39:09,215.38,26.0,220.58,24.0,214.56,100.0,223.83,60.0,217.98,5.200000000000017,126.0,84.0,1.6013369414595164,210,42.0,59.0,0.2,215.25,4.0
2025-03-18 07:39:10,215.0,30.0,220.0,16.0,214.0,88.0,223.0,40.0,217.5,5.0,118.0,56.0,0.9763605891690706,174,62.0,-36.0,0.36,215.0,2.0
2025-03-18 07:39:11,215.0,18.0,219.24,33.0,214.0,99.0,222.0,30.0,217.12,4.240000000000009,117.0,63.0,0.715737382063523,180,54.0,6.0,0.3,215.0,
2025-03-18 07:39:12,215.0,22.0,218.27,55.0,214.0,121.0,220.0,22.0,216.64,3.2700000000000102,143.0,77.0,0.7250655143389401,220,66.0,40.0,0.3,215.0,
2025-03-18 07:39:13,215.0,10.0,216.0,35.0,214.0,77.0,220.0,14.0,215.5,1.0,87.0,49.0,0.9474808705637294,136,38.0,-84.0,0.28,215.0,1.0
2025-03-18 07:39:14,216.23,158.0,222.33,75.0,213.87,75.0,225.02,48.0,219.28,6.100000000000023,233.0,123.0,1.3807679023224546,356,110.0,163.0,0.31,214.17,6.0
2025-03-18 07:39:15,217.0,117.0,224.0,45.0,214.0,54.0,225.0,27.0,220.5,7.0,171.0,72.0,2.0358094213563698,243,99.0,-113.0,0.41,214.17,
2025-03-18 07:39:16,217.0,52.0,224.0,20.0,214.0,24.0,225.0,12.0,220.5,7.0,76.0,32.0,2.2949248353884526,108,44.0,-135.0,0.41,214.17,
2025-03-18 07:39:17,217.0,143.0,224.0,55.0,214.0,66.0,225.0,33.0,220.5,7.0,209.0,88.0,2.165105078300352,297,121.0,163.0,0.41,214.17,
2025-03-18 07:39:18,217.0,143.0,224.0,55.0,214.0,82.0,301.89,27.0,220.5,7.0,225.0,82.0,0.5456005865842368,307,143.0,10.0,0.47,214.17,
2025-03-18 07:39:19,217.0,91.0,224.0,35.0,214.0,70.0,226.0,28.0,220.5,7.0,161.0,63.0,0.0,224,98.0,-83.0,0.44,214.17,
2025-03-18 07:39:20,217.0,142.0,223.71,28.0,214.0,120.0,224.57,56.0,220.36,6.710000000000008,262.0,84.0,0.0626099040157811,346,178.0,122.0,0.51,217.0,2.0
2025-03-18 07:39:21,217.0,154.0,220.79,39.0,214.0,140.0,223.24,49.0,218.9,3.789999999999992,294.0,88.0,0.7025097864664739,382,206.0,36.0,0.54,217.0,
2025-03-18 07:39:22,217.0,187.0,219.9,31.0,214.0,170.0,220.7,20.0,218.45,2.9000000000000057,357.0,51.0,0.9885949626017598,408,306.0,26.0,0.75,217.0,
2025-03-18 07:39:23,214.5,131.0,216.82,22.0,210.46,174.0,218.78,18.0,215.66,2.319999999999993,305.0,40.0,1.9565479805214432,345,265.0,-63.0,0.77,215.33,3.0
2025-03-18 07:39:24,214.0,99.0,225.0,24.0,210.18,51.0,228.5,60.0,219.5,11.0,150.0,84.0,1.779067171323989,234,66.0,-111.0,0.28,214.0,3.0
2025-03-18 07:39:25,214.0,42.0,225.0,21.0,211.0,7.0,226.0,39.0,219.5,11.0,49.0,60.0,1.5953118817594538,109,-11.0,-125.0,-0.1,214.0,
2025-03-18 07:39:26,214.43,46.0,225.0,23.0,212.89,19.0,226.0,54.0,219.72,10.569999999999991,65.0,77.0,1.6981401591396168,142,-12.0,33.0,-0.08,214.0,
2025-03-18 07:39:32,216.0,52.0,222.0,26.0,214.0,143.0,222.64,22.0,219.0,6.0,195.0,48.0,1.3772436240839,243,147.0,140.0,0.6,217.2,5.0
2025-03-18 07:39:33,216.0,30.0,219.33,24.0,214.0,132.0,221.0,24.0,217.67,3.3300000000000125,162.0,48.0,2.077397410242126,210,114.0,-33.0,0.54,216.0,3.0
2025-03-18 07:39:34,214.25,56.0,217.65,23.0,213.26,102.0,220.2,20.0,215.95,3.4000000000000057,158.0,43.0,2.5847378977532776,201,115.0,-9.0,0.57,214.5,4.0
2025-03-18 07:39:35,214.0,80.0,215.45,22.0,211.97,58.0,216.87,23.0,214.73,1.4499999999999886,138.0,45.0,2.694897029588241,183,93.0,-18.0,0.51,214.0,4.0
2025-03-18 07:39:36,214.0,29.0,215.14,14.0,211.0,40.0,218.2,10.0,214.57,1.1399999999999864,69.0,24.0,1.9178060381813773,93,45.0,-90.0,0.48,214.0,1.0
2025-03-18 07:39:37,214.0,23.0,218.11,18.0,211.0,65.0,224.38,37.0,216.06,4.110000000000014,88.0,55.0,1.2494718884734906,143,33.0,50.0,0.23,214.0,2.0
2025-03-18 07:39:38,214.0,7.0,222.0,7.0,211.0,35.0,224.0,28.0,218.0,8.0,42.0,35.0,1.375561703481693,77,7.0,-66.0,0.09,214.0,
2025-03-18 07:39:39,214.0,10.0,222.0,10.0,211.0,50.0,224.0,40.0,218.0,8.0,60.0,50.0,1.680139875154762,110,10.0,33.0,0.09,214.0,
2025-03-18 07:39:40,210.07,84.0,222.0,8.0,209.57,42.0,224.0,32.0,216.04,11.930000000000009,126.0,40.0,1.4683596290026495,166,86.0,56.0,0.52,211.5,6.0
2025-03-18 07:39:41,210.5,14.0,222.0,8.0,209.98,64.0,224.0,32.0,216.25,11.5,78.0,40.0,1.034794665662935,118,38.0,-48.0,0.32,210.33,3.0
2025-03-18 07:39:42,210.0,119.0,220.35,17.0,209.0,17.0,223.7,47.0,215.18,10.349999999999994,136.0,64.0,1.257807616483794,200,72.0,82.0,0.36,210.0,5.0
2025-03-18 07:39:43,210.88,34.0,222.0,17.0,209.61,36.0,243.68,38.0,216.44,11.120000000000005,70.0,55.0,1.0247536289689183,125,15.0,-75.0,0.12,210.0,
2025-03-18 07:39:44,211.0,24.0,220.11,28.0,209.0,36.0,227.0,16.0,215.55,9.110000000000014,60.0,44.0,0.5182373974207745,104,16.0,-21.0,0.15,210.0,
2025-03-18 07:39:45,211.27,30.0,216.74,43.0,209.39,41.0,219.2,45.0,214.01,5.469999999999999,71.0,88.0,0.970839842654733,159,-17.0,55.0,-0.11,210.0,
2025-03-18 07:39:46,211.0,26.0,216.0,39.0,208.83,24.0,217.0,39.0,213.5,5.0,50.0,78.0,1.1851286850322995,128,-28.0,-31.0,-0.22,210.0,
2025-03-18 07:39:47,209.0,26.0,214.11,54.0,207.27,49.0,216.28,54.0,211.56,5.110000000000014,75.0,108.0,1.893084784178204,183,-33.0,55.0,-0.18,210.4,5.0
2025-03-18 07:39:48,208.0,18.0,210.47,47.0,205.57,84.0,211.93,45.0,209.23,2.469999999999999,102.0,92.0,2.4389854448291315,194,10.0,11.0,0.05,209.0,1.0
2025-03-18 07:39:49,206.0,38.0,208.3,56.0,204.0,114.0,209.21,71.0,207.15,2.300000000000012,152.0,127.0,2.8956260117787656,279,25.0,85.0,0.09,209.0,
2025-03-18 07:39:50,204.57,42.0,207.6,35.0,199.26,76.0,209.0,36.0,206.09,3.030000000000001,118.0,71.0,3.060511395190546,189,47.0,-90.0,0.25,206.0,2.0
2025-03-18 07:39:51,203.7,60.0,210.12,34.0,196.67,90.0,208.6,30.0,206.91,6.420000000000016,150.0,64.0,2.2118137353973317,214,86.0,25.0,0.4,207.12,8.0
2025-03-18 07:39:52,203.0,42.0,215.39,23.0,195.0,56.0,300.89,19.0,209.2,12.389999999999986,98.0,42.0,1.4237555970364677,140,56.0,-74.0,0.4,215.0,5.0
2025-03-18 07:39:53,203.0,42.0,218.0,7.0,176.56,41.0,323.0,35.0,210.5,15.0,83.0,42.0,1.8196290831080009,125,41.0,-15.0,0.33,215.0,
2025-03-18 07:39:54,205.24,25.0,218.0,10.0,186.76,51.0,346.88,26.0,211.62,12.759999999999993,76.0,36.0,2.3397713563704783,112,40.0,-13.0,0.36,215.0,
2025-03-18 07:39:55,205.46,39.0,211.33,24.0,185.0,48.0,250.82,17.0,208.4,5.8700000000000045,87.0,41.0,1.8269592223395097,128,46.0,16.0,0.36,215.0,
2025-03-18 07:39:56,206.0,66.0,209.5,32.0,203.0,66.0,210.88,32.0,207.75,3.5,132.0,64.0,1.5697706839189065,196,68.0,68.0,0.35,209.0,3.0
2025-03-18 07:39:57,206.0,84.0,208.33,15.0,203.0,84.0,209.62,26.0,207.17,2.3300000000000125,168.0,41.0,1.8938769759653231,209,127.0,13.0,0.61,209.0,
2025-03-18 07:39:58,206.4,45.0,208.73,11.0,204.5,60.0,209.95,38.0,207.56,2.329999999999984,105.0,49.0,1.7999583328766278,154,56.0,-55.0,0.36,206.0,1.0
2025-03-18 07:39:59,207.22,27.0,209.0,9.0,205.33,45.0,210.0,36.0,208.11,1.7800000000000011,72.0,45.0,0.4777760982851234,117,27.0,-37.0,0.23,206.0,
2025-03-18 07:40:00,205.12,40.0,209.8,25.0,202.91,55.0,212.5,40.0,207.46,4.680000000000007,95.0,65.0,0.3493565515239371,160,30.0,43.0,0.19,209.0,1.0
2025-03-18 07:40:01,203.58,55.0,210.0,64.0,197.77,113.0,215.0,64.0,206.79,6.419999999999988,168.0,128.0,0.4890500997779777,296,40.0,136.0,0.14,204.0,1.0
2025-03-18 07:40:02,207.16,19.0,210.0,44.0,205.83,12.0,213.11,38.0,208.58,2.8400000000000034,31.0,82.0,0.6796690371736981,113,-51.0,-165.0,-0.45,208.0,1.0
2025-03-18 07:40:03,207.04,209.0,210.0,63.0,204.2,25.0,211.0,57.0,208.52,2.960000000000008,234.0,120.0,0.7609664907816021,354,114.0,163.0,0.32,210.0,1.0
2025-03-18 07:40:04,207.12,160.0,210.0,24.0,206.0,8.0,211.0,24.0,208.56,2.8799999999999955,168.0,48.0,0.8176918735638674,216,120.0,-138.0,0.56,210.0,
2025-03-18 07:40:05,208.49,186.0,210.34,35.0,202.64,25.0,212.49,43.0,209.42,1.8499999999999943,211.0,78.0,0.9619667354394624,289,133.0,73.0,0.46,207.6,5.0
2025-03-18 07:40:06,203.56,50.0,211.8,30.0,200.31,39.0,236.15,39.0,207.68,8.240000000000009,89.0,69.0,0.6155647813933973,158,20.0,-131.0,0.13,211.0,3.0
2025-03-18 07:40:07,208.14,70.0,214.49,35.0,205.05,88.0,256.82,44.0,211.31,6.350000000000023,158.0,79.0,1.3812023747776505,237,79.0,79.0,0.33,209.0,3.0
2025-03-18 07:40:08,213.84,128.0,272.32,57.0,212.23,52.0,481.05,43.0,243.08,58.47999999999999,180.0,100.0,15.192057135229762,280,80.0,43.0,0.29,213.0,4.0
2025-03-18 07:40:09,216.59,34.0,298.91,54.0,214.68,214.0,305.47,43.0,257.75,82.32000000000002,248.0,97.0,23.05422022103712,345,151.0,65.0,0.44,213.0,
2025-03-18 07:40:10,218.0,16.0,302.78,32.0,217.0,22.0,303.61,23.0,260.39,84.77999999999997,38.0,55.0,25.14791581821578,93,-17.0,-165.0,-0.18,218.0,1.0
2025-03-18 07:40:11,217.43,7.0,245.73,15.0,216.6,10.0,302.55,22.0,231.58,28.299999999999983,17.0,37.0,20.192418626803068,54,-20.0,-39.0,-0.37,217.5,2.0
2025-03-18 07:40:12,215.03,138.0,218.41,22.0,210.4,10.0,225.24,38.0,216.72,3.3799999999999955,148.0,60.0,18.26902925718996,208,88.0,154.0,0.42,215.6,5.0
2025-03-18 07:40:13,215.0,106.0,216.0,32.0,210.88,8.0,217.0,8.0,215.5,1.0,114.0,40.0,21.671909698964416,154,74.0,-54.0,0.48,215.0,10.0
2025-03-18 07:40:14,215.0,66.0,216.0,40.0,214.0,10.0,217.0,10.0,215.5,1.0,76.0,50.0,19.37554954059564,126,26.0,-28.0,0.21,215.0,4.0
2025-03-18 07:40:15,215.0,15.0,216.0,10.0,214.0,5.0,217.0,5.0,215.5,1.0,20.0,15.0,7.074545921830246,35,5.0,-91.0,0.14,216.0,2.0
2025-03-18 07:40:16,214.77,13.0,221.22,23.0,212.71,7.0,222.83,12.0,217.99,6.449999999999989,20.0,35.0,1.11081951733289,55,-15.0,20.0,-0.27,215.0,3.0
2025-03-18 07:40:17,214.0,4.0,224.0,20.0,211.0,4.0,443.0,8.0,219.0,10.0,8.0,28.0,1.6788448409806105,36,-20.0,-19.0,-0.56,215.0,
2025-03-18 07:40:18,214.0,2.0,224.0,10.0,211.0,2.0,255.0,2.0,219.0,10.0,4.0,12.0,1.7810165636755009,16,-8.0,-20.0,-0.5,215.0,
2025-03-18 07:40:19,214.0,4.0,224.0,20.0,211.0,4.0,255.0,4.0,219.0,10.0,8.0,24.0,1.516746518072734,32,-16.0,16.0,-0.5,215.0,
2025-03-18 07:40:20,214.95,59.0,224.0,55.0,213.18,11.0,255.0,11.0,219.47,9.050000000000011,70.0,66.0,0.5437554598208129,136,4.0,104.0,0.03,215.0,
2025-03-18 07:40:21,214.94,31.0,224.0,40.0,213.7,10.0,255.0,8.0,219.47,9.060000000000002,41.0,48.0,0.2574296021918206,89,-7.0,-47.0,-0.08,215.0,7.0
2025-03-18 07:40:22,210.0,8.0,223.0,16.0,206.38,24.0,224.94,32.0,216.5,13.0,32.0,48.0,1.2454998996728823,80,-16.0,-9.0,-0.2,212.25,4.0
2025-03-18 07:40:23,210.0,7.0,221.87,23.0,207.0,21.0,222.21,19.0,215.93,11.870000000000005,28.0,42.0,1.719688925383248,70,-14.0,-10.0,-0.2,212.25,
2025-03-18 07:40:24,217.38,26.0,221.0,6.0,208.2,10.0,222.0,30.0,219.19,3.620000000000005,36.0,36.0,1.7471462446188488,72,0.0,2.0,0.0,212.25,
2025-03-18 07:40:25,218.0,42.0,220.0,7.0,210.0,7.0,222.0,35.0,219.0,2.0,49.0,42.0,1.6666043321934103,91,7.0,19.0,0.08,212.25,
2025-03-18 07:40:26,218.0,36.0,219.0,6.0,210.0,6.0,222.0,30.0,218.5,1.0,42.0,36.0,1.503838422200354,78,6.0,-13.0,0.08,212.25,
2025-03-18 07:40:27,218.0,38.0,221.61,23.0,210.0,7.0,246.39,23.0,219.8,3.6100000000000136,45.0,46.0,1.5016424341651182,91,-1.0,13.0,-0.01,218.0,1.0
2025-03-18 07:40:28,218.0,40.0,222.0,40.0,214.46,28.0,334.0,8.0,220.0,4.0,68.0,48.0,0.6087035403909432,116,20.0,25.0,0.17,218.0,
2025-03-18 07:40:29,218.0,35.0,222.0,35.0,215.0,35.0,375.71,7.0,220.0,4.0,70.0,42.0,0.6767569726898239,112,28.0,-4.0,0.25,218.0,
2025-03-18 07:40:30,218.0,77.0,240.07,54.0,215.0,95.0,369.74,57.0,229.04,22.069999999999997,172.0,111.0,4.278915750523961,283,61.0,163.0,0.22,218.0,1.0
2025-03-18 07:40:31,218.0,40.0,233.7,40.0,215.0,60.0,303.56,43.0,225.85,15.699999999999989,100.0,83.0,4.266874734519448,183,17.0,-100.0,0.09,218.0,
2025-03-18 07:40:32,218.0,34.0,222.0,44.0,215.0,66.0,259.9,39.0,220.0,4.0,100.0,83.0,4.230888795522801,183,17.0,0.0,0.09,218.0,1.0
2025-03-18 07:40:33,218.09,22.0,222.0,32.0,215.2,45.0,407.75,8.0,220.05,3.9099999999999966,67.0,40.0,4.222140452434089,107,27.0,-76.0,0.25,218.0,
2025-03-18 07:40:35,215.0,33.0,222.0,36.0,214.0,21.0,510.0,9.0,218.5,7.0,54.0,45.0,2.815665107942063,99,9.0,-11.0,0.09,218.0,
2025-03-18 07:40:36,215.33,36.0,222.0,36.0,214.5,24.0,381.0,45.0,218.67,6.669999999999988,60.0,81.0,0.981514136466658,141,-21.0,42.0,-0.15,218.0,
2025-03-18 07:40:37,216.0,40.0,222.0,40.0,215.0,10.0,347.33,30.0,219.0,6.0,50.0,70.0,0.9820234213521044,120,-20.0,-21.0,-0.17,218.0,
2025-03-18 07:40:38,215.24,29.0,222.0,24.0,213.89,18.0,300.83,18.0,218.62,6.759999999999991,47.0,42.0,0.9539549256041314,89,5.0,-31.0,0.06,215.8,5.0
2025-03-18 07:40:39,213.67,57.0,221.92,39.0,212.9,40.0,271.19,21.0,217.79,8.25,97.0,60.0,0.4461277844799624,157,37.0,68.0,0.24,214.56,9.0
2025-03-18 07:40:40,213.0,64.0,218.88,25.0,210.0,12.0,220.87,31.0,215.94,5.879999999999996,76.0,56.0,1.237024656215673,132,20.0,-25.0,0.15,213.0,5.0
2025-03-18 07:40:41,213.0,30.0,216.0,19.0,206.67,72.0,218.08,24.0,214.5,3.0,102.0,43.0,1.9024720760332643,145,59.0,13.0,0.41,216.2,5.0
2025-03-18 07:40:42,211.36,22.0,214.3,10.0,206.53,102.0,221.86,28.0,212.83,2.9399999999999977,124.0,38.0,2.3638168287935324,162,86.0,17.0,0.53,213.0,1.0
2025-03-18 07:40:43,211.0,24.0,216.64,11.0,210.0,24.0,226.14,29.0,213.82,5.639999999999986,48.0,40.0,1.9375319352435127,88,8.0,-74.0,0.09,213.0,1.0
2025-03-18 07:40:44,210.79,42.0,231.5,34.0,207.69,78.0,320.38,21.0,221.14,20.710000000000008,120.0,55.0,3.2729161309278614,175,65.0,87.0,0.37,211.0,3.0
2025-03-18 07:40:45,210.0,11.0,211.11,57.0,206.0,165.0,217.38,26.0,210.55,1.1100000000000136,176.0,83.0,3.9661152277876144,259,93.0,84.0,0.36,210.0,2.0
2025-03-18 07:40:46,209.13,15.0,210.4,57.0,204.55,73.0,213.75,40.0,209.77,1.2700000000000102,88.0,97.0,4.512811762093529,185,-9.0,-74.0,-0.05,210.0,3.0
2025-03-18 07:40:47,206.26,23.0,211.0,27.0,113.67,54.0,214.86,22.0,208.63,4.740000000000009,77.0,49.0,5.05536052127744,126,28.0,-59.0,0.22,210.0,3.0
2025-03-18 07:40:48,206.0,30.0,209.0,30.0,171.77,13.0,212.0,30.0,207.5,3.0,43.0,60.0,5.501369829423556,103,-17.0,-23.0,-0.17,210.0,
2025-03-18 07:40:49,206.15,27.0,209.0,28.0,205.53,17.0,212.0,33.0,207.57,2.8499999999999943,44.0,61.0,1.344908918884299,105,-17.0,2.0,-0.16,209.0,1.0
2025-03-18 07:40:50,206.31,39.0,213.62,26.0,204.4,15.0,218.22,27.0,209.96,7.310000000000002,54.0,53.0,1.1676172318421152,107,1.0,2.0,0.01,210.8,5.0
2025-03-18 07:40:51,206.67,9.0,214.0,10.0,202.38,13.0,219.0,10.0,210.33,7.3300000000000125,22.0,20.0,1.3151311722009094,42,2.0,-65.0,0.05,210.0,3.0
2025-03-18 07:40:52,204.0,9.0,212.52,21.0,201.0,27.0,214.18,22.0,208.26,8.52000000000001,36.0,43.0,1.3371723898191328,79,-7.0,37.0,-0.09,210.0,
2025-03-18 07:40:53,204.8,10.0,210.5,30.0,202.57,14.0,212.0,20.0,207.65,5.699999999999989,24.0,50.0,1.3041203932515504,74,-26.0,-5.0,-0.35,210.0,
2025-03-18 07:40:54,207.27,74.0,210.0,42.0,204.43,14.0,212.0,28.0,208.64,2.7299999999999898,88.0,70.0,1.1385385369386347,158,18.0,84.0,0.11,210.0,
2025-03-18 07:40:55,208.03,79.0,210.79,33.0,207.02,207.0,213.4,30.0,209.41,2.759999999999991,286.0,63.0,1.0411387996297468,349,223.0,163.0,0.64,208.33,3.0
2025-03-18 07:40:56,208.0,35.0,210.0,14.0,207.0,133.0,212.0,14.0,209.0,2.0,168.0,28.0,0.6773994391012632,196,140.0,-153.0,0.71,208.33,
2025-03-18 07:40:57,208.0,60.0,210.0,24.0,207.0,228.0,212.0,24.0,209.0,2.0,288.0,48.0,0.6674953184064776,336,240.0,140.0,0.71,208.33,
2025-03-18 07:40:58,208.44,80.0,211.5,32.0,206.9,232.0,214.31,35.0,209.97,3.0600000000000023,312.0,67.0,0.5075726549905242,379,245.0,43.0,0.65,211.0,4.0
2025-03-18 07:40:59,209.64,64.0,218.0,28.0,205.09,22.0,228.76,51.0,213.82,8.360000000000014,86.0,79.0,2.040428876509329,165,7.0,-165.0,0.04,211.0,
2025-03-18 07:41:00,211.78,46.0,218.0,36.0,209.5,70.0,250.49,69.0,214.89,6.219999999999999,116.0,105.0,2.809845191481561,221,11.0,56.0,0.05,212.0,3.0
2025-03-18 07:41:01,211.0,44.0,218.0,22.0,203.0,11.0,339.6,50.0,214.5,7.0,55.0,72.0,2.742486098431679,127,-17.0,-94.0,-0.13,212.0,
2025-03-18 07:41:02,210.74,31.0,218.0,20.0,200.86,14.0,520.5,50.0,214.37,7.259999999999991,45.0,70.0,2.0156760652669363,115,-25.0,-12.0,-0.22,211.0,4.0
2025-03-18 07:41:03,203.0,11.0,216.32,38.0,197.0,55.0,476.87,31.0,209.66,13.319999999999991,66.0,69.0,2.151945631304398,135,-3.0,20.0,-0.02,211.0,
2025-03-18 07:41:04,204.87,15.0,212.87,60.0,200.17,23.0,218.0,30.0,208.87,8.0,38.0,90.0,2.934394315713392,128,-52.0,-7.0,-0.41,211.0,
2025-03-18 07:41:05,206.4,10.0,212.0,40.0,202.0,10.0,218.0,20.0,209.2,5.599999999999994,20.0,60.0,2.857770109734552,80,-40.0,-48.0,-0.5,211.0,
2025-03-18 07:41:06,207.95,114.0,209.68,41.0,203.64,14.0,212.77,26.0,208.82,1.7300000000000182,128.0,67.0,2.363922587584744,195,61.0,115.0,0.31,208.2,5.0
2025-03-18 07:41:07,207.59,103.0,209.0,72.0,200.92,39.0,210.0,15.0,208.3,1.4099999999999966,142.0,87.0,0.5025932750192187,229,55.0,34.0,0.24,208.33,12.0
2025-03-18 07:41:08,201.0,12.0,209.0,4.0,200.0,4.0,210.0,4.0,205.0,8.0,16.0,8.0,1.7285890200089442,24,8.0,-165.0,0.33,208.33,
2025-03-18 07:41:09,201.0,24.0,259.33,9.0,200.0,8.0,299.05,19.0,230.17,58.329999999999984,32.0,28.0,10.128515192272316,60,4.0,36.0,0.07,211.25,4.0
2025-03-18 07:41:10,216.72,29.0,405.33,24.0,211.86,22.0,431.33,24.0,311.03,188.61,51.0,48.0,44.93018951662757,99,3.0,39.0,0.03,211.25,
2025-03-18 07:41:16,216.96,47.0,265.0,45.0,215.62,64.0,266.0,36.0,240.98,48.03999999999999,111.0,81.0,13.048261186842256,192,30.0,-31.0,0.16,219.0,3.0
2025-03-18 07:41:17,217.79,78.0,265.0,55.0,215.93,86.0,266.0,44.0,241.4,47.21000000000001,164.0,99.0,1.239507966920358,263,65.0,71.0,0.25,219.0,
2025-03-18 07:41:18,218.0,140.0,264.35,94.0,216.0,160.0,265.88,82.0,241.18,46.35000000000002,300.0,176.0,0.9437160590238473,476,124.0,163.0,0.26,219.0,
2025-03-18 07:41:19,216.35,68.0,262.89,62.0,215.53,90.0,265.18,55.0,239.62,46.53999999999999,158.0,117.0,1.047988549584448,275,41.0,-165.0,0.15,218.0,7.0
2025-03-18 07:41:20,216.0,40.0,258.56,18.0,215.0,30.0,262.83,24.0,237.28,42.56,70.0,42.0,1.718522621341086,112,28.0,-163.0,0.25,218.0,
2025-03-18 07:41:21,216.0,112.0,229.33,69.0,215.0,90.0,257.23,52.0,222.67,13.330000000000013,202.0,121.0,7.866060004860409,323,81.0,163.0,0.25,216.0,3.0
2025-03-18 07:41:22,216.0,56.0,226.69,58.0,215.0,72.0,246.36,50.0,221.34,10.689999999999998,128.0,108.0,9.61803098352611,236,20.0,-87.0,0.08,216.0,4.0
2025-03-18 07:41:23,216.0,13.0,224.55,64.0,215.0,78.0,225.6,53.0,220.27,8.550000000000011,91.0,117.0,9.399224968053064,208,-26.0,-28.0,-0.12,216.0,
2025-03-18 07:41:24,215.3,20.0,222.0,65.0,214.51,71.0,224.0,52.0,218.65,6.699999999999989,91.0,117.0,7.545354199775927,208,-26.0,0.0,-0.12,215.2,5.0
2025-03-18 07:41:25,215.14,44.0,222.0,55.0,214.55,47.0,224.0,44.0,218.57,6.860000000000014,91.0,99.0,1.7617321022448225,190,-8.0,-18.0,-0.04,214.5,4.0
2025-03-18 07:41:26,218.0,10.0,221.35,48.0,216.0,60.0,223.29,42.0,219.68,3.3499999999999943,70.0,90.0,1.1612794668298392,160,-20.0,-30.0,-0.12,214.5,
2025-03-18 07:41:27,216.05,40.0,219.85,33.0,214.14,83.0,220.64,55.0,217.95,3.799999999999983,123.0,88.0,0.9330487661860548,211,35.0,51.0,0.17,216.33,6.0
2025-03-18 07:41:28,216.0,16.0,218.62,16.0,214.0,112.0,220.79,76.0,217.31,2.6200000000000045,128.0,92.0,0.8825077903803203,220,36.0,9.0,0.16,219.75,4.0
2025-03-18 07:41:29,214.1,42.0,216.84,56.0,212.82,34.0,228.42,36.0,215.47,2.740000000000009,76.0,92.0,1.5667418421943902,168,-16.0,-52.0,-0.1,214.33,6.0
2025-03-18 07:41:30,213.6,20.0,217.17,46.0,211.67,24.0,233.85,26.0,215.39,3.569999999999993,44.0,72.0,1.8018046509217924,116,-28.0,-52.0,-0.24,214.0,2.0
2025-03-18 07:41:31,212.0,24.0,229.42,36.0,211.0,48.0,261.25,16.0,220.71,17.419999999999987,72.0,52.0,2.180935579076823,124,20.0,8.0,0.16,214.0,
2025-03-18 07:41:32,212.0,12.0,228.0,18.0,211.0,24.0,355.81,21.0,220.0,16.0,36.0,39.0,2.4890922040138808,75,-3.0,-49.0,-0.04,214.0,
2025-03-18 07:41:33,213.88,34.0,228.0,15.0,211.83,12.0,417.67,18.0,220.94,14.120000000000005,46.0,33.0,2.825804310295005,79,13.0,4.0,0.16,214.0,
2025-03-18 07:41:34,214.0,56.0,228.0,21.0,213.0,14.0,273.0,21.0,221.0,14.0,70.0,42.0,2.391206808304238,112,28.0,33.0,0.25,214.0,
2025-03-18 07:41:35,214.0,74.0,227.81,31.0,213.0,22.0,325.68,25.0,220.9,13.810000000000002,96.0,56.0,0.4114608123250934,152,40.0,40.0,0.26,214.0,2.0
2025-03-18 07:41:36,214.0,42.0,220.29,21.0,213.0,14.0,227.14,7.0,217.14,6.289999999999992,56.0,28.0,1.6487207162160828,84,28.0,-68.0,0.33,214.0,
2025-03-18 07:41:37,215.86,7.0,220.0,21.0,214.0,42.0,234.0,7.0,217.93,4.139999999999986,49.0,28.0,1.889740722977768,77,21.0,-7.0,0.27,214.0,
2025-03-18 07:41:38,216.0,8.0,220.0,24.0,214.0,48.0,249.3,20.0,218.0,4.0,56.0,44.0,1.8175753079532104,100,12.0,23.0,0.12,214.0,
2025-03-18 07:41:39,216.0,12.0,218.67,36.0,214.48,58.0,235.0,36.0,217.33,2.6699999999999875,70.0,72.0,1.5219559783653551,142,-2.0,42.0,-0.01,214.0,
2025-03-18 07:41:40,216.05,19.0,218.15,39.0,214.79,56.0,227.58,38.0,217.1,2.0999999999999943,75.0,77.0,0.4339930875981089,152,-2.0,10.0,-0.01,217.0,1.0
2025-03-18 07:41:41,214.57,49.0,217.16,31.0,213.67,72.0,259.04,28.0,215.87,2.5900000000000034,121.0,59.0,0.8599593014109699,180,62.0,28.0,0.34,214.8,5.0
2025-03-18 07:41:42,214.0,23.0,223.07,14.0,212.0,14.0,275.5,18.0,218.54,9.069999999999991,37.0,32.0,1.0112220330288946,69,5.0,-111.0,0.07,214.0,3.0
2025-03-18 07:41:43,214.0,12.0,230.0,6.0,212.0,6.0,236.0,12.0,222.0,16.0,18.0,18.0,2.342342844265569,36,0.0,-33.0,0.0,214.0,
2025-03-18 07:41:44,214.0,20.0,230.0,12.0,212.0,12.0,244.75,24.0,222.0,16.0,32.0,36.0,2.809202733887494,68,-4.0,32.0,-0.06,214.0,1.0
2025-03-18 07:41:45,214.0,9.0,229.09,11.0,212.0,9.0,268.53,17.0,221.55,15.090000000000003,18.0,28.0,2.7198658055278893,46,-10.0,-22.0,-0.22,214.0,
2025-03-18 07:41:46,213.67,12.0,227.65,23.0,211.71,14.0,228.08,49.0,220.66,13.980000000000018,26.0,72.0,1.4540632723780205,98,-46.0,52.0,-0.47,214.0,1.0
2025-03-18 07:41:47,212.0,11.0,220.64,11.0,211.0,22.0,227.78,23.0,216.32,8.639999999999986,33.0,34.0,2.4031396131060005,67,-1.0,-31.0,-0.01,212.0,1.0
2025-03-18 07:41:48,210.67,36.0,212.85,20.0,209.18,66.0,227.71,52.0,211.76,2.180000000000007,102.0,72.0,4.370048054665065,174,30.0,107.0,0.17,210.67,3.0
2025-03-18 07:41:49,209.2,30.0,211.43,35.0,207.69,70.0,225.77,13.0,210.31,2.230000000000018,100.0,48.0,5.0720360803216815,148,52.0,-26.0,0.35,210.0,2.0
2025-03-18 07:41:50,207.0,44.0,212.0,11.0,183.0,66.0,214.91,11.0,209.5,5.0,110.0,22.0,4.695774696478527,132,88.0,-16.0,0.67,210.0,
2025-03-18 07:41:51,207.0,48.0,209.92,12.0,127.0,72.0,211.67,12.0,208.46,2.9199999999999875,120.0,24.0,3.0697394026352094,144,96.0,12.0,0.67,210.0,
2025-03-18 07:41:52,207.0,48.0,208.62,13.0,181.58,72.0,210.42,12.0,207.81,1.6200000000000043,120.0,25.0,1.555496705266006,145,95.0,1.0,0.66,210.0,
2025-03-18 07:41:56,218.0,10.0,258.6,20.0,215.0,90.0,399.38,29.0,238.3,40.60000000000002,100.0,49.0,27.70349111574396,149,51.0,-38.0,0.34,210.0,
2025-03-18 07:41:57,218.0,11.0,415.72,29.0,215.55,87.0,477.46,26.0,316.86,197.72000000000003,98.0,55.0,59.145620886081474,153,43.0,4.0,0.28,210.0,
2025-03-18 07:41:58,218.0,11.0,426.65,26.0,217.0,66.0,529.81,21.0,322.33,208.65,77.0,47.0,67.0885509606523,124,30.0,-29.0,0.24,210.0,
2025-03-18 07:41:59,218.0,8.0,403.3,23.0,217.0,48.0,522.06,16.0,310.65,185.3,56.0,39.0,51.0895256388235,95,17.0,-29.0,0.18,210.0,
2025-03-18 07:42:04,216.54,52.0,258.0,24.0,215.96,46.0,476.62,26.0,237.27,41.46000000000001,98.0,50.0,49.07175480864686,148,48.0,60.0,0.32,220.0,2.0
2025-03-18 07:42:05,216.0,9.0,251.4,20.0,215.0,81.0,418.38,13.0,233.7,35.400000000000006,90.0,33.0,56.41306923045391,123,57.0,-25.0,0.46,220.0,
2025-03-18 07:42:06,217.0,50.0,257.35,17.0,216.0,12.0,287.53,19.0,237.18,40.35000000000002,62.0,36.0,60.801880069616296,98,26.0,-25.0,0.27,217.0,1.0
2025-03-18 07:42:07,217.0,38.0,254.93,30.0,216.0,12.0,258.92,24.0,235.97,37.93000000000001,50.0,54.0,44.87415703943678,104,-4.0,6.0,-0.04,217.0,2.0
2025-03-18 07:42:08,217.0,30.0,251.43,21.0,216.0,15.0,254.25,24.0,234.21,34.43000000000001,45.0,45.0,1.6539740022324023,90,0.0,-14.0,0.0,217.0,
2025-03-18 07:42:09,215.08,103.0,236.97,58.0,214.1,41.0,242.17,24.0,226.02,21.889999999999983,144.0,82.0,4.361837915381959,226,62.0,136.0,0.27,216.0,5.0
2025-03-18 07:42:10,215.0,49.0,230.62,13.0,214.0,21.0,232.82,22.0,222.81,15.620000000000005,70.0,35.0,6.418541111503966,105,35.0,-121.0,0.33,216.0,
2025-03-18 07:42:11,215.0,84.0,229.5,18.0,214.0,36.0,230.92,39.0,222.25,14.5,120.0,57.0,6.435963020408882,177,63.0,72.0,0.36,215.0,3.0
2025-03-18 07:42:12,215.71,28.0,228.12,50.0,214.29,38.0,229.06,35.0,221.92,12.409999999999997,66.0,85.0,5.165575476176343,151,-19.0,-26.0,-0.13,215.0,2.0
2025-03-18 07:42:15,215.35,68.0,219.96,24.0,214.8,90.0,220.87,39.0,217.66,4.610000000000014,158.0,63.0,2.2017606591272045,221,95.0,91.0,0.43,218.0,1.0
2025-03-18 07:42:16,215.0,96.0,216.89,27.0,214.0,36.0,218.12,33.0,215.94,1.8899999999999864,132.0,60.0,3.0819182338410616,192,72.0,-29.0,0.38,215.0,1.0
2025-03-18 07:42:17,215.0,81.0,216.9,40.0,214.0,39.0,245.13,46.0,215.95,1.9000000000000057,120.0,86.0,3.272633496144004,206,34.0,14.0,0.17,215.0,1.0
2025-03-18 07:42:18,215.0,51.0,216.97,37.0,214.0,30.0,299.64,22.0,215.99,1.9699999999999989,81.0,59.0,2.0779870067172763,140,22.0,-66.0,0.16,215.0,1.0
2025-03-18 07:42:19,215.0,54.0,217.0,44.0,214.0,33.0,309.86,43.0,216.0,2.0,87.0,87.0,0.7562208672650937,174,0.0,34.0,0.0,215.0,4.0
2025-03-18 07:42:20,215.0,14.0,216.57,28.0,214.0,21.0,308.0,35.0,215.79,1.5699999999999932,35.0,63.0,0.0844393278496559,98,-28.0,-76.0,-0.29,215.0,
2025-03-18 07:42:21,214.16,25.0,317.72,39.0,211.55,33.0,509.35,34.0,265.94,103.56000000000004,58.0,73.0,22.36419303261518,131,-15.0,33.0,-0.11,215.0,2.0
2025-03-18 07:42:22,212.8,25.0,278.22,23.0,210.75,40.0,291.82,33.0,245.51,65.42000000000002,65.0,56.0,22.96415315225155,121,9.0,-10.0,0.07,213.25,4.0
2025-03-18 07:42:23,210.38,37.0,278.0,30.0,208.26,62.0,303.75,40.0,244.19,67.62,99.0,70.0,21.513501109769575,169,29.0,48.0,0.17,210.5,10.0
2025-03-18 07:42:24,210.36,44.0,278.0,24.0,207.44,50.0,464.25,24.0,244.18,67.63999999999999,94.0,48.0,17.858204557011017,142,46.0,-27.0,0.32,209.5,4.0
2025-03-18 07:42:25,211.86,56.0,278.0,24.0,209.0,98.0,487.38,24.0,244.93,66.13999999999999,154.0,48.0,9.513997582511823,202,106.0,60.0,0.52,212.0,4.0
2025-03-18 07:42:26,213.26,31.0,278.0,21.0,209.0,105.0,336.0,21.0,245.63,64.74000000000001,136.0,42.0,0.6942045808308568,178,94.0,-24.0,0.53,213.0,1.0
2025-03-18 07:42:27,214.0,36.0,276.0,27.0,209.0,135.0,393.67,24.0,245.0,62.0,171.0,51.0,0.6126418203540204,222,120.0,44.0,0.54,213.0,
2025-03-18 07:42:28,214.86,28.0,274.0,21.0,209.21,94.0,310.0,14.0,244.43,59.13999999999999,122.0,35.0,0.5615425184673173,157,87.0,-65.0,0.55,213.0,
2025-03-18 07:42:30,215.44,36.0,273.0,27.0,209.16,124.0,324.44,18.0,244.22,57.56,160.0,45.0,0.929854827403808,205,115.0,101.0,0.56,220.0,4.0
2025-03-18 07:42:31,215.0,40.0,273.0,30.0,209.0,150.0,566.08,25.0,244.0,58.0,190.0,55.0,1.0048382954717765,245,135.0,40.0,0.55,220.0,
2025-03-18 07:42:32,215.0,28.0,273.0,21.0,209.0,105.0,424.0,21.0,244.0,58.0,133.0,42.0,1.060518741016351,175,91.0,-70.0,0.52,220.0,
2025-03-18 07:42:33,215.0,50.0,271.27,41.0,209.0,165.0,357.68,31.0,243.13,56.26999999999998,215.0,72.0,1.262022186828451,287,143.0,112.0,0.5,220.0,
2025-03-18 07:42:34,215.0,50.0,269.0,24.0,209.0,120.0,270.0,40.0,242.0,54.0,170.0,64.0,0.9220629046049376,234,106.0,-53.0,0.45,215.0,2.0
2025-03-18 07:42:35,215.0,36.0,269.5,24.0,209.0,90.0,340.0,21.0,242.25,54.5,126.0,45.0,0.9421411784064144,171,81.0,-63.0,0.47,215.0,
2025-03-18 07:42:36,215.0,77.0,268.33,33.0,209.0,199.0,328.31,29.0,241.67,53.329999999999984,276.0,62.0,0.9470744427180188,338,214.0,163.0,0.63,215.0,1.0
2025-03-18 07:42:37,215.0,50.0,251.75,40.0,209.61,115.0,260.29,28.0,233.38,36.75,165.0,68.0,4.009105885363031,233,97.0,-105.0,0.42,215.0,
2025-03-18 07:42:38,215.0,70.0,236.44,32.0,210.28,117.0,236.77,44.0,225.72,21.44,187.0,76.0,7.326563314409912,263,111.0,30.0,0.42,215.0,
2025-03-18 07:42:39,215.0,55.0,231.36,11.0,209.05,152.0,234.0,22.0,223.18,16.360000000000014,207.0,33.0,8.803672529124547,240,174.0,-23.0,0.72,215.0,
2025-03-18 07:42:40,215.0,60.0,228.53,17.0,210.0,92.0,229.97,36.0,221.76,13.53,152.0,53.0,8.316562992009857,205,99.0,-35.0,0.48,215.0,
2025-03-18 07:42:41,215.0,38.0,225.0,10.0,210.0,80.0,226.0,10.0,220.0,10.0,118.0,20.0,5.228969305711606,138,98.0,-67.0,0.71,215.0,3.0
2025-03-18 07:42:42,215.0,25.0,221.82,17.0,210.0,112.0,223.33,15.0,218.41,6.819999999999993,137.0,32.0,2.828582683974139,169,105.0,31.0,0.62,215.0,1.0
