DateTime,Bid1_Price,Bid1_Volume,Ask1_Price,Ask1_Volume,Bid2_Price,Bid2_Volume,Ask2_Price,Ask2_Volume,Mid-Price,Bid_Ask_Spread,Market_Depth_Bid,Market_Depth_Ask,Historical_Volatility,Total_volume,Cumulative_Volume_Difference,Total_Volume_Change_Corrected,Order_imbalance,Weighted_Avg_Price,Trade_Volume
2025-05-07 07:30:06,203.57,14.0,226.21,33.0,165.94,17.0,227.57,23.0,214.89,22.64000000000001,31.0,56.0,51.61742409303277,87,-25.0,-9.0,-0.29,207.0,2.0
2025-05-07 07:30:07,201.81,21.0,220.4,58.0,185.0,16.0,221.18,60.0,211.1,18.590000000000003,37.0,118.0,53.48943886413469,155,-81.0,68.0,-0.52,207.0,
2025-05-07 07:30:18,199.75,8.0,205.88,40.0,191.6,15.0,215.0,40.0,202.81,6.129999999999996,23.0,80.0,2.390025104471861,103,-57.0,-35.0,-0.55,202.0,5.0
2025-05-07 07:30:19,188.0,10.0,204.7,50.0,187.0,10.0,211.0,50.0,196.35,16.69999999999999,20.0,100.0,4.544570386736936,120,-80.0,17.0,-0.67,202.0,
2025-05-07 07:30:20,188.0,9.0,195.62,21.0,187.0,9.0,201.03,37.0,191.81,7.620000000000003,18.0,58.0,6.2938382565813535,76,-40.0,-44.0,-0.53,202.0,
2025-05-07 07:30:21,188.0,11.0,193.0,22.0,187.0,11.0,199.0,66.0,190.5,5.0,22.0,88.0,6.682245131690981,110,-66.0,34.0,-0.6,202.0,
2025-05-07 07:30:22,190.31,26.0,197.42,31.0,187.45,11.0,196.04,46.0,193.86,7.109999999999985,37.0,77.0,4.86113464121377,114,-40.0,4.0,-0.35,192.86,7.0
2025-05-07 07:30:23,189.18,60.0,199.0,44.0,185.85,20.0,200.0,115.0,194.09,9.819999999999991,80.0,159.0,2.252658429502577,239,-79.0,125.0,-0.33,192.86,
2025-05-07 07:30:24,188.0,63.0,199.33,42.0,187.0,9.0,200.16,76.0,193.67,11.330000000000013,72.0,118.0,1.5663428743443029,190,-46.0,-49.0,-0.24,199.43,7.0
2025-05-07 07:30:25,190.5,56.0,200.0,56.0,186.5,8.0,202.0,24.0,195.25,9.5,64.0,80.0,1.772407966583592,144,-16.0,-46.0,-0.11,199.43,
2025-05-07 07:30:26,191.62,91.0,200.0,76.0,186.92,13.0,202.0,39.0,195.81,8.379999999999995,104.0,115.0,0.940574292657784,219,-11.0,75.0,-0.05,200.0,5.0
2025-05-07 07:30:27,193.0,91.0,199.37,38.0,188.0,20.0,201.67,36.0,196.18,6.3700000000000045,111.0,74.0,1.0848963084131875,185,37.0,-34.0,0.2,200.0,
2025-05-07 07:30:28,193.0,105.0,197.98,47.0,189.0,15.0,199.22,41.0,195.49,4.97999999999999,120.0,88.0,0.9654014708961698,208,32.0,23.0,0.15,200.0,
2025-05-07 07:30:29,193.0,77.0,197.0,54.0,189.0,11.0,199.0,22.0,195.0,4.0,88.0,76.0,0.4638210862050131,164,12.0,-44.0,0.07,200.0,
2025-05-07 07:30:30,193.29,49.0,197.0,42.0,189.0,7.0,199.0,14.0,195.14,3.710000000000008,56.0,56.0,0.4835597171067957,112,0.0,-52.0,0.0,200.0,
2025-05-07 07:30:31,194.69,91.0,196.81,53.0,189.0,13.0,198.03,31.0,195.75,2.1200000000000045,104.0,84.0,0.4753630191847137,188,20.0,76.0,0.11,195.67,3.0
2025-05-07 07:30:32,195.17,60.0,198.62,16.0,188.12,48.0,202.7,54.0,196.9,3.450000000000017,108.0,70.0,0.7550695332274864,178,38.0,-10.0,0.21,198.33,6.0
2025-05-07 07:30:33,200.48,48.0,202.0,15.0,193.93,27.0,203.0,20.0,201.24,1.5200000000000102,75.0,35.0,2.589474850236653,110,40.0,-68.0,0.36,201.0,1.0
2025-05-07 07:30:34,201.0,49.0,202.0,15.0,196.0,25.0,203.0,20.0,201.5,1.0,74.0,35.0,3.047274191799593,109,39.0,-1.0,0.36,201.0,1.0
2025-05-07 07:30:35,201.0,54.0,202.0,16.0,196.0,30.0,203.0,24.0,201.5,1.0,84.0,40.0,2.8184960528635763,124,44.0,15.0,0.35,202.0,1.0
2025-05-07 07:30:36,201.0,50.0,202.0,12.0,196.0,30.0,203.0,24.0,201.5,1.0,80.0,36.0,2.031236076877145,116,44.0,-8.0,0.38,201.0,1.0
2025-05-07 07:30:37,201.0,64.0,202.0,16.0,196.0,40.0,203.14,14.0,201.5,1.0,104.0,30.0,0.1162755348602544,134,74.0,18.0,0.55,201.0,
2025-05-07 07:30:38,201.0,32.0,202.0,8.0,196.0,20.0,203.0,4.0,201.5,1.0,52.0,12.0,0.0,64,40.0,-70.0,0.62,201.0,
2025-05-07 07:30:39,201.72,29.0,203.75,8.0,199.49,86.0,206.12,8.0,202.74,2.030000000000001,115.0,16.0,0.554544858426234,131,99.0,67.0,0.76,202.33,3.0
2025-05-07 07:30:40,203.07,45.0,205.0,15.0,201.0,216.0,403.16,51.0,204.03,1.9300000000000068,261.0,66.0,1.1287072251061605,327,195.0,176.0,0.6,202.33,
2025-05-07 07:30:41,201.04,112.0,316.0,8.0,197.7,60.0,473.89,28.0,258.52,114.96,172.0,36.0,25.100468521523727,208,136.0,-119.0,0.65,205.0,1.0
2025-05-07 07:30:42,202.38,16.0,400.0,24.0,201.0,144.0,452.58,24.0,301.19,197.62,160.0,48.0,44.85127902301112,208,112.0,0.0,0.54,205.0,
2025-05-07 07:30:45,202.3,27.0,391.26,31.0,200.89,171.0,438.0,10.0,296.78,188.96,198.0,41.0,45.14229026090707,239,157.0,124.0,0.66,205.0,1.0
2025-05-07 07:30:46,201.0,177.0,380.8,35.0,199.0,99.0,384.4,20.0,290.9,179.8,276.0,55.0,44.12372751706256,331,221.0,92.0,0.67,201.0,3.0
2025-05-07 07:30:47,201.0,145.0,343.55,44.0,199.0,99.0,492.06,17.0,272.27,142.55,244.0,61.0,43.11965503108744,305,183.0,-26.0,0.6,201.0,5.0
2025-05-07 07:30:48,201.0,30.0,202.0,12.0,199.0,27.0,375.0,12.0,201.5,1.0,57.0,24.0,45.53235695634462,81,33.0,-176.0,0.41,201.0,
2025-05-07 07:30:49,201.0,98.0,202.0,48.0,199.1,60.0,441.94,54.0,201.5,1.0,158.0,102.0,47.50813298794208,260,56.0,176.0,0.22,201.0,6.0
2025-05-07 07:30:50,201.0,32.0,240.35,23.0,200.0,8.0,654.75,12.0,220.67,39.35,40.0,35.0,41.64034906193745,75,5.0,-176.0,0.07,202.0,4.0
2025-05-07 07:30:51,201.0,32.0,393.75,8.0,199.44,16.0,728.5,40.0,297.38,192.75,48.0,48.0,43.7694006127568,96,0.0,21.0,0.0,202.0,
2025-05-07 07:30:52,201.0,24.0,349.83,6.0,199.0,54.0,591.35,26.0,275.42,148.82999999999998,78.0,32.0,44.3922783826196,110,46.0,14.0,0.42,202.0,
2025-05-07 07:30:53,199.57,56.0,248.5,12.0,198.12,51.0,294.33,9.0,224.04,48.93000000000001,107.0,21.0,40.57519340680948,128,86.0,18.0,0.67,200.6,5.0
2025-05-07 07:30:54,199.54,67.0,202.94,18.0,197.78,83.0,210.83,24.0,201.24,3.4000000000000057,150.0,42.0,40.643069519907016,192,108.0,64.0,0.56,201.0,1.0
2025-05-07 07:30:55,202.18,61.0,205.05,21.0,197.14,29.0,398.33,15.0,203.61,2.8700000000000045,90.0,36.0,43.66852665249877,126,54.0,-66.0,0.43,201.0,8.0
2025-05-07 07:30:57,204.0,12.0,434.0,24.0,203.0,36.0,532.6,10.0,319.0,230.0,48.0,34.0,67.07212423950794,82,14.0,-72.0,0.17,201.0,
2025-05-07 07:31:16,203.74,50.0,206.92,26.0,202.25,24.0,207.72,29.0,205.33,3.1799999999999784,74.0,55.0,1.520273001803191,129,19.0,27.0,0.15,206.0,3.0
2025-05-07 07:31:17,203.19,69.0,205.06,47.0,201.04,79.0,211.71,21.0,204.13,1.8700000000000043,148.0,68.0,1.8684084136002463,216,80.0,87.0,0.37,203.71,7.0
2025-05-07 07:31:18,201.0,110.0,256.0,12.0,200.0,33.0,352.17,24.0,228.5,55.0,143.0,36.0,10.089150112869286,179,107.0,-37.0,0.6,206.0,1.0
2025-05-07 07:31:19,201.19,47.0,258.64,11.0,200.85,82.0,479.82,22.0,229.91,57.44999999999999,129.0,33.0,12.990812137815269,162,96.0,-17.0,0.59,206.0,
2025-05-07 07:31:20,201.27,60.0,234.3,37.0,200.65,93.0,224.68,50.0,217.78,33.03,153.0,87.0,12.260381315440709,240,66.0,78.0,0.28,201.6,5.0
2025-05-07 07:31:21,200.15,46.0,215.17,36.0,199.36,28.0,287.31,26.0,207.66,15.019999999999982,74.0,62.0,11.732677869949706,136,12.0,-104.0,0.09,200.86,7.0
2025-05-07 07:31:22,200.39,23.0,204.0,48.0,199.14,21.0,369.0,22.0,202.2,3.6100000000000136,44.0,70.0,12.304283806870178,114,-26.0,-22.0,-0.23,203.0,1.0
2025-05-07 07:31:23,200.0,116.0,277.29,28.0,198.62,16.0,451.5,32.0,238.64,77.29000000000002,132.0,60.0,15.13934014414125,192,72.0,78.0,0.38,204.0,4.0
2025-05-07 07:31:24,200.0,112.0,201.07,46.0,198.0,30.0,281.85,13.0,200.53,1.0699999999999932,142.0,59.0,15.654546304508758,201,83.0,9.0,0.41,204.0,
2025-05-07 07:31:25,200.0,104.0,201.0,67.0,198.0,33.0,202.73,11.0,200.5,1.0,137.0,78.0,16.328287724069842,215,59.0,14.0,0.27,200.2,5.0
2025-05-07 07:31:26,200.0,50.0,234.0,24.0,198.0,21.0,306.5,8.0,217.0,34.0,71.0,32.0,16.539990326478712,103,39.0,-112.0,0.38,200.88,8.0
2025-05-07 07:31:27,200.33,33.0,399.0,36.0,198.8,25.0,657.89,18.0,299.67,198.67,58.0,54.0,41.31661372862017,112,4.0,9.0,0.04,200.88,
2025-05-07 07:31:28,200.8,10.0,399.0,16.0,199.25,8.0,574.0,16.0,299.9,198.2,18.0,32.0,51.80178037480951,50,-14.0,-62.0,-0.28,202.33,3.0
2025-05-07 07:31:29,200.0,40.0,375.04,27.0,198.0,30.0,542.0,28.0,287.52,175.04000000000002,70.0,55.0,48.23926222487233,125,15.0,75.0,0.12,202.33,
2025-05-07 07:31:31,200.0,30.0,281.4,40.0,198.0,30.0,529.5,20.0,240.7,81.39999999999998,60.0,60.0,35.93782937240346,120,0.0,-12.0,0.0,202.33,
2025-05-07 07:31:32,199.2,20.0,299.1,30.0,196.35,68.0,398.29,42.0,249.15,99.90000000000003,88.0,72.0,40.6577016074444,160,16.0,40.0,0.1,199.2,5.0
2025-05-07 07:31:37,200.82,85.0,245.74,19.0,197.55,157.0,267.35,17.0,223.28,44.920000000000016,242.0,36.0,10.798093813261335,278,206.0,147.0,0.74,204.0,4.0
2025-05-07 07:31:38,198.0,88.0,219.5,8.0,196.0,56.0,342.78,27.0,208.75,21.5,144.0,35.0,16.24599735319423,179,109.0,-99.0,0.61,204.0,
2025-05-07 07:31:39,198.0,165.0,218.4,15.0,196.0,105.0,267.16,37.0,208.2,20.40000000000001,270.0,52.0,15.861956688882849,322,218.0,143.0,0.68,204.0,
2025-05-07 07:31:40,198.0,143.0,215.79,29.0,196.0,91.0,243.73,15.0,206.9,17.789999999999992,234.0,44.0,14.84285248865582,278,190.0,-44.0,0.68,204.0,
2025-05-07 07:31:41,199.66,169.0,213.1,62.0,197.19,189.0,214.0,70.0,206.38,13.439999999999998,358.0,132.0,7.09597209690099,490,226.0,176.0,0.46,204.0,
2025-05-07 07:31:43,202.62,104.0,206.39,46.0,200.19,101.0,208.44,50.0,204.5,3.769999999999982,205.0,96.0,1.330518695846837,301,109.0,-31.0,0.36,204.0,
2025-05-07 07:31:44,203.0,75.0,205.71,34.0,201.0,55.0,206.38,32.0,204.35,2.710000000000008,130.0,66.0,1.228201937792842,196,64.0,-105.0,0.33,203.0,2.0
2025-05-07 07:31:45,203.0,40.0,204.0,40.0,200.16,63.0,326.94,33.0,203.5,1.0,103.0,73.0,1.36831282972797,176,30.0,-20.0,0.17,203.0,2.0
2025-05-07 07:31:46,200.68,106.0,412.26,39.0,199.22,81.0,489.43,35.0,306.47,211.58,187.0,74.0,45.506402516569,261,113.0,85.0,0.43,203.0,3.0
2025-05-07 07:31:58,200.89,54.0,205.47,15.0,200.93,90.0,214.0,30.0,203.18,4.5800000000000125,144.0,45.0,2.106414014385416,189,99.0,106.0,0.52,202.33,6.0
2025-05-07 07:31:59,200.0,130.0,202.5,10.0,199.0,20.0,211.0,20.0,201.25,2.5,150.0,30.0,2.5863719763405264,180,120.0,-9.0,0.67,202.33,
2025-05-07 07:32:00,200.08,155.0,209.45,33.0,199.64,61.0,219.03,31.0,204.77,9.369999999999976,216.0,64.0,2.309887443145161,280,152.0,100.0,0.54,202.33,
2025-05-07 07:32:01,201.0,40.0,209.2,30.0,200.0,120.0,211.0,20.0,205.1,8.199999999999989,160.0,50.0,1.939059050158028,210,110.0,-70.0,0.52,202.33,
2025-05-07 07:32:02,200.09,92.0,203.33,27.0,198.89,38.0,208.75,24.0,201.71,3.240000000000009,130.0,51.0,1.7391003421309326,181,79.0,-29.0,0.44,201.0,4.0
2025-05-07 07:32:03,200.0,78.0,205.33,27.0,197.0,18.0,208.95,21.0,202.67,5.3300000000000125,96.0,48.0,1.755591068557809,144,48.0,-37.0,0.33,200.38,8.0
2025-05-07 07:32:04,200.85,84.0,208.42,31.0,199.18,39.0,219.44,18.0,204.63,7.569999999999993,123.0,49.0,1.4968233028650375,172,74.0,28.0,0.43,200.0,4.0
2025-05-07 07:32:05,203.0,92.0,206.32,38.0,200.25,40.0,241.47,19.0,204.66,3.319999999999993,132.0,57.0,1.4792667102317263,189,75.0,17.0,0.4,203.0,1.0
2025-05-07 07:32:06,201.67,72.0,204.44,64.0,199.82,33.0,206.36,44.0,203.05,2.7700000000000102,105.0,108.0,1.2841650984199442,213,-3.0,24.0,-0.01,201.91,11.0
2025-05-07 07:32:07,200.0,16.0,206.0,32.0,199.0,8.0,208.25,16.0,203.0,6.0,24.0,48.0,0.9633119951499842,72,-24.0,-141.0,-0.33,201.91,
2025-05-07 07:32:08,200.0,18.0,205.5,28.0,199.0,9.0,207.14,28.0,202.75,5.5,27.0,56.0,0.9444416339826562,83,-29.0,11.0,-0.35,201.91,
2025-05-07 07:32:09,200.0,20.0,204.0,20.0,199.0,10.0,206.86,28.0,202.0,4.0,30.0,48.0,0.9718899114611512,78,-18.0,-5.0,-0.23,201.91,
2025-05-07 07:32:10,200.0,24.0,203.25,24.0,199.0,12.0,206.0,36.0,201.62,3.25,36.0,60.0,0.6399453101633907,96,-24.0,18.0,-0.25,201.91,
2025-05-07 07:32:11,200.93,60.0,275.31,26.0,199.94,34.0,242.0,62.0,238.12,74.38,94.0,88.0,16.009850717605033,182,6.0,86.0,0.03,204.4,10.0
2025-05-07 07:32:12,201.68,94.0,400.09,22.0,200.73,66.0,449.4,40.0,300.89,198.41,160.0,62.0,43.06693778294428,222,98.0,40.0,0.44,204.4,
2025-05-07 07:32:24,202.11,54.0,290.64,44.0,201.45,22.0,293.0,33.0,246.37,88.52999999999997,76.0,77.0,38.49853308893709,153,-1.0,6.0,-0.01,205.2,5.0
2025-05-07 07:32:25,201.0,78.0,249.35,46.0,200.0,26.0,280.59,29.0,225.17,48.35,104.0,75.0,33.288733829930884,179,29.0,26.0,0.16,205.2,
2025-05-07 07:32:26,202.45,86.0,223.52,42.0,200.95,88.0,236.04,56.0,212.99,21.07000000000002,174.0,98.0,16.869614103469722,272,76.0,93.0,0.28,202.5,8.0
2025-05-07 07:32:27,202.75,56.0,205.09,43.0,201.15,74.0,210.69,32.0,203.92,2.3400000000000034,130.0,75.0,20.07772447265836,205,55.0,-67.0,0.27,204.0,3.0
2025-05-07 07:32:28,202.62,90.0,204.83,36.0,201.23,86.0,205.53,38.0,203.73,2.210000000000008,176.0,74.0,17.904571483282815,250,102.0,45.0,0.41,202.0,1.0
2025-05-07 07:32:29,203.05,73.0,204.86,35.0,201.1,82.0,207.86,35.0,203.96,1.8100000000000025,155.0,70.0,9.378423641528665,225,85.0,-25.0,0.38,203.17,6.0
2025-05-07 07:32:30,203.15,26.0,208.93,28.0,201.0,51.0,429.67,36.0,206.04,5.780000000000001,77.0,64.0,3.950337960223621,141,13.0,-84.0,0.09,204.0,2.0
2025-05-07 07:32:31,202.09,22.0,208.93,14.0,201.0,33.0,237.37,19.0,205.51,6.840000000000003,55.0,33.0,1.0636587798648585,88,22.0,-53.0,0.25,204.0,
2025-05-07 07:32:32,202.33,24.0,209.0,16.0,201.11,37.0,293.38,29.0,205.67,6.669999999999988,61.0,45.0,1.0587114809916864,106,16.0,18.0,0.15,206.0,1.0
2025-05-07 07:32:33,201.0,40.0,211.06,31.0,200.0,16.0,286.05,21.0,206.03,10.060000000000002,56.0,52.0,0.8596918052323388,108,4.0,2.0,0.04,206.0,
2025-05-07 07:32:34,201.0,65.0,208.81,59.0,200.0,26.0,210.31,32.0,204.91,7.810000000000002,91.0,91.0,0.4643490066573369,182,0.0,74.0,0.0,206.0,
2025-05-07 07:32:35,201.0,40.0,205.79,28.0,200.0,16.0,207.0,34.0,203.39,4.789999999999992,56.0,62.0,1.0389995187600618,118,-6.0,-64.0,-0.05,206.0,
2025-05-07 07:32:36,201.0,30.0,204.8,25.0,200.0,12.0,205.86,29.0,202.9,3.8000000000000114,42.0,54.0,1.3818465906111324,96,-12.0,-22.0,-0.12,206.0,
2025-05-07 07:32:37,201.0,65.0,203.33,48.0,200.0,26.0,204.26,61.0,202.17,2.3300000000000125,91.0,109.0,1.5658863304798307,200,-18.0,104.0,-0.09,202.0,2.0
2025-05-07 07:32:38,200.92,49.0,202.45,44.0,199.69,26.0,204.08,49.0,201.69,1.5300000000000011,75.0,93.0,1.2464429389200025,168,-18.0,-32.0,-0.11,201.0,5.0
2025-05-07 07:32:39,199.71,28.0,233.22,45.0,198.18,68.0,296.84,25.0,216.47,33.50999999999999,96.0,70.0,6.265044293537249,166,26.0,-2.0,0.16,203.0,5.0
2025-05-07 07:32:40,199.45,58.0,316.36,25.0,196.5,103.0,350.3,43.0,257.9,116.91000000000004,161.0,68.0,24.099950829825023,229,93.0,63.0,0.41,203.0,
2025-05-07 07:32:41,200.4,52.0,266.12,16.0,197.2,105.0,343.14,21.0,233.26,65.72,157.0,37.0,23.724773339275224,194,120.0,-35.0,0.62,207.5,4.0
2025-05-07 07:32:42,202.8,40.0,256.81,42.0,197.41,86.0,273.06,34.0,229.8,54.00999999999999,126.0,76.0,20.916020893085403,202,50.0,8.0,0.25,207.5,
2025-05-07 07:32:46,197.49,82.0,249.45,22.0,108.81,37.0,324.84,38.0,223.47,51.95999999999998,119.0,60.0,2.808072292514072,179,59.0,88.0,0.33,201.0,4.0
2025-05-07 07:32:47,200.59,46.0,243.19,32.0,196.47,144.0,245.2,40.0,221.89,42.6,190.0,72.0,3.891869730603149,262,118.0,83.0,0.45,201.0,
2025-05-07 07:32:48,202.0,24.0,241.6,20.0,197.0,104.0,252.42,19.0,221.8,39.6,128.0,39.0,3.9804082705150576,167,89.0,-95.0,0.53,201.0,
2025-05-07 07:32:49,202.0,33.0,240.43,28.0,197.0,143.0,241.16,38.0,221.21,38.43000000000001,176.0,66.0,3.3302147077905224,242,110.0,75.0,0.45,201.0,
2025-05-07 07:32:50,202.0,45.0,236.7,40.0,193.88,48.0,240.6,50.0,219.35,34.69999999999999,93.0,90.0,1.4849175061207345,183,3.0,-59.0,0.02,201.0,
2025-05-07 07:32:51,202.77,65.0,233.45,40.0,200.75,40.0,251.27,52.0,218.11,30.67999999999998,105.0,92.0,1.670095805630193,197,13.0,14.0,0.07,201.0,
2025-05-07 07:32:52,203.0,46.0,231.0,27.0,200.6,20.0,232.0,36.0,217.0,28.0,66.0,63.0,2.025988647545531,129,3.0,-68.0,0.02,201.0,
2025-05-07 07:32:53,203.31,26.0,228.72,46.0,202.0,36.0,230.69,52.0,216.01,25.41,62.0,98.0,2.0331207539108798,160,-36.0,31.0,-0.23,201.0,
2025-05-07 07:32:59,204.0,136.0,206.47,60.0,201.0,51.0,209.18,49.0,205.23,2.469999999999999,187.0,109.0,4.095989501937477,296,78.0,2.0,0.26,204.0,4.0
2025-05-07 07:33:00,201.43,56.0,204.73,56.0,200.07,86.0,205.46,65.0,203.08,3.299999999999983,142.0,121.0,5.392482730615058,263,21.0,-33.0,0.08,204.0,4.0
2025-05-07 07:33:01,192.98,65.0,201.44,18.0,169.08,93.0,202.88,41.0,197.21,8.460000000000008,158.0,59.0,6.9482782039855735,217,99.0,-46.0,0.46,200.44,9.0
2025-05-07 07:33:02,168.03,72.0,197.43,46.0,95.76,164.0,198.39,31.0,182.73,29.40000000000001,236.0,77.0,11.149985650214076,313,159.0,96.0,0.51,197.0,1.0
2025-05-07 07:33:03,180.69,94.0,196.9,40.0,173.77,48.0,197.92,26.0,188.8,16.210000000000008,142.0,66.0,9.525961893687096,208,76.0,-105.0,0.37,197.0,
2025-05-07 07:33:04,179.78,68.0,194.4,40.0,163.57,46.0,195.9,29.0,187.09,14.620000000000005,114.0,69.0,8.215136639154455,183,45.0,-25.0,0.25,197.0,
2025-05-07 07:33:05,170.4,10.0,278.27,22.0,92.06,34.0,280.13,15.0,224.34,107.86999999999998,44.0,37.0,16.67284408851648,81,7.0,-102.0,0.09,196.18,11.0
2025-05-07 07:33:06,171.5,2.0,397.0,10.0,66.0,6.0,486.0,2.0,284.25,225.5,8.0,12.0,42.94596104408402,20,-4.0,-61.0,-0.2,196.18,
2025-05-07 07:33:07,190.17,24.0,285.75,40.0,155.86,14.0,430.0,12.0,237.96,95.58,38.0,52.0,40.0788506571731,90,-14.0,70.0,-0.16,196.18,
2025-05-07 07:33:08,201.09,46.0,373.42,24.0,197.75,24.0,493.12,24.0,287.25,172.33,70.0,48.0,42.285375367850165,118,22.0,28.0,0.19,196.18,
2025-05-07 07:33:09,201.55,60.0,259.5,24.0,200.57,42.0,290.68,40.0,230.53,57.94999999999999,102.0,64.0,30.42216839740375,166,38.0,48.0,0.23,206.33,3.0
2025-05-07 07:33:16,204.0,32.0,214.53,17.0,201.0,18.0,215.07,15.0,209.26,10.53,50.0,32.0,2.653258374147463,82,18.0,-140.0,0.22,204.0,5.0
2025-05-07 07:33:17,204.0,24.0,210.83,12.0,201.0,16.0,211.38,16.0,207.42,6.8300000000000125,40.0,28.0,2.116624671495486,68,12.0,-14.0,0.18,204.0,
2025-05-07 07:33:18,204.0,30.0,208.4,10.0,202.81,62.0,210.22,18.0,206.2,4.400000000000006,92.0,28.0,1.314640635300412,120,64.0,52.0,0.53,204.0,
2025-05-07 07:33:19,204.0,24.0,319.14,28.0,203.0,64.0,554.33,12.0,261.57,115.14,88.0,40.0,24.220282822460725,128,48.0,8.0,0.38,206.6,5.0
2025-05-07 07:33:34,204.0,44.0,208.2,10.0,203.0,56.0,209.32,25.0,206.1,4.199999999999989,100.0,35.0,2.1626187828587637,135,65.0,37.0,0.48,204.0,3.0
2025-05-07 07:33:36,203.56,18.0,205.38,32.0,202.88,85.0,208.38,26.0,204.47,1.8199999999999927,103.0,58.0,1.709233746440912,161,45.0,-8.0,0.28,204.0,1.0
2025-05-07 07:33:37,201.9,31.0,204.75,32.0,200.2,75.0,212.0,32.0,203.33,2.8499999999999943,106.0,64.0,1.4297482295746475,170,42.0,9.0,0.25,203.0,5.0
2025-05-07 07:33:38,201.0,24.0,204.0,32.0,200.0,96.0,212.0,32.0,202.5,3.0,120.0,64.0,1.4899899328422883,184,56.0,14.0,0.3,203.0,
2025-05-07 07:33:39,201.12,32.0,204.0,36.0,200.05,114.0,363.0,48.0,202.56,2.8799999999999955,146.0,84.0,1.2982796308850355,230,62.0,46.0,0.27,204.0,1.0
2025-05-07 07:33:40,202.0,65.0,235.0,40.0,200.35,66.0,517.98,49.0,218.5,33.0,131.0,89.0,6.881741785331131,220,42.0,-10.0,0.19,202.14,7.0
2025-05-07 07:34:02,204.0,103.0,206.8,56.0,203.0,12.0,208.03,38.0,205.4,2.800000000000012,115.0,94.0,1.7385539968502788,209,21.0,3.0,0.1,204.0,5.0
2025-05-07 07:34:03,203.86,29.0,272.65,26.0,201.45,31.0,347.76,29.0,238.26,68.78999999999996,60.0,55.0,14.079148766881035,115,5.0,-94.0,0.04,204.0,4.0
2025-05-07 07:34:04,203.0,10.0,343.0,35.0,201.0,114.0,418.78,37.0,273.0,140.0,124.0,72.0,29.696278891470158,196,52.0,81.0,0.27,204.0,
2025-05-07 07:34:05,203.0,12.0,288.25,24.0,201.0,72.0,290.0,60.0,245.62,85.25,84.0,84.0,28.650042233825427,168,0.0,-28.0,0.0,204.0,
2025-05-07 07:34:23,203.0,44.0,276.56,80.0,201.0,48.0,433.72,50.0,239.78,73.56,92.0,130.0,23.270928644985187,222,-38.0,123.0,-0.17,203.71,7.0
2025-05-07 07:34:24,201.72,32.0,222.0,30.0,200.43,53.0,283.0,50.0,211.86,20.28,85.0,80.0,18.856836426081166,165,5.0,-57.0,0.03,202.38,8.0
2025-05-07 07:34:25,200.44,45.0,283.0,40.0,196.84,77.0,400.5,24.0,241.72,82.56,122.0,64.0,13.249415081428255,186,58.0,21.0,0.31,200.0,5.0
2025-05-07 07:34:26,202.84,38.0,283.0,50.0,198.5,48.0,425.1,30.0,242.92,80.16,86.0,80.0,13.737171470138216,166,6.0,-20.0,0.04,206.0,5.0
2025-05-07 07:34:27,201.0,24.0,281.38,40.0,200.0,40.0,387.9,10.0,241.19,80.38,64.0,50.0,13.25979562436687,114,14.0,-52.0,0.12,206.0,
2025-05-07 07:34:28,201.0,21.0,280.43,35.0,200.0,35.0,351.0,7.0,240.71,79.43,56.0,42.0,13.341219959208338,98,14.0,-16.0,0.14,206.0,
2025-05-07 07:34:29,200.25,24.0,277.89,45.0,148.18,33.0,351.0,9.0,239.07,77.63999999999999,57.0,54.0,1.412044616852787,111,3.0,13.0,0.03,200.5,6.0
2025-05-07 07:34:30,192.13,23.0,245.34,38.0,140.17,18.0,268.64,28.0,218.74,53.21000000000001,41.0,66.0,10.03687849881524,107,-25.0,-4.0,-0.23,200.5,
2025-05-07 07:34:43,148.72,53.0,241.89,38.0,147.19,32.0,299.62,32.0,195.31,93.17,85.0,70.0,15.51092260311885,155,15.0,-35.0,0.1,200.5,
2025-05-07 07:34:44,147.69,75.0,237.63,27.0,95.43,47.0,239.27,37.0,192.66,89.94,122.0,64.0,12.480916633002067,186,58.0,31.0,0.31,203.33,3.0
2025-05-07 07:34:45,151.15,98.0,210.76,33.0,147.54,104.0,222.58,31.0,180.96,59.60999999999999,202.0,64.0,10.638056683433724,266,138.0,80.0,0.52,190.0,3.0
2025-05-07 07:34:46,151.0,48.0,191.0,8.0,150.0,42.0,192.0,6.0,171.0,40.0,90.0,14.0,10.641798250293451,104,76.0,-162.0,0.73,191.0,1.0
2025-05-07 07:34:47,177.89,70.0,191.0,10.0,157.19,37.0,192.0,10.0,184.44,13.110000000000014,107.0,20.0,9.715033710695364,127,87.0,23.0,0.69,191.0,
2025-05-07 07:34:48,189.67,24.0,191.0,3.0,188.0,3.0,192.0,3.0,190.33,1.3300000000000125,27.0,6.0,8.56483041279549,33,21.0,-94.0,0.64,191.0,
2025-05-07 07:34:49,190.24,74.0,192.55,22.0,189.55,31.0,193.23,26.0,191.39,2.3100000000000023,105.0,48.0,8.252413586336203,153,57.0,120.0,0.37,191.5,2.0
2025-05-07 07:34:50,190.42,96.0,193.0,57.0,94.62,21.0,196.0,12.0,191.71,2.5800000000000125,117.0,69.0,8.769026741888052,186,48.0,33.0,0.26,193.0,1.0
2025-05-07 07:34:51,193.4,58.0,197.82,28.0,192.25,85.0,202.52,27.0,195.61,4.419999999999988,143.0,55.0,4.02891796887836,198,88.0,12.0,0.44,195.62,8.0
2025-05-07 07:34:52,194.6,60.0,197.79,39.0,193.46,67.0,198.73,37.0,196.2,3.1899999999999977,127.0,76.0,2.665786938214008,203,51.0,5.0,0.25,196.0,1.0
2025-05-07 07:34:53,196.5,48.0,198.42,43.0,193.92,50.0,364.93,44.0,197.46,1.9199999999999875,98.0,87.0,2.7539299192160587,185,11.0,-18.0,0.06,198.0,5.0
2025-05-07 07:34:54,198.0,32.0,330.17,23.0,176.7,10.0,451.89,37.0,264.09,132.17000000000002,42.0,60.0,30.863226176146306,102,-18.0,-83.0,-0.18,199.0,3.0
2025-05-07 07:34:55,199.8,20.0,456.84,37.0,198.06,33.0,496.5,40.0,328.32,257.04,53.0,77.0,59.18654771145197,130,-24.0,28.0,-0.18,199.0,
2025-05-07 07:34:57,201.2,15.0,291.0,25.0,199.64,11.0,401.19,27.0,246.1,89.80000000000001,26.0,52.0,58.27092971628312,78,-26.0,-87.0,-0.33,200.0,1.0
2025-05-07 07:34:58,203.36,28.0,207.79,48.0,201.59,29.0,208.67,60.0,205.57,4.429999999999978,57.0,108.0,55.64476228720911,165,-51.0,87.0,-0.31,200.0,
2025-05-07 07:34:59,204.0,44.0,206.0,22.0,201.0,44.0,208.0,55.0,205.0,2.0,88.0,77.0,64.41707638507046,165,11.0,0.0,0.07,200.0,
2025-05-07 07:35:00,202.71,34.0,204.38,16.0,201.1,40.0,213.31,35.0,203.54,1.6699999999999875,74.0,51.0,57.16960180025735,125,23.0,-40.0,0.18,203.33,6.0
2025-05-07 07:35:01,201.25,32.0,202.54,13.0,200.73,22.0,204.65,17.0,201.89,1.289999999999992,54.0,30.0,18.881582295982767,84,24.0,-41.0,0.29,202.0,2.0
2025-05-07 07:35:02,201.08,24.0,202.38,13.0,200.36,11.0,320.11,27.0,201.73,1.299999999999983,35.0,40.0,1.7500657130416426,75,-5.0,-9.0,-0.07,201.33,3.0
2025-05-07 07:35:03,200.18,11.0,202.6,10.0,137.83,42.0,398.82,22.0,201.39,2.4199999999999875,53.0,32.0,1.5254671415548202,85,21.0,10.0,0.25,201.0,2.0
2025-05-07 07:35:04,196.48,50.0,201.0,7.0,186.62,68.0,328.84,25.0,198.74,4.52000000000001,118.0,32.0,1.7311470185870057,150,86.0,65.0,0.57,198.5,4.0
2025-05-07 07:35:05,200.0,19.0,207.88,8.0,157.0,16.0,276.31,16.0,203.94,7.8799999999999955,35.0,24.0,1.8561438521738345,59,11.0,-91.0,0.19,200.5,2.0
2025-05-07 07:35:06,170.33,43.0,267.38,13.0,137.67,43.0,322.85,26.0,218.86,97.04999999999998,86.0,39.0,8.001760431302891,125,47.0,66.0,0.38,201.43,7.0
2025-05-07 07:35:07,187.76,107.0,368.33,15.0,158.16,64.0,478.38,24.0,278.05,180.57,171.0,39.0,33.2684284269632,210,132.0,85.0,0.63,201.43,
2025-05-07 07:35:08,202.95,38.0,253.15,26.0,129.36,22.0,409.75,16.0,228.05,50.20000000000002,60.0,42.0,31.59518111991092,102,18.0,-108.0,0.18,201.43,
2025-05-07 07:35:09,155.24,21.0,196.0,90.0,116.35,17.0,375.75,32.0,175.62,40.75999999999999,38.0,122.0,37.6142476995084,160,-84.0,58.0,-0.53,201.43,
2025-05-07 07:35:10,160.42,36.0,264.44,43.0,158.32,28.0,409.62,48.0,212.43,104.02,64.0,91.0,36.84067683960182,155,-27.0,-5.0,-0.17,196.0,5.0
2025-05-07 07:35:11,196.14,14.0,202.65,26.0,177.43,28.0,373.0,29.0,199.4,6.510000000000019,42.0,55.0,38.33253774536682,97,-13.0,-58.0,-0.13,201.5,2.0
2025-05-07 07:35:20,187.5,54.0,197.5,32.0,181.44,55.0,273.8,20.0,192.5,10.0,109.0,52.0,12.290336447792756,161,57.0,102.0,0.35,195.33,3.0
2025-05-07 07:35:21,190.4,40.0,199.33,12.0,189.73,33.0,206.24,34.0,194.87,8.930000000000007,73.0,46.0,15.88796336853614,119,27.0,-42.0,0.23,195.33,
2025-05-07 07:35:22,194.45,31.0,199.0,11.0,193.0,24.0,200.0,44.0,196.73,4.550000000000011,55.0,55.0,16.205499066673315,110,0.0,-9.0,0.0,195.33,
2025-05-07 07:35:23,197.6,47.0,213.28,29.0,196.3,40.0,284.31,39.0,205.44,15.680000000000009,87.0,68.0,14.925359962156833,155,19.0,45.0,0.12,199.8,5.0
2025-05-07 07:35:24,198.94,64.0,322.18,22.0,197.75,48.0,513.0,17.0,260.56,123.24,112.0,39.0,28.672133684118545,151,73.0,-4.0,0.48,199.0,2.0
2025-05-07 07:35:27,202.55,33.0,272.63,19.0,199.6,50.0,341.33,9.0,237.59,70.07999999999998,83.0,28.0,19.97044491241952,111,55.0,41.0,0.5,202.0,2.0
2025-05-07 07:35:31,201.52,58.0,220.67,18.0,200.37,76.0,221.67,18.0,211.09,19.149999999999977,134.0,36.0,10.696245603012851,170,98.0,-39.0,0.58,204.75,4.0
2025-05-07 07:35:32,201.0,34.0,219.33,9.0,200.0,36.0,220.33,9.0,210.17,18.330000000000013,70.0,18.0,2.672569924243064,88,52.0,-82.0,0.59,201.0,5.0
2025-05-07 07:35:33,201.0,32.0,218.0,12.0,200.0,48.0,219.0,12.0,209.5,17.0,80.0,24.0,2.362801303530996,104,56.0,16.0,0.54,201.0,
2025-05-07 07:35:34,201.53,86.0,214.73,33.0,200.06,128.0,216.18,33.0,208.13,13.199999999999989,214.0,66.0,2.088054118064714,280,148.0,176.0,0.53,201.0,
2025-05-07 07:35:35,202.96,25.0,209.76,51.0,201.32,136.0,210.76,51.0,206.36,6.799999999999983,161.0,102.0,1.8507430939939105,263,59.0,-17.0,0.22,201.0,
2025-05-07 07:35:36,201.52,29.0,205.0,33.0,200.14,140.0,206.55,33.0,203.26,3.4799999999999898,169.0,66.0,2.774964864636187,235,103.0,-28.0,0.44,204.0,1.0
2025-05-07 07:35:37,200.06,216.0,211.9,30.0,198.54,113.0,255.23,43.0,205.98,11.840000000000003,329.0,73.0,2.363150439554131,402,256.0,167.0,0.64,200.55,11.0
2025-05-07 07:35:38,200.12,100.0,355.0,9.0,198.15,52.0,356.0,27.0,277.56,154.88,152.0,36.0,32.080193577969155,188,116.0,-176.0,0.62,200.55,
2025-05-07 07:35:40,200.67,27.0,347.0,5.0,198.5,10.0,516.6,15.0,273.83,146.33,37.0,20.0,42.47521783346134,57,17.0,-22.0,0.3,202.5,4.0
2025-05-07 07:35:42,203.21,29.0,258.29,35.0,200.07,91.0,302.33,27.0,230.75,55.08000000000001,120.0,62.0,22.861199006176463,182,58.0,57.0,0.32,202.5,
2025-05-07 07:35:46,202.0,77.0,330.0,11.0,201.0,264.0,340.0,36.0,266.0,128.0,341.0,47.0,26.522193159691387,388,294.0,132.0,0.76,202.5,
2025-05-07 07:35:47,202.0,58.0,328.5,10.0,201.0,240.0,616.24,37.0,265.25,126.5,298.0,47.0,29.003193444860266,345,251.0,-43.0,0.73,202.0,2.0
2025-05-07 07:35:48,203.71,35.0,328.0,7.0,201.14,111.0,430.0,28.0,265.86,124.29,146.0,35.0,23.000867374949014,181,111.0,-164.0,0.61,202.0,
2025-05-07 07:35:52,202.0,39.0,318.33,12.0,201.0,216.0,323.3,33.0,260.17,116.32999999999998,255.0,45.0,2.535107492790278,300,210.0,155.0,0.7,202.0,1.0
2025-05-07 07:35:53,202.0,46.0,316.71,41.0,201.0,276.0,319.52,23.0,259.35,114.70999999999998,322.0,64.0,3.0863457356557418,386,258.0,86.0,0.67,202.0,
2025-05-07 07:35:54,202.0,40.0,277.76,34.0,201.0,300.0,304.67,43.0,239.88,75.75999999999999,340.0,77.0,10.156064690616969,417,263.0,31.0,0.63,202.0,
2025-05-07 07:35:55,201.0,331.0,300.19,47.0,200.35,85.0,313.34,50.0,250.6,99.19,416.0,97.0,9.551158568466684,513,319.0,96.0,0.62,202.0,4.0
2025-05-07 07:35:56,201.31,163.0,284.62,50.0,200.89,235.0,294.04,47.0,242.97,83.31,398.0,97.0,9.2369166933556,495,301.0,-18.0,0.61,203.0,1.0
2025-05-07 07:36:05,203.76,17.0,205.1,39.0,201.53,66.0,209.04,27.0,204.43,1.3400000000000034,83.0,66.0,7.388201404940506,149,17.0,-96.0,0.11,203.25,8.0
2025-05-07 07:36:06,202.0,18.0,203.07,43.0,201.0,279.0,204.17,29.0,202.53,1.0699999999999932,297.0,72.0,3.0458365025001206,369,225.0,176.0,0.61,203.25,
2025-05-07 07:36:07,201.01,290.0,212.56,48.0,198.73,131.0,248.98,47.0,206.78,11.550000000000011,421.0,95.0,2.0151600432624868,516,326.0,147.0,0.63,201.18,11.0
2025-05-07 07:36:08,201.0,102.0,291.17,24.0,198.0,54.0,381.5,24.0,246.08,90.17000000000002,156.0,48.0,18.45123762786569,204,108.0,-176.0,0.53,201.0,5.0
2025-05-07 07:36:09,201.89,90.0,429.0,36.0,199.0,54.0,720.26,38.0,315.44,227.11,144.0,74.0,48.42143296103474,218,70.0,14.0,0.32,201.0,
2025-05-07 07:36:14,202.0,50.0,253.8,50.0,201.0,210.0,254.93,14.0,227.9,51.80000000000001,260.0,64.0,45.067074233857305,324,196.0,173.0,0.6,201.0,
2025-05-07 07:36:15,202.38,48.0,249.83,60.0,201.19,156.0,251.33,60.0,226.1,47.45000000000002,204.0,120.0,42.05487938396678,324,84.0,0.0,0.26,201.0,
2025-05-07 07:36:16,201.75,114.0,246.44,80.0,200.74,235.0,247.81,80.0,224.09,44.69,349.0,160.0,22.574069859021478,509,189.0,176.0,0.37,202.6,10.0
2025-05-07 07:36:22,204.0,36.0,220.18,44.0,201.0,484.0,222.34,44.0,212.09,16.180000000000007,520.0,88.0,4.772501440541403,608,432.0,176.0,0.71,202.6,
2025-05-07 07:36:25,203.82,33.0,306.15,20.0,201.14,142.0,285.85,48.0,254.98,102.32999999999998,175.0,68.0,19.641062343976465,243,107.0,94.0,0.44,206.33,9.0
2025-05-07 07:36:44,202.8,10.0,204.91,23.0,201.84,19.0,205.54,13.0,203.86,2.109999999999985,29.0,36.0,4.891132793125516,65,-7.0,-115.0,-0.11,203.0,1.0
2025-05-07 07:36:45,201.31,39.0,203.22,63.0,200.25,84.0,260.68,44.0,202.26,1.9099999999999968,123.0,107.0,4.116327246464655,230,16.0,165.0,0.07,202.0,2.0
2025-05-07 07:36:46,201.0,68.0,202.55,44.0,200.0,77.0,367.5,30.0,201.77,1.5500000000000114,145.0,74.0,3.707310345788024,219,71.0,-11.0,0.32,202.0,
2025-05-07 07:36:47,201.81,52.0,303.71,28.0,198.67,75.0,445.17,23.0,252.76,101.89999999999998,127.0,51.0,22.01136456469676,178,76.0,-41.0,0.43,201.0,3.0
2025-05-07 07:37:00,204.0,138.0,220.0,14.0,203.0,28.0,222.23,22.0,212.0,16.0,166.0,36.0,3.033954515148549,202,130.0,80.0,0.64,205.6,5.0
2025-05-07 07:37:06,204.0,45.0,209.0,30.0,203.0,30.0,399.43,46.0,206.5,5.0,75.0,76.0,1.9354896021391044,151,-1.0,67.0,-0.01,205.6,
2025-05-07 07:37:07,204.0,24.0,208.12,16.0,203.0,16.0,485.27,22.0,206.06,4.1200000000000045,40.0,38.0,1.4915093026824688,78,2.0,-73.0,0.03,205.6,
2025-05-07 07:37:08,204.0,24.0,207.0,22.0,203.0,22.0,306.0,32.0,205.5,3.0,46.0,54.0,0.94958938493862,100,-8.0,22.0,-0.08,204.0,1.0
2025-05-07 07:37:09,203.62,32.0,205.62,32.0,202.14,146.0,388.31,64.0,204.62,2.0,178.0,96.0,0.8548216188117422,274,82.0,174.0,0.3,204.0,2.0
2025-05-07 07:37:10,202.74,68.0,328.17,24.0,201.94,181.0,469.3,40.0,265.45,125.43,249.0,64.0,26.74364933960941,313,185.0,39.0,0.59,203.0,2.0
2025-05-07 07:37:11,202.16,115.0,406.0,16.0,201.5,101.0,471.5,32.0,304.08,203.84,216.0,48.0,45.57144412897177,264,168.0,-49.0,0.64,207.0,2.0
2025-05-07 07:37:12,202.06,194.0,424.39,36.0,201.45,179.0,443.31,52.0,313.23,222.33,373.0,88.0,52.04141936957525,461,285.0,176.0,0.62,202.0,1.0
2025-05-07 07:37:13,203.0,39.0,236.54,35.0,202.0,260.0,297.0,35.0,219.77,33.53999999999999,299.0,70.0,48.68612379313025,369,229.0,-92.0,0.62,202.0,
2025-05-07 07:37:14,203.0,26.0,222.56,9.0,202.0,140.0,223.83,12.0,212.78,19.56,166.0,21.0,46.38826327854928,187,145.0,-176.0,0.78,202.0,
2025-05-07 07:37:15,203.15,40.0,221.17,12.0,202.23,130.0,222.05,21.0,212.16,18.019999999999985,170.0,33.0,51.53840829905403,203,137.0,16.0,0.67,203.0,2.0
2025-05-07 07:37:20,203.67,63.0,206.78,9.0,202.64,66.0,208.0,27.0,205.22,3.1100000000000136,129.0,36.0,2.365153271987861,165,93.0,-17.0,0.56,204.0,2.0
2025-05-07 07:37:21,203.49,63.0,206.82,22.0,202.18,73.0,209.89,38.0,205.16,3.329999999999984,136.0,60.0,2.160617967155396,196,76.0,31.0,0.39,203.56,9.0
2025-05-07 07:37:22,204.0,26.0,216.0,27.0,202.0,91.0,277.16,50.0,210.0,12.0,117.0,77.0,2.233387561529511,194,40.0,-2.0,0.21,208.0,3.0
2025-05-07 07:37:25,202.0,58.0,211.61,36.0,201.0,276.0,213.67,36.0,206.81,9.610000000000014,334.0,72.0,3.012080676209538,406,262.0,100.0,0.65,202.0,5.0
2025-05-07 07:37:26,202.0,52.0,209.6,20.0,201.0,299.0,233.39,31.0,205.8,7.599999999999994,351.0,51.0,2.831365394998476,402,300.0,-4.0,0.75,202.0,
2025-05-07 07:37:27,202.0,54.0,205.86,22.0,201.0,322.0,206.7,20.0,203.93,3.8600000000000136,376.0,42.0,3.44632412869056,418,334.0,16.0,0.8,202.0,1.0
2025-05-07 07:37:28,202.0,20.0,207.45,11.0,201.0,184.0,235.0,12.0,204.73,5.449999999999989,204.0,23.0,1.8305135891313769,227,181.0,-176.0,0.8,203.33,3.0
2025-05-07 07:37:29,202.0,20.0,258.8,10.0,201.0,230.0,364.71,34.0,230.4,56.80000000000001,250.0,44.0,11.269828303927037,294,206.0,67.0,0.7,203.33,
2025-05-07 07:37:30,202.0,14.0,235.14,7.0,201.0,161.0,282.57,7.0,218.57,33.139999999999986,175.0,14.0,11.57356600188529,189,161.0,-105.0,0.85,203.33,
2025-05-07 07:37:31,202.46,26.0,268.85,20.0,201.04,167.0,294.4,10.0,235.66,66.39000000000001,193.0,30.0,14.472849408461189,223,163.0,34.0,0.73,203.33,
2025-05-07 07:37:50,204.0,18.0,208.6,15.0,202.0,63.0,209.14,21.0,206.3,4.599999999999994,81.0,36.0,3.165656330052012,117,45.0,-24.0,0.38,203.33,
2025-05-07 07:37:51,204.0,24.0,206.86,14.0,202.0,84.0,208.94,34.0,205.43,2.8600000000000136,108.0,48.0,2.695974777329819,156,60.0,39.0,0.38,203.33,
2025-05-07 07:37:52,202.41,22.0,205.62,24.0,201.14,44.0,207.0,8.0,204.02,3.210000000000008,66.0,32.0,2.244644738037358,98,34.0,-58.0,0.35,203.08,12.0
2025-05-07 07:37:53,201.59,51.0,204.82,22.0,192.65,26.0,205.67,18.0,203.2,3.2299999999999898,77.0,40.0,1.8337475289687692,117,37.0,19.0,0.32,203.08,
2025-05-07 07:37:54,202.8,88.0,204.16,19.0,201.0,45.0,232.91,43.0,203.48,1.3599999999999852,133.0,62.0,1.3289770502154,195,71.0,78.0,0.36,203.75,4.0
2025-05-07 07:38:04,200.91,11.0,251.42,38.0,195.82,17.0,254.09,43.0,226.17,50.50999999999999,28.0,81.0,4.305610293558068,109,-53.0,-26.0,-0.49,202.0,6.0
2025-05-07 07:38:05,176.96,25.0,249.0,45.0,156.24,17.0,250.0,36.0,212.98,72.03999999999999,42.0,81.0,7.941755473444982,123,-39.0,14.0,-0.32,194.0,1.0
2025-05-07 07:38:06,189.79,19.0,248.61,41.0,159.67,15.0,249.52,42.0,219.2,58.82000000000002,34.0,83.0,7.854326833026068,117,-49.0,-6.0,-0.42,193.0,1.0
2025-05-07 07:38:07,186.67,15.0,243.84,50.0,155.2,20.0,245.08,49.0,215.25,57.170000000000016,35.0,99.0,7.291258464764031,134,-64.0,17.0,-0.48,193.0,
2025-05-07 07:38:08,187.08,13.0,196.06,34.0,128.11,18.0,207.71,21.0,191.57,8.97999999999999,31.0,55.0,13.00183563963154,86,-24.0,-48.0,-0.28,193.0,
2025-05-07 07:38:09,188.0,10.0,195.67,36.0,149.0,20.0,198.54,26.0,191.83,7.6699999999999875,30.0,62.0,13.392151806188313,92,-32.0,6.0,-0.35,196.14,7.0
2025-05-07 07:38:10,188.0,9.0,195.8,30.0,149.0,18.0,202.42,31.0,191.9,7.800000000000011,27.0,61.0,14.01440152129205,88,-34.0,-4.0,-0.39,194.2,5.0
2025-05-07 07:38:11,193.32,22.0,198.9,42.0,184.57,14.0,200.64,22.0,196.11,5.5800000000000125,36.0,64.0,10.192243128967892,100,-28.0,12.0,-0.28,196.0,4.0
2025-05-07 07:38:12,193.0,10.0,194.0,5.0,188.0,5.0,197.0,10.0,193.5,1.0,15.0,15.0,1.9068481848310368,30,0.0,-70.0,0.0,196.0,
2025-05-07 07:38:13,193.0,18.0,195.85,13.0,188.0,9.0,198.23,26.0,194.42,2.8499999999999943,27.0,39.0,1.8023512421260657,66,-12.0,36.0,-0.18,194.0,1.0
2025-05-07 07:38:14,189.0,12.0,196.63,19.0,77.87,30.0,198.33,36.0,192.82,7.6299999999999955,42.0,55.0,1.6099999999979415,97,-13.0,31.0,-0.13,196.0,2.0
2025-05-07 07:38:15,192.75,8.0,197.46,13.0,101.0,40.0,199.46,26.0,195.11,4.710000000000008,48.0,39.0,1.2975631005825423,87,9.0,-10.0,0.1,198.2,5.0
2025-05-07 07:38:16,195.0,16.0,200.25,8.0,179.78,32.0,239.75,16.0,197.62,5.25,48.0,24.0,1.8538554420432547,72,24.0,-15.0,0.33,200.0,2.0
2025-05-07 07:38:17,199.33,24.0,240.43,14.0,179.45,56.0,446.75,24.0,219.88,41.1,80.0,38.0,11.263605106713998,118,42.0,46.0,0.36,201.0,1.0
2025-05-07 07:38:18,202.08,26.0,343.0,20.0,155.25,32.0,447.24,29.0,272.54,140.92,58.0,49.0,33.62488185852845,107,9.0,-11.0,0.08,201.0,
2025-05-07 07:38:22,203.69,29.0,240.0,27.0,199.81,32.0,241.0,18.0,221.84,36.31,61.0,45.0,36.55938620928965,106,16.0,7.0,0.15,204.17,12.0
2025-05-07 07:38:24,203.2,10.0,238.6,20.0,201.05,38.0,266.46,26.0,220.9,35.400000000000006,48.0,46.0,33.4452347876345,94,2.0,-18.0,0.02,205.0,2.0
2025-05-07 07:38:25,201.07,15.0,238.41,22.0,151.49,41.0,334.94,33.0,219.74,37.34,56.0,55.0,12.013431233415186,111,1.0,17.0,0.01,201.2,5.0
2025-05-07 07:38:27,169.5,40.0,233.54,28.0,146.5,46.0,321.09,22.0,201.52,64.03999999999999,86.0,50.0,14.11517516717359,136,36.0,72.0,0.26,201.2,
2025-05-07 07:38:28,202.43,35.0,217.06,32.0,162.47,30.0,366.68,50.0,209.75,14.629999999999995,65.0,82.0,12.695736685990054,147,-17.0,11.0,-0.12,201.2,
2025-05-07 07:38:34,201.21,57.0,210.0,30.0,172.69,39.0,211.0,30.0,205.61,8.789999999999992,96.0,60.0,52.37004038570141,156,36.0,4.0,0.23,205.0,3.0
2025-05-07 07:38:35,201.2,60.0,208.48,27.0,182.71,42.0,209.62,48.0,204.84,7.280000000000001,102.0,75.0,3.83454430147766,177,27.0,21.0,0.15,205.0,
2025-05-07 07:38:36,203.0,52.0,205.18,28.0,201.0,78.0,206.51,37.0,204.09,2.180000000000007,130.0,65.0,1.9180119916190967,195,65.0,18.0,0.33,205.0,
2025-05-07 07:38:37,201.36,44.0,286.67,18.0,178.0,24.0,352.24,33.0,244.02,85.31,68.0,51.0,17.243744662920385,119,17.0,-76.0,0.14,203.0,4.0
2025-05-07 07:38:38,203.0,118.0,299.06,17.0,200.02,81.0,340.35,52.0,251.03,96.06,199.0,69.0,23.513046803849047,268,130.0,149.0,0.49,203.0,
2025-05-07 07:38:39,203.27,66.0,257.83,12.0,202.16,86.0,365.3,23.0,230.55,54.55999999999997,152.0,35.0,21.769320843792908,187,117.0,-81.0,0.63,203.75,8.0
2025-05-07 07:38:40,203.0,80.0,256.7,10.0,201.0,60.0,283.36,11.0,229.85,53.69999999999999,140.0,21.0,17.97409302301501,161,119.0,-26.0,0.74,203.75,
2025-05-07 07:38:41,203.0,104.0,252.48,21.0,201.0,78.0,285.58,31.0,227.74,49.47999999999999,182.0,52.0,10.294885623453874,234,130.0,73.0,0.56,203.75,
2025-05-07 07:38:42,203.78,79.0,248.38,45.0,202.04,71.0,250.74,39.0,226.08,44.6,150.0,84.0,10.204746444669606,234,66.0,0.0,0.28,203.75,
2025-05-07 07:38:55,202.49,73.0,206.48,25.0,201.69,144.0,242.29,21.0,204.49,3.9899999999999807,217.0,46.0,2.018967557935929,263,171.0,12.0,0.65,207.0,1.0
2025-05-07 07:38:56,202.18,114.0,204.7,27.0,201.25,157.0,242.76,29.0,203.44,2.519999999999982,271.0,56.0,2.6863115977112586,327,215.0,64.0,0.66,204.0,2.0
2025-05-07 07:38:57,203.04,48.0,308.0,21.0,201.43,74.0,384.0,38.0,255.52,104.96,122.0,59.0,22.1856176384611,181,63.0,-146.0,0.35,202.0,1.0
2025-05-07 07:38:59,202.55,76.0,225.85,13.0,201.2,95.0,354.0,26.0,214.2,23.299999999999983,171.0,39.0,21.31423514930798,210,132.0,102.0,0.63,205.4,5.0
2025-05-07 07:39:00,202.0,214.0,220.37,27.0,201.0,117.0,287.45,20.0,211.19,18.370000000000005,331.0,47.0,20.382919810468657,378,284.0,168.0,0.75,202.0,3.0
2025-05-07 07:39:01,202.0,205.0,218.73,33.0,201.0,100.0,220.0,11.0,210.36,16.72999999999999,305.0,44.0,19.167424970506477,349,261.0,-29.0,0.75,202.0,1.0
2025-05-07 07:39:02,202.95,79.0,214.06,33.0,201.83,174.0,218.43,23.0,208.5,11.110000000000014,253.0,56.0,3.070328972601558,309,197.0,-40.0,0.64,205.0,3.0
2025-05-07 07:39:03,202.04,282.0,215.15,26.0,201.25,144.0,217.0,30.0,208.6,13.110000000000014,426.0,56.0,2.3329809257678757,482,370.0,173.0,0.77,202.0,4.0
2025-05-07 07:39:07,202.21,56.0,207.08,25.0,201.5,169.0,209.0,19.0,204.65,4.8700000000000045,225.0,44.0,2.0745481435718043,269,181.0,164.0,0.67,202.4,5.0
2025-05-07 07:39:08,202.0,74.0,204.25,12.0,201.0,136.0,237.11,18.0,203.12,2.25,210.0,30.0,2.989954849157008,240,180.0,-29.0,0.75,202.0,3.0
2025-05-07 07:39:09,202.0,32.0,415.4,20.0,201.0,102.0,436.29,28.0,308.7,213.4,134.0,48.0,45.8679395656704,182,86.0,-58.0,0.47,202.0,3.0
2025-05-07 07:39:10,202.0,52.0,332.13,53.0,201.0,221.0,431.07,45.0,267.07,130.13,273.0,98.0,47.6392356151942,371,175.0,176.0,0.47,202.0,
2025-05-07 07:39:11,202.0,32.0,258.34,38.0,201.0,136.0,394.42,26.0,230.17,56.339999999999975,168.0,64.0,45.05903871588903,232,104.0,-139.0,0.45,202.0,
2025-05-07 07:39:17,203.0,13.0,233.18,45.0,202.0,65.0,268.12,50.0,218.09,30.180000000000007,78.0,95.0,4.80926397695088,173,-17.0,28.0,-0.1,207.0,3.0
2025-05-07 07:39:18,202.7,40.0,265.0,44.0,201.3,97.0,365.13,15.0,233.85,62.30000000000001,137.0,59.0,11.134585757898494,196,78.0,23.0,0.4,202.33,3.0
2025-05-07 07:39:25,203.0,35.0,345.0,5.0,202.0,10.0,747.0,1.0,274.0,142.0,45.0,6.0,19.565703922935217,51,39.0,-37.0,0.76,202.33,
2025-05-07 07:39:26,203.36,33.0,432.41,22.0,202.82,34.0,464.79,19.0,317.89,229.05,67.0,41.0,20.08303388435028,108,26.0,57.0,0.24,204.0,4.0
2025-05-07 07:39:29,202.45,11.0,404.16,25.0,201.2,49.0,416.88,25.0,303.31,201.71000000000004,60.0,50.0,16.608734148030774,110,10.0,-38.0,0.09,203.0,3.0
2025-05-07 07:39:34,201.55,89.0,209.64,33.0,197.82,60.0,351.4,43.0,205.59,8.089999999999975,149.0,76.0,28.071568000380594,225,73.0,104.0,0.32,203.86,7.0
2025-05-07 07:39:35,202.0,66.0,209.0,21.0,201.0,21.0,396.86,28.0,205.5,7.0,87.0,49.0,16.651365409479066,136,38.0,-89.0,0.28,203.86,
2025-05-07 07:39:36,202.28,54.0,209.0,27.0,201.6,45.0,262.89,36.0,205.64,6.719999999999999,99.0,63.0,2.0177041408489345,162,36.0,26.0,0.22,204.5,2.0
2025-05-07 07:39:37,202.46,104.0,208.18,44.0,201.39,31.0,213.4,40.0,205.32,5.719999999999999,135.0,84.0,1.2392053905625562,219,51.0,57.0,0.23,202.0,4.0
2025-05-07 07:39:38,203.09,176.0,207.0,44.0,202.0,44.0,209.0,33.0,205.05,3.9099999999999966,220.0,77.0,0.2401041440699343,297,143.0,78.0,0.48,202.0,
2025-05-07 07:39:49,201.21,151.0,305.33,42.0,201.04,81.0,323.12,26.0,253.27,104.11999999999998,232.0,68.0,8.915203306710309,300,164.0,102.0,0.55,205.5,6.0
2025-05-07 07:39:50,201.0,278.0,273.0,60.0,200.0,48.0,331.0,12.0,237.0,72.0,326.0,72.0,15.012705618907612,398,254.0,98.0,0.64,201.0,2.0
2025-05-07 07:39:51,201.0,264.0,261.09,47.0,199.0,12.0,274.26,38.0,231.04,60.089999999999975,276.0,85.0,17.758083511459926,361,191.0,-37.0,0.53,201.0,
2025-05-07 07:39:52,201.05,113.0,246.12,16.0,200.86,71.0,256.71,28.0,223.59,45.06999999999999,184.0,44.0,18.37240185713316,228,140.0,-133.0,0.61,201.0,
2025-05-07 07:39:53,201.07,182.0,244.02,50.0,200.72,182.0,244.59,34.0,222.54,42.95000000000002,364.0,84.0,12.52481017820209,448,280.0,176.0,0.62,201.0,
2025-05-07 07:39:54,201.46,59.0,242.0,8.0,200.95,110.0,243.0,40.0,221.73,40.53999999999999,169.0,48.0,6.622918540945351,217,121.0,-176.0,0.56,201.0,
2025-05-07 07:40:01,203.38,48.0,205.6,42.0,201.52,107.0,208.33,24.0,204.49,2.219999999999999,155.0,66.0,8.100088271124136,221,89.0,111.0,0.4,205.43,7.0
2025-05-07 07:40:02,202.1,80.0,205.31,35.0,201.07,244.0,207.73,22.0,203.71,3.210000000000008,324.0,57.0,8.08155801810544,381,267.0,160.0,0.7,203.17,6.0
2025-05-07 07:40:03,202.0,8.0,205.75,8.0,201.0,152.0,208.0,16.0,203.88,3.75,160.0,24.0,6.4384198371965295,184,136.0,-176.0,0.74,201.33,3.0
2025-05-07 07:40:04,201.0,209.0,202.79,14.0,200.0,52.0,206.28,25.0,201.89,1.789999999999992,261.0,39.0,3.1099726686913423,300,222.0,116.0,0.74,201.0,2.0
2025-05-07 07:40:05,201.18,68.0,208.0,16.0,200.78,72.0,425.5,24.0,204.59,6.819999999999993,140.0,40.0,1.0867474407642057,180,100.0,-120.0,0.56,201.0,1.0
2025-05-07 07:40:06,202.0,80.0,207.05,42.0,201.0,210.0,308.45,51.0,204.52,5.050000000000011,290.0,93.0,1.092185881618852,383,197.0,176.0,0.51,201.0,
2025-05-07 07:40:07,201.52,46.0,204.7,63.0,200.9,240.0,205.94,85.0,203.11,3.1799999999999784,286.0,148.0,1.1257308737027625,434,138.0,51.0,0.32,201.83,6.0
2025-05-07 07:40:08,201.0,143.0,210.07,45.0,198.23,39.0,218.08,65.0,205.53,9.069999999999991,182.0,110.0,1.4298321579848086,292,72.0,-142.0,0.25,201.3,10.0
2025-05-07 07:40:09,201.0,60.0,258.2,30.0,199.0,12.0,433.96,26.0,229.6,57.19999999999999,72.0,56.0,11.286130869346051,128,16.0,-164.0,0.12,201.3,
2025-05-07 07:40:10,201.8,40.0,371.29,38.0,199.94,17.0,435.69,39.0,286.54,169.49,57.0,77.0,35.64518550940648,134,-20.0,6.0,-0.15,201.0,3.0
2025-05-07 07:40:11,203.89,18.0,406.04,23.0,199.12,33.0,453.43,23.0,304.97,202.15000000000003,51.0,46.0,47.08309940944836,97,5.0,-37.0,0.05,201.0,6.0
2025-05-07 07:40:12,198.0,16.0,356.12,16.0,197.0,56.0,358.0,16.0,277.06,158.12,72.0,32.0,41.55153125938914,104,40.0,7.0,0.38,201.0,
2025-05-07 07:40:13,197.0,56.0,244.33,15.0,194.0,96.0,281.4,10.0,220.67,47.33000000000001,152.0,25.0,36.80263536759279,177,127.0,73.0,0.72,198.0,2.0
2025-05-07 07:40:14,197.11,79.0,203.0,26.0,192.46,119.0,320.83,23.0,200.06,5.889999999999986,198.0,49.0,45.095650011946745,247,149.0,70.0,0.6,198.0,
2025-05-07 07:40:15,200.09,46.0,216.29,28.0,198.75,53.0,363.27,45.0,208.19,16.19999999999999,99.0,73.0,46.23659968033976,172,26.0,-75.0,0.15,203.0,2.0
2025-05-07 07:40:16,200.65,80.0,295.33,43.0,194.14,69.0,389.98,42.0,247.99,94.67999999999998,149.0,85.0,31.600079588507292,234,64.0,62.0,0.27,201.75,4.0
2025-05-07 07:40:30,204.0,81.0,239.0,20.0,203.0,35.0,241.0,10.0,221.5,35.0,116.0,30.0,42.28393465608415,146,86.0,21.0,0.59,204.67,3.0
2025-05-07 07:40:48,202.82,11.0,205.55,33.0,201.7,47.0,341.67,48.0,204.18,2.730000000000018,58.0,81.0,1.5322956633770228,139,-23.0,-42.0,-0.17,204.67,
2025-05-07 07:40:49,201.16,32.0,207.81,37.0,188.3,37.0,265.17,59.0,204.48,6.650000000000006,69.0,96.0,1.2505078968179768,165,-27.0,26.0,-0.16,202.17,6.0
2025-05-07 07:40:50,201.0,28.0,333.4,30.0,149.2,10.0,486.79,29.0,267.2,132.39999999999998,38.0,59.0,27.75146338483798,97,-21.0,-68.0,-0.22,202.17,
2025-05-07 07:40:51,174.0,16.0,299.06,17.0,134.57,14.0,407.59,34.0,236.53,125.06,30.0,51.0,27.980450854123184,81,-21.0,-16.0,-0.26,201.0,4.0
2025-05-07 07:40:52,157.47,68.0,195.57,14.0,112.0,20.0,308.64,25.0,176.52,38.1,88.0,39.0,34.850166714091955,127,49.0,46.0,0.39,201.0,
2025-05-07 07:40:53,148.64,73.0,193.0,30.0,134.12,25.0,194.0,5.0,170.82,44.360000000000014,98.0,35.0,40.79207521075635,133,63.0,6.0,0.47,201.0,
2025-05-07 07:40:54,154.49,130.0,193.0,56.0,53.33,12.0,194.0,10.0,173.75,38.50999999999999,142.0,66.0,44.21232780571504,208,76.0,75.0,0.37,193.0,2.0
2025-05-07 07:40:55,155.05,82.0,193.0,20.0,117.44,9.0,194.0,5.0,174.02,37.94999999999999,91.0,25.0,28.136402932855564,116,66.0,-92.0,0.57,193.0,
2025-05-07 07:40:56,161.52,46.0,400.82,39.0,152.48,46.0,562.83,29.0,281.17,239.3,92.0,68.0,48.06986301207862,160,24.0,44.0,0.15,196.45,11.0
2025-05-07 07:41:01,201.08,39.0,265.67,9.0,200.5,36.0,515.27,41.0,233.37,64.59,75.0,50.0,32.550416587196004,125,25.0,62.0,0.2,196.45,
2025-05-07 07:41:12,203.46,50.0,206.0,22.0,201.75,106.0,276.0,20.0,204.73,2.539999999999992,156.0,42.0,1.7550270653211215,198,114.0,28.0,0.58,203.5,6.0
2025-05-07 07:41:13,201.02,111.0,207.0,12.0,200.09,145.0,339.58,24.0,204.01,5.97999999999999,256.0,36.0,1.8994288615291104,292,220.0,94.0,0.75,201.8,5.0
2025-05-07 07:41:14,201.0,90.0,205.44,9.0,200.0,108.0,378.0,18.0,203.22,4.439999999999998,198.0,27.0,1.690582739770484,225,171.0,-67.0,0.76,201.8,
2025-05-07 07:41:15,201.83,72.0,360.9,21.0,200.59,111.0,473.89,27.0,281.37,159.06999999999996,183.0,48.0,34.42951016206896,231,135.0,6.0,0.58,203.0,1.0
2025-05-07 07:41:19,203.43,42.0,366.12,32.0,202.53,57.0,513.42,43.0,284.78,162.69,99.0,75.0,46.876169318748765,174,24.0,120.0,0.14,204.5,2.0
2025-05-07 07:41:20,203.0,44.0,346.76,29.0,202.0,33.0,405.38,26.0,274.88,143.76,77.0,55.0,47.06980688296908,132,22.0,-42.0,0.17,204.5,
2025-05-07 07:41:21,203.0,44.0,253.0,33.0,202.0,33.0,256.27,22.0,228.0,50.0,77.0,55.0,44.32841188222293,132,22.0,0.0,0.17,204.5,
2025-05-07 07:41:22,203.0,56.0,237.23,39.0,202.0,42.0,266.65,31.0,220.12,34.22999999999999,98.0,70.0,52.96596907449162,168,28.0,36.0,0.17,204.5,
2025-05-07 07:41:23,203.0,32.0,217.38,24.0,202.0,24.0,397.75,16.0,210.19,14.379999999999995,56.0,40.0,33.856790751635074,96,16.0,-72.0,0.17,204.5,
2025-05-07 07:41:24,203.0,29.0,214.77,39.0,201.67,48.0,270.49,35.0,208.88,11.77000000000001,77.0,74.0,27.118915538789583,151,3.0,55.0,0.02,202.5,2.0
2025-05-07 07:41:25,204.0,14.0,212.79,42.0,203.0,14.0,214.0,42.0,208.39,8.789999999999992,28.0,84.0,8.652018839554367,112,-56.0,-39.0,-0.5,202.5,
2025-05-07 07:41:27,201.02,44.0,209.0,21.0,200.13,84.0,210.0,21.0,205.01,7.97999999999999,128.0,42.0,1.9334761441517423,170,86.0,74.0,0.51,202.0,9.0
2025-05-07 07:41:28,201.0,42.0,208.71,21.0,200.0,84.0,209.71,21.0,204.86,7.710000000000008,126.0,42.0,1.883202060322772,168,84.0,-2.0,0.5,202.0,
2025-05-07 07:41:29,201.0,54.0,206.22,27.0,200.0,108.0,209.0,27.0,203.61,5.219999999999999,162.0,54.0,1.9840438503228568,216,108.0,48.0,0.5,202.0,
2025-05-07 07:41:30,202.0,30.0,209.0,36.0,200.03,111.0,329.74,35.0,205.5,7.0,141.0,71.0,1.3998821378973243,212,70.0,-4.0,0.33,206.0,3.0
2025-05-07 07:41:35,200.65,48.0,269.48,25.0,188.9,31.0,314.86,21.0,235.06,68.83000000000001,79.0,46.0,25.097054209608046,125,33.0,43.0,0.26,201.0,5.0
2025-05-07 07:41:36,201.44,50.0,265.65,31.0,170.06,35.0,269.78,27.0,233.54,64.20999999999998,85.0,58.0,26.86019601566609,143,27.0,18.0,0.19,201.0,
2025-05-07 07:41:38,201.85,52.0,256.37,30.0,191.38,64.0,261.28,36.0,229.11,54.52000000000001,116.0,66.0,3.3755103317873223,182,50.0,62.0,0.27,201.0,2.0
2025-05-07 07:41:41,203.22,36.0,233.88,40.0,191.85,52.0,234.46,46.0,218.55,30.66,88.0,86.0,7.240920521591313,174,2.0,116.0,0.01,205.14,7.0
2025-05-07 07:41:42,200.0,50.0,230.94,36.0,95.2,20.0,232.86,28.0,215.47,30.94,70.0,64.0,5.122165557652525,134,6.0,-40.0,0.04,205.14,
2025-05-07 07:41:50,203.44,25.0,207.0,25.0,200.57,28.0,209.0,10.0,205.22,3.5600000000000023,53.0,35.0,2.168333461439881,88,18.0,-131.0,0.2,206.0,5.0
2025-05-07 07:41:53,202.0,34.0,303.33,12.0,201.0,27.0,398.53,17.0,252.67,101.32999999999998,61.0,29.0,121.86509721819456,90,32.0,-20.0,0.36,206.0,
2025-05-07 07:41:54,202.0,52.0,254.75,8.0,201.0,24.0,372.5,16.0,228.38,52.75,76.0,24.0,117.78345414361056,100,52.0,10.0,0.52,202.0,4.0
2025-05-07 07:41:55,202.0,36.0,242.88,8.0,201.0,18.0,253.33,6.0,222.44,40.88,54.0,14.0,114.06182328018438,68,40.0,-32.0,0.59,202.0,
2025-05-07 07:41:56,202.06,63.0,229.8,15.0,201.44,54.0,232.18,17.0,215.93,27.74000000000001,117.0,32.0,80.03787809531184,149,85.0,81.0,0.57,202.5,2.0
2025-05-07 07:41:57,202.0,40.0,226.0,8.0,201.0,24.0,227.88,8.0,214.0,24.0,64.0,16.0,15.594009426699262,80,48.0,-69.0,0.6,202.5,
2025-05-07 07:42:00,202.0,65.0,211.13,15.0,201.0,75.0,212.65,37.0,206.57,9.129999999999995,140.0,52.0,3.722380958470157,192,88.0,72.0,0.46,202.5,
2025-05-07 07:42:01,202.12,24.0,208.83,6.0,201.06,48.0,210.71,14.0,205.48,6.710000000000008,72.0,20.0,3.9656865735935938,92,52.0,-100.0,0.57,202.0,2.0
2025-05-07 07:42:03,202.42,52.0,206.97,31.0,201.19,79.0,333.66,38.0,204.7,4.550000000000011,131.0,69.0,2.2344283385195265,200,62.0,-46.0,0.31,206.0,1.0
2025-05-07 07:42:04,203.06,88.0,321.8,45.0,201.25,112.0,460.49,47.0,262.43,118.74,200.0,92.0,25.486155653608947,292,108.0,92.0,0.37,206.0,1.0
2025-05-07 07:42:09,203.79,39.0,294.54,26.0,201.69,51.0,409.98,57.0,249.17,90.75000000000004,90.0,83.0,19.167206369212717,173,7.0,23.0,0.04,206.67,3.0
2025-05-07 07:42:10,202.0,17.0,279.0,18.0,201.0,90.0,298.11,27.0,240.5,77.0,107.0,45.0,14.576320523369056,152,62.0,-21.0,0.41,202.0,4.0
2025-05-07 07:42:11,203.8,147.0,244.67,36.0,201.93,169.0,258.7,33.0,224.23,40.869999999999976,316.0,69.0,12.138328550504417,385,247.0,176.0,0.64,202.0,
2025-05-07 07:42:23,204.0,201.0,228.77,13.0,203.0,55.0,230.45,11.0,216.38,24.77000000000001,256.0,24.0,3.39056337501339,280,232.0,-97.0,0.83,204.0,5.0
2025-05-07 07:42:24,204.0,112.0,226.43,7.0,203.0,35.0,407.8,15.0,215.21,22.430000000000007,147.0,22.0,3.7663417263947823,169,125.0,-111.0,0.74,204.0,
2025-05-07 07:42:25,204.0,128.0,226.0,8.0,203.0,40.0,468.25,32.0,215.0,22.0,168.0,40.0,3.3948755499992487,208,128.0,39.0,0.62,204.0,
2025-05-07 07:42:26,204.0,205.0,224.92,13.0,203.0,61.0,251.78,45.0,214.46,20.919999999999987,266.0,58.0,1.7487080945609563,324,208.0,116.0,0.64,204.0,1.0
2025-05-07 07:42:27,204.0,96.0,223.0,12.0,203.0,19.0,239.0,20.0,213.5,19.0,115.0,32.0,1.0547037498668108,147,83.0,-176.0,0.56,204.0,8.0
2025-05-07 07:42:28,204.0,29.0,223.0,7.0,203.0,14.0,311.14,35.0,213.5,19.0,43.0,42.0,0.8089993819422848,85,1.0,-62.0,0.01,204.0,4.0
2025-05-07 07:42:29,204.0,27.0,221.78,9.0,203.0,18.0,434.67,45.0,212.89,17.78,45.0,54.0,0.8454584555038211,99,-9.0,14.0,-0.09,204.0,
2025-05-07 07:42:30,203.61,23.0,220.46,13.0,201.79,19.0,347.69,13.0,212.04,16.849999999999994,42.0,26.0,0.8914706949657872,68,16.0,-31.0,0.24,202.25,4.0
2025-05-07 07:42:31,202.76,21.0,220.0,8.0,201.18,11.0,265.36,36.0,211.38,17.24000000000001,32.0,44.0,0.9336594668200104,76,-12.0,8.0,-0.16,203.9,10.0
2025-05-07 07:42:32,203.0,12.0,273.61,36.0,199.81,16.0,497.31,36.0,238.31,70.61000000000001,28.0,72.0,11.59199422014969,100,-44.0,24.0,-0.44,203.9,
2025-05-07 07:42:33,200.21,19.0,392.67,42.0,150.44,16.0,553.98,44.0,296.44,192.46,35.0,86.0,36.59454563182862,121,-51.0,21.0,-0.42,204.0,1.0
2025-05-07 07:42:34,200.0,15.0,304.5,32.0,139.83,24.0,305.53,49.0,252.25,104.5,39.0,81.0,35.062597308242715,120,-42.0,-1.0,-0.35,200.0,1.0
2025-05-07 07:42:37,198.68,71.0,272.24,41.0,126.45,11.0,274.76,33.0,235.46,73.56,82.0,74.0,22.992810180575862,156,8.0,76.0,0.05,200.8,5.0
2025-05-07 07:42:38,178.18,67.0,249.68,38.0,78.42,43.0,251.14,42.0,213.93,71.5,110.0,80.0,16.55176576682948,190,30.0,34.0,0.16,200.8,
2025-05-07 07:42:40,168.15,117.0,242.48,46.0,95.44,18.0,244.44,36.0,205.32,74.32999999999998,135.0,82.0,24.094328585789267,217,53.0,87.0,0.24,200.8,
2025-05-07 07:42:42,202.0,24.0,230.88,32.0,84.0,16.0,231.88,32.0,216.44,28.879999999999995,40.0,64.0,23.783533589439063,104,-24.0,-102.0,-0.23,200.8,
2025-05-07 07:42:43,203.1,29.0,222.55,40.0,195.8,51.0,226.32,53.0,212.83,19.450000000000017,80.0,93.0,23.58885478356201,173,-13.0,69.0,-0.08,206.0,2.0
2025-05-07 07:42:44,204.0,15.0,228.5,40.0,200.0,72.0,229.56,36.0,216.25,24.5,87.0,76.0,24.58316639491295,163,11.0,-10.0,0.07,204.0,1.0
2025-05-07 07:42:46,200.0,39.0,223.24,21.0,117.2,10.0,224.17,24.0,211.62,23.24000000000001,49.0,45.0,2.14190802789949,94,4.0,-128.0,0.04,200.0,3.0
2025-05-07 07:42:47,200.0,48.0,221.31,36.0,80.0,16.0,222.31,36.0,210.65,21.31,64.0,72.0,2.3592965053125514,136,-8.0,42.0,-0.06,200.0,
2025-05-07 07:42:48,200.0,60.0,220.29,34.0,119.3,20.0,221.33,48.0,210.15,20.289999999999992,80.0,82.0,2.763678707805939,162,-2.0,26.0,-0.01,200.0,
2025-05-07 07:42:49,200.0,84.0,215.61,61.0,122.07,28.0,217.7,53.0,207.8,15.610000000000014,112.0,114.0,2.6845800416414347,226,-2.0,64.0,-0.01,200.0,
2025-05-07 07:42:50,202.12,16.0,212.08,36.0,198.12,52.0,213.11,44.0,207.1,9.960000000000008,68.0,80.0,1.928919386594272,148,-12.0,-78.0,-0.08,200.0,
2025-05-07 07:42:51,204.0,9.0,208.91,33.0,200.0,54.0,210.21,33.0,206.45,4.909999999999997,63.0,66.0,1.869023809366541,129,-3.0,-19.0,-0.02,200.0,
2025-05-07 07:42:52,200.33,24.0,203.96,45.0,154.69,32.0,205.28,46.0,202.14,3.629999999999996,56.0,91.0,2.92081666661546,147,-35.0,18.0,-0.24,204.0,1.0
2025-05-07 07:42:53,193.61,23.0,201.08,37.0,149.69,26.0,202.03,58.0,197.34,7.469999999999999,49.0,95.0,4.408228669202393,144,-46.0,-3.0,-0.32,200.0,3.0
2025-05-07 07:42:54,197.17,12.0,200.26,23.0,161.91,22.0,252.2,30.0,198.71,3.0900000000000034,34.0,53.0,4.409259575028138,87,-19.0,-57.0,-0.22,200.4,10.0
2025-05-07 07:42:57,161.5,12.0,251.5,16.0,0.0,0.0,474.0,13.0,206.5,90.0,12.0,29.0,18.453314607407886,41,-17.0,11.0,-0.41,191.5,4.0
2025-05-07 07:42:58,187.0,14.0,219.68,22.0,0.0,0.0,282.57,21.0,203.34,32.68000000000001,14.0,43.0,19.39976340061842,57,-29.0,16.0,-0.51,192.0,1.0
2025-05-07 07:42:59,187.0,14.0,193.71,21.0,0.0,0.0,276.0,21.0,190.36,6.710000000000008,14.0,42.0,18.70154325182746,56,-28.0,-1.0,-0.5,192.0,3.0
2025-05-07 07:43:00,181.17,12.0,198.0,18.0,0.0,0.0,310.0,18.0,189.58,16.830000000000013,12.0,36.0,16.76047374032054,48,-24.0,-8.0,-0.5,192.0,
2025-05-07 07:43:01,152.0,10.0,207.69,13.0,0.0,0.0,339.43,7.0,179.85,55.69,10.0,20.0,10.914058823369755,30,-10.0,-18.0,-0.33,198.0,3.0
2025-05-07 07:43:02,164.5,52.0,223.0,18.0,157.5,20.0,249.0,6.0,193.75,58.5,72.0,24.0,8.453988999281608,96,48.0,66.0,0.5,198.0,
2025-05-07 07:43:03,203.0,47.0,250.08,13.0,202.0,18.0,428.14,21.0,226.54,47.08000000000001,65.0,34.0,17.829759673085203,99,31.0,3.0,0.31,203.0,7.0
2025-05-07 07:43:04,203.7,20.0,251.67,18.0,202.0,20.0,346.89,38.0,227.68,47.97,40.0,56.0,22.156620906626923,96,-16.0,-3.0,-0.17,204.0,2.0
2025-05-07 07:43:05,201.3,50.0,260.95,22.0,193.47,19.0,353.13,31.0,231.13,59.64999999999998,69.0,53.0,23.397090631101538,122,16.0,26.0,0.13,202.67,3.0
2025-05-07 07:43:06,201.0,120.0,238.09,11.0,184.0,24.0,255.53,19.0,219.55,37.09,144.0,30.0,15.12061010673779,174,114.0,52.0,0.66,202.67,
2025-05-07 07:43:07,201.0,105.0,214.47,17.0,95.67,18.0,274.44,9.0,207.74,13.47,123.0,26.0,9.276139822144856,149,97.0,-25.0,0.65,202.67,
2025-05-07 07:43:08,201.0,75.0,223.2,5.0,68.0,15.0,276.2,10.0,212.1,22.19999999999999,90.0,15.0,9.938956182617014,105,75.0,-44.0,0.71,202.67,
2025-05-07 07:43:09,201.0,60.0,223.0,4.0,68.0,12.0,237.0,8.0,212.0,22.0,72.0,12.0,9.215298692933407,84,60.0,-21.0,0.71,202.67,
2025-05-07 07:43:14,199.85,66.0,217.4,10.0,163.9,21.0,529.38,26.0,208.62,17.55000000000001,87.0,36.0,15.251189461808488,123,51.0,40.0,0.41,208.0,1.0
2025-05-07 07:43:23,203.65,68.0,205.0,22.0,202.68,50.0,210.39,51.0,204.32,1.3499999999999943,118.0,73.0,2.274471367148482,191,45.0,-141.0,0.24,204.0,5.0
2025-05-07 07:43:24,200.32,160.0,203.57,35.0,194.9,62.0,243.24,45.0,201.95,3.25,222.0,80.0,2.591472554355571,302,142.0,111.0,0.47,202.22,9.0
2025-05-07 07:43:25,200.0,154.0,202.65,31.0,178.0,22.0,203.54,13.0,201.32,2.6500000000000057,176.0,44.0,2.47494040331845,220,132.0,-82.0,0.6,202.22,
2025-05-07 07:43:26,200.0,122.0,250.59,17.0,181.52,31.0,422.57,21.0,225.29,50.59,153.0,38.0,10.01138202247713,191,115.0,-29.0,0.6,200.0,4.0
2025-05-07 07:43:27,202.67,18.0,439.59,17.0,200.31,48.0,571.26,19.0,321.13,236.92,66.0,36.0,51.4598199569332,102,30.0,-89.0,0.29,200.0,
2025-05-07 07:43:31,204.0,39.0,302.78,36.0,201.0,180.0,544.07,30.0,253.39,98.77999999999996,219.0,66.0,36.92399870003224,285,153.0,102.0,0.54,204.0,2.0
2025-05-07 07:43:32,204.0,15.0,409.91,33.0,201.0,180.0,585.75,24.0,306.95,205.91000000000005,195.0,57.0,30.880774277857448,252,138.0,-33.0,0.55,204.0,2.0
2025-05-07 07:43:34,204.0,5.0,444.06,17.0,201.0,100.0,607.33,18.0,324.03,240.06,105.0,35.0,63.87590703856959,140,70.0,-84.0,0.5,204.0,
2025-05-07 07:43:35,201.04,192.0,343.17,46.0,200.2,121.0,507.68,40.0,272.11,142.13000000000002,313.0,86.0,54.40310193362125,399,227.0,176.0,0.57,203.67,3.0
2025-05-07 07:43:36,201.0,170.0,388.9,40.0,200.0,100.0,676.32,41.0,294.95,187.9,270.0,81.0,46.13429115094307,351,189.0,-48.0,0.54,201.0,5.0
2025-05-07 07:43:37,201.8,97.0,450.82,44.0,200.91,140.0,471.36,44.0,326.31,249.02,237.0,88.0,45.75103255665367,325,149.0,-26.0,0.46,202.0,1.0
2025-05-07 07:43:38,202.48,89.0,448.69,52.0,201.15,164.0,615.5,40.0,325.59,246.21,253.0,92.0,24.280813824910886,345,161.0,20.0,0.47,202.0,
2025-05-07 07:43:39,203.82,60.0,390.04,25.0,201.25,64.0,448.14,29.0,296.93,186.22000000000003,124.0,54.0,22.963804562832877,178,70.0,-167.0,0.39,203.0,1.0
2025-05-07 07:43:51,204.0,37.0,255.52,46.0,203.0,26.0,267.3,30.0,229.76,51.52000000000001,63.0,76.0,7.11735765575808,139,-13.0,34.0,-0.09,204.0,1.0
2025-05-07 07:43:56,201.98,42.0,204.24,58.0,201.04,83.0,240.81,54.0,203.11,2.2600000000000198,125.0,112.0,3.8530014274549553,237,13.0,102.0,0.05,202.87,15.0
2025-05-07 07:43:57,201.0,40.0,203.45,22.0,200.0,88.0,350.06,17.0,202.23,2.4499999999999886,128.0,39.0,3.4342073321174653,167,89.0,-70.0,0.53,202.87,
2025-05-07 07:43:58,200.68,34.0,217.71,17.0,198.41,79.0,242.54,26.0,209.19,17.03,113.0,43.0,3.150647552483345,156,70.0,-11.0,0.45,201.0,5.0
2025-05-07 07:43:59,200.0,69.0,251.4,15.0,137.0,14.0,383.63,19.0,225.7,51.400000000000006,83.0,34.0,9.661659795292437,117,49.0,-39.0,0.42,201.0,
2025-05-07 07:44:00,200.0,157.0,216.64,11.0,140.27,22.0,246.7,23.0,208.32,16.639999999999986,179.0,34.0,9.452420324973412,213,145.0,96.0,0.68,200.0,2.0
2025-05-07 07:44:01,203.0,28.0,214.86,7.0,200.0,105.0,350.0,7.0,208.93,11.860000000000014,133.0,14.0,8.770218355318805,147,119.0,-66.0,0.81,200.0,
2025-05-07 07:44:02,201.42,74.0,204.41,22.0,197.32,141.0,281.31,13.0,202.91,2.990000000000009,215.0,35.0,8.606407496741651,250,180.0,103.0,0.72,202.0,6.0
2025-05-07 07:44:03,200.0,108.0,232.0,19.0,109.46,26.0,438.0,16.0,216.0,32.0,134.0,35.0,8.78341448412696,169,99.0,-81.0,0.59,200.33,9.0
2025-05-07 07:44:19,203.09,68.0,207.53,15.0,202.32,19.0,209.11,27.0,205.31,4.439999999999998,87.0,42.0,2.918377974145007,129,45.0,87.0,0.35,204.67,3.0
2025-05-07 07:44:20,203.0,21.0,204.17,6.0,202.0,6.0,299.5,6.0,203.58,1.1699999999999875,27.0,12.0,3.3747844375566105,39,15.0,-90.0,0.38,203.0,4.0
2025-05-07 07:44:21,202.27,11.0,330.0,6.0,200.53,19.0,423.22,18.0,266.14,127.73,30.0,24.0,26.67447562746035,54,6.0,15.0,0.11,202.25,4.0
2025-05-07 07:44:22,200.42,53.0,393.0,9.0,199.95,114.0,427.0,36.0,296.71,192.58,167.0,45.0,42.86583056468146,212,122.0,158.0,0.58,202.25,
2025-05-07 07:44:25,204.0,14.0,301.18,22.0,200.17,92.0,571.14,14.0,252.59,97.18,106.0,36.0,47.07157135681784,142,70.0,75.0,0.49,204.67,3.0
2025-05-07 07:44:26,202.0,20.0,293.0,64.0,200.0,235.0,499.33,48.0,247.5,91.0,255.0,112.0,51.29176961267755,367,143.0,176.0,0.39,204.67,
2025-05-07 07:44:27,200.12,68.0,262.74,54.0,199.32,123.0,297.96,54.0,231.43,62.620000000000005,191.0,108.0,59.78357926722009,299,83.0,-68.0,0.28,202.0,1.0
2025-05-07 07:44:28,200.0,40.0,280.82,17.0,199.0,90.0,453.06,17.0,240.41,80.82,130.0,34.0,42.12309307256511,164,96.0,-135.0,0.59,202.0,
2025-05-07 07:44:29,200.0,40.0,421.4,5.0,199.0,90.0,446.0,11.0,310.7,221.4,130.0,16.0,31.31021287056318,146,114.0,-18.0,0.78,202.0,
2025-05-07 07:44:30,200.0,64.0,333.57,14.0,199.0,144.0,414.0,12.0,266.79,133.57,208.0,26.0,31.50732978213135,234,182.0,88.0,0.78,202.0,
2025-05-07 07:44:31,200.74,65.0,253.08,12.0,199.25,96.0,370.87,39.0,226.91,52.34,161.0,51.0,34.636136043155574,212,110.0,-22.0,0.52,202.0,
2025-05-07 07:44:32,200.59,51.0,226.61,18.0,199.11,141.0,228.75,12.0,213.6,26.02000000000001,192.0,30.0,38.413294183133786,222,162.0,10.0,0.73,202.0,
2025-05-07 07:44:36,203.46,26.0,211.96,28.0,199.15,118.0,213.9,10.0,207.71,8.5,144.0,38.0,2.5869731347607945,182,106.0,86.0,0.58,201.62,8.0
2025-05-07 07:44:37,199.0,249.0,209.69,39.0,178.57,14.0,211.0,21.0,204.35,10.689999999999998,263.0,60.0,3.913237789858153,323,203.0,141.0,0.63,199.0,5.0
2025-05-07 07:44:38,202.0,40.0,205.87,23.0,198.92,244.0,208.04,26.0,203.93,3.870000000000005,284.0,49.0,3.914511463768336,333,235.0,10.0,0.71,204.0,3.0
2025-05-07 07:44:39,200.0,12.0,203.33,21.0,199.0,136.0,203.93,30.0,201.67,3.3300000000000125,148.0,51.0,3.5472919248313213,199,97.0,-134.0,0.49,204.0,
2025-05-07 07:44:40,199.0,132.0,201.44,18.0,197.0,47.0,203.62,42.0,200.22,2.4399999999999977,179.0,60.0,2.8596293466065137,239,119.0,40.0,0.5,200.0,1.0
2025-05-07 07:44:41,199.0,54.0,364.16,25.0,197.0,32.0,463.38,26.0,281.58,165.16000000000005,86.0,51.0,35.38675105177043,137,35.0,-102.0,0.26,199.0,5.0
2025-05-07 07:44:45,200.62,32.0,288.5,32.0,198.64,33.0,601.0,32.0,244.56,87.88,65.0,64.0,18.06328403142647,129,1.0,34.0,0.01,207.0,1.0
2025-05-07 07:44:50,203.67,24.0,255.14,28.0,199.29,112.0,405.5,32.0,229.4,51.47,136.0,60.0,22.23219242449977,196,76.0,88.0,0.39,205.5,4.0
2025-05-07 07:44:51,203.0,57.0,313.27,22.0,199.0,143.0,470.33,21.0,258.14,110.26999999999998,200.0,43.0,19.896346398270843,243,157.0,47.0,0.65,205.5,
2025-05-07 07:44:52,203.0,99.0,285.77,26.0,199.0,143.0,355.28,18.0,244.38,82.76999999999998,242.0,44.0,15.408458715912657,286,198.0,43.0,0.69,205.5,
2025-05-07 07:44:53,203.0,99.0,311.55,22.0,199.0,143.0,320.0,11.0,257.27,108.55,242.0,33.0,14.115334923408112,275,209.0,-11.0,0.76,205.5,
2025-05-07 07:44:54,203.22,81.0,308.44,43.0,200.75,185.0,311.09,35.0,255.83,105.22,266.0,78.0,12.289077670841914,344,188.0,69.0,0.55,205.5,
2025-05-07 07:44:55,203.07,80.0,307.1,29.0,200.78,104.0,308.05,41.0,255.09,104.03000000000004,184.0,70.0,5.585988721791864,254,114.0,-90.0,0.45,203.67,3.0
2025-05-07 07:44:56,203.93,43.0,257.96,51.0,200.83,72.0,290.1,63.0,230.95,54.02999999999997,115.0,114.0,11.16734883488402,229,1.0,-25.0,0.0,203.0,5.0
2025-05-07 07:44:58,203.0,9.0,237.58,24.0,201.0,27.0,259.14,21.0,220.29,34.58000000000001,36.0,45.0,15.443568240532526,81,-9.0,-15.0,-0.11,203.0,
2025-05-07 07:44:59,201.09,22.0,234.09,22.0,199.96,50.0,255.36,33.0,217.59,33.0,72.0,55.0,15.090398271748304,127,17.0,46.0,0.13,201.2,5.0
2025-05-07 07:45:00,200.0,77.0,231.73,33.0,199.0,143.0,232.82,33.0,215.86,31.72999999999999,220.0,66.0,9.42997242837876,286,154.0,159.0,0.54,201.2,
2025-05-07 07:45:01,200.41,54.0,229.97,40.0,199.28,95.0,231.08,36.0,215.19,29.56,149.0,76.0,9.358674051380536,225,73.0,-61.0,0.32,201.2,
2025-05-07 07:45:02,202.0,32.0,226.86,57.0,201.0,32.0,228.11,55.0,214.43,24.860000000000014,64.0,112.0,2.335320106534206,176,-48.0,-49.0,-0.27,201.2,
2025-05-07 07:45:03,202.0,36.0,222.86,58.0,201.0,36.0,224.45,66.0,212.43,20.860000000000014,72.0,124.0,1.8949670181781029,196,-52.0,20.0,-0.27,201.2,
2025-05-07 07:45:04,203.09,23.0,217.47,60.0,201.5,32.0,218.56,66.0,210.28,14.379999999999995,55.0,126.0,2.2753395350985968,181,-71.0,-15.0,-0.39,202.5,4.0
2025-05-07 07:45:05,199.88,57.0,214.38,64.0,198.3,100.0,216.0,64.0,207.13,14.5,157.0,128.0,3.274251059400094,285,29.0,104.0,0.1,199.25,4.0
2025-05-07 07:45:06,201.75,72.0,212.29,28.0,200.0,32.0,213.68,31.0,207.02,10.539999999999992,104.0,59.0,3.255483067070481,163,45.0,-122.0,0.28,199.25,
2025-05-07 07:45:07,202.2,140.0,209.07,58.0,200.0,72.0,209.97,61.0,205.63,6.8700000000000045,212.0,119.0,2.7801744549546936,331,93.0,168.0,0.28,202.0,2.0
2025-05-07 07:45:08,204.0,53.0,207.5,42.0,200.0,56.0,209.83,53.0,205.75,3.5,109.0,95.0,1.8764247919867645,204,14.0,-127.0,0.07,205.5,8.0
2025-05-07 07:45:09,199.54,52.0,204.23,13.0,198.94,36.0,210.0,36.0,201.88,4.689999999999998,88.0,49.0,2.1301103257771565,137,39.0,-67.0,0.28,201.29,7.0
2025-05-07 07:45:10,199.0,82.0,201.5,22.0,198.0,20.0,208.86,28.0,200.25,2.5,102.0,50.0,2.8870625209687377,152,52.0,15.0,0.34,201.29,
2025-05-07 07:45:11,199.01,89.0,201.24,21.0,198.27,30.0,210.31,39.0,200.12,2.230000000000018,119.0,60.0,2.793533604591536,179,59.0,27.0,0.33,200.0,1.0
2025-05-07 07:45:12,199.0,46.0,207.12,17.0,198.0,16.0,303.48,29.0,203.06,8.120000000000005,62.0,46.0,2.322319960725076,108,16.0,-71.0,0.15,199.25,4.0
2025-05-07 07:45:13,200.25,32.0,208.08,52.0,198.56,32.0,454.31,39.0,204.16,7.8300000000000125,64.0,91.0,1.7567242242258951,155,-27.0,47.0,-0.17,201.0,4.0
2025-05-07 07:45:14,200.71,14.0,206.36,28.0,198.44,18.0,421.33,18.0,203.54,5.650000000000006,32.0,46.0,1.9040955858312592,78,-14.0,-77.0,-0.18,205.75,4.0
2025-05-07 07:45:15,199.0,16.0,203.33,15.0,198.0,16.0,221.8,10.0,201.17,4.3300000000000125,32.0,25.0,1.6987936896463047,57,7.0,-21.0,0.12,205.75,
2025-05-07 07:45:16,198.36,11.0,200.78,9.0,196.09,11.0,203.0,18.0,199.57,2.4199999999999875,22.0,27.0,1.89107112504583,49,-5.0,-8.0,-0.1,198.67,3.0
2025-05-07 07:45:17,198.0,6.0,201.82,11.0,195.0,6.0,277.17,12.0,199.91,3.819999999999993,12.0,23.0,2.088935135417575,35,-11.0,-14.0,-0.31,200.0,1.0
2025-05-07 07:45:18,199.31,35.0,231.0,16.0,198.93,43.0,489.18,22.0,215.16,31.69,78.0,38.0,6.500665350560832,116,40.0,81.0,0.34,200.0,2.0
2025-05-07 07:45:19,200.0,13.0,342.06,32.0,198.92,49.0,454.76,17.0,271.03,142.06,62.0,49.0,30.693693489053764,111,13.0,-5.0,0.12,200.5,2.0
2025-05-07 07:45:20,201.18,22.0,342.0,30.0,198.73,30.0,514.0,15.0,271.59,140.82,52.0,45.0,36.92650159438315,97,7.0,-14.0,0.07,200.5,
2025-05-07 07:45:21,199.0,77.0,341.25,60.0,195.0,11.0,493.84,37.0,270.12,142.25,88.0,97.0,35.1338792335828,185,-9.0,88.0,-0.05,200.5,
2025-05-07 07:45:22,199.0,20.0,341.0,50.0,195.0,10.0,379.81,32.0,270.0,142.0,30.0,82.0,24.840224435378595,112,-52.0,-73.0,-0.46,199.0,5.0
2025-05-07 07:45:23,199.0,56.0,310.0,51.0,195.0,16.0,341.5,80.0,254.5,111.0,72.0,131.0,7.267906851355402,203,-59.0,91.0,-0.29,199.0,
2025-05-07 07:45:24,199.0,96.0,333.75,53.0,195.0,12.0,342.79,56.0,266.38,134.75,108.0,109.0,6.987046586361004,217,-1.0,14.0,-0.0,199.0,
2025-05-07 07:45:25,203.44,36.0,327.52,44.0,198.92,97.0,337.92,60.0,265.48,124.07999999999998,133.0,104.0,6.386726861231748,237,29.0,20.0,0.12,199.0,
2025-05-07 07:45:26,199.0,90.0,310.5,42.0,198.0,9.0,327.49,39.0,254.75,111.5,99.0,81.0,7.138992926175189,180,18.0,-57.0,0.1,202.2,5.0
2025-05-07 07:45:27,199.0,100.0,247.0,50.0,198.0,10.0,331.3,47.0,223.0,48.0,110.0,97.0,17.606311936347716,207,13.0,27.0,0.06,202.2,
2025-05-07 07:45:28,199.0,120.0,242.95,42.0,198.0,12.0,261.78,51.0,220.98,43.94999999999999,132.0,93.0,22.507265937913928,225,39.0,18.0,0.17,199.0,3.0
2025-05-07 07:45:29,199.68,82.0,239.0,60.0,199.5,52.0,240.33,60.0,219.34,39.31999999999999,134.0,120.0,21.738608511125573,254,14.0,29.0,0.06,199.0,
2025-05-07 07:45:30,202.0,13.0,235.73,59.0,201.0,65.0,237.0,53.0,218.86,33.72999999999999,78.0,112.0,15.382564155562028,190,-34.0,-64.0,-0.18,199.0,
2025-05-07 07:45:31,202.0,11.0,231.73,55.0,201.0,55.0,232.82,61.0,216.86,29.72999999999999,66.0,116.0,2.311432456288092,182,-50.0,-8.0,-0.27,199.0,
2025-05-07 07:45:35,202.27,22.0,218.4,50.0,200.29,49.0,220.26,38.0,210.34,16.129999999999995,71.0,88.0,2.888212249815118,159,-17.0,11.0,-0.11,203.5,2.0
2025-05-07 07:45:36,200.29,104.0,214.57,37.0,199.9,124.0,216.97,64.0,207.43,14.28,228.0,101.0,4.102288385764964,329,127.0,170.0,0.39,201.0,5.0
2025-05-07 07:45:37,201.35,46.0,211.76,46.0,199.98,126.0,212.65,49.0,206.55,10.409999999999997,172.0,95.0,4.067791784246366,267,77.0,-62.0,0.29,201.0,3.0
2025-05-07 07:45:38,202.5,40.0,207.09,44.0,200.6,30.0,208.23,44.0,204.8,4.590000000000003,70.0,88.0,3.538280655909355,158,-18.0,-109.0,-0.11,201.0,
2025-05-07 07:45:39,202.53,32.0,241.84,44.0,200.33,43.0,277.29,34.0,222.19,39.31,75.0,78.0,6.962684108875124,153,-3.0,-5.0,-0.02,203.33,6.0
2025-05-07 07:45:43,203.36,33.0,217.38,39.0,202.18,33.0,218.22,23.0,210.37,14.019999999999982,66.0,62.0,6.602594187134481,128,4.0,48.0,0.03,205.0,4.0
2025-05-07 07:45:44,202.43,14.0,214.79,14.0,201.13,46.0,216.88,34.0,208.61,12.359999999999983,60.0,48.0,6.276785005078807,108,12.0,-20.0,0.11,202.6,5.0
2025-05-07 07:45:45,201.55,11.0,212.17,23.0,200.77,39.0,213.33,12.0,206.86,10.619999999999976,50.0,35.0,2.193980401002374,85,15.0,-23.0,0.18,202.0,1.0
2025-05-07 07:45:47,200.43,46.0,211.0,44.0,199.57,61.0,281.14,14.0,205.72,10.569999999999991,107.0,58.0,1.772926958445485,165,49.0,42.0,0.3,202.62,8.0
2025-05-07 07:45:48,200.9,84.0,327.33,27.0,199.9,89.0,554.52,25.0,264.12,126.42999999999998,173.0,52.0,25.40476372651361,225,121.0,60.0,0.54,201.0,1.0
2025-05-07 07:45:49,201.46,91.0,448.06,16.0,200.0,104.0,514.03,32.0,324.76,246.6,195.0,48.0,52.500591615714,243,147.0,18.0,0.6,201.0,
2025-05-07 07:45:50,203.0,63.0,382.92,13.0,200.61,23.0,475.71,14.0,292.96,179.92000000000002,86.0,27.0,52.23259059246416,113,59.0,-130.0,0.52,201.0,
2025-05-07 07:45:51,203.0,49.0,390.0,14.0,202.0,7.0,467.16,19.0,296.5,187.0,56.0,33.0,45.17340279412181,89,23.0,-24.0,0.26,201.0,
2025-05-07 07:45:56,203.0,33.0,265.08,37.0,202.0,13.0,265.75,40.0,234.04,62.079999999999984,46.0,77.0,26.492573487677188,123,-31.0,21.0,-0.25,201.0,
2025-05-07 07:45:57,203.0,36.0,262.72,36.0,202.0,24.0,263.79,48.0,232.86,59.72000000000003,60.0,84.0,10.97344294193844,144,-24.0,21.0,-0.17,201.0,
2025-05-07 07:46:03,202.0,9.0,205.71,21.0,201.0,45.0,207.04,27.0,203.86,3.710000000000008,54.0,48.0,3.412582599730531,102,6.0,-45.0,0.06,201.0,
2025-05-07 07:46:04,201.03,60.0,202.91,43.0,200.11,94.0,204.21,28.0,201.97,1.8799999999999957,154.0,71.0,3.22078872327634,225,83.0,123.0,0.37,202.17,6.0
2025-05-07 07:46:05,200.29,28.0,205.1,20.0,199.38,110.0,461.5,16.0,202.69,4.810000000000002,138.0,36.0,2.739465276287379,174,102.0,-51.0,0.59,200.6,5.0
2025-05-07 07:46:06,199.23,136.0,204.24,25.0,161.27,182.0,310.21,19.0,201.73,5.010000000000019,318.0,44.0,2.258156327623153,362,274.0,176.0,0.76,199.71,7.0
2025-05-07 07:46:07,199.65,136.0,261.45,40.0,182.99,97.0,328.78,32.0,230.55,61.79999999999998,233.0,72.0,12.54376339062499,305,161.0,-57.0,0.53,200.67,3.0
2025-05-07 07:46:08,201.0,48.0,247.0,12.0,200.0,8.0,293.4,15.0,224.0,46.0,56.0,27.0,13.970287040715483,83,29.0,-176.0,0.35,200.67,
2025-05-07 07:46:09,201.83,72.0,269.0,12.0,200.0,12.0,556.75,24.0,235.42,67.16999999999999,84.0,36.0,15.749710156062608,120,48.0,37.0,0.4,200.67,
2025-05-07 07:46:18,203.0,16.0,211.0,24.0,200.89,18.0,330.0,12.0,207.0,8.0,34.0,36.0,1.8132512236263103,70,-2.0,-62.0,-0.03,205.0,2.0
2025-05-07 07:46:19,201.79,34.0,210.1,40.0,200.86,28.0,217.26,38.0,205.95,8.310000000000002,62.0,78.0,2.276148061964005,140,-16.0,70.0,-0.11,205.0,
2025-05-07 07:46:20,203.0,21.0,206.85,52.0,200.98,49.0,208.0,52.0,204.92,3.8499999999999934,70.0,104.0,2.4167850545678884,174,-34.0,34.0,-0.2,203.0,2.0
2025-05-07 07:46:21,202.05,19.0,204.0,64.0,199.34,50.0,205.0,64.0,203.03,1.9499999999999889,69.0,128.0,2.17523102220958,197,-59.0,23.0,-0.3,203.0,1.0
2025-05-07 07:46:22,199.16,43.0,201.6,40.0,198.77,86.0,203.0,40.0,200.38,2.4399999999999977,129.0,80.0,2.615650970596634,209,49.0,12.0,0.23,199.17,6.0
2025-05-07 07:46:23,199.0,36.0,200.0,36.0,198.0,45.0,203.0,36.0,199.5,1.0,81.0,72.0,2.793139810317995,153,9.0,-56.0,0.06,199.0,3.0
2025-05-07 07:46:24,198.09,44.0,230.78,23.0,165.11,45.0,355.68,25.0,214.44,32.69,89.0,48.0,5.981319252471239,137,41.0,-16.0,0.3,199.57,7.0
2025-05-07 07:46:34,203.03,64.0,307.41,37.0,202.09,79.0,627.58,38.0,255.22,104.38000000000002,143.0,75.0,21.926450465134096,218,68.0,65.0,0.31,205.0,1.0
2025-05-07 07:46:35,203.0,61.0,252.16,38.0,202.0,88.0,433.45,44.0,227.58,49.16,149.0,82.0,21.800923604287487,231,67.0,13.0,0.29,203.0,2.0
2025-05-07 07:46:36,203.0,50.0,209.0,20.0,202.0,80.0,215.5,32.0,206.0,6.0,130.0,52.0,21.786360411963702,182,78.0,-49.0,0.43,203.0,
2025-05-07 07:46:37,203.0,40.0,208.25,16.0,202.0,64.0,219.0,16.0,205.62,5.25,104.0,32.0,21.80942731939514,136,72.0,-46.0,0.53,203.0,
2025-05-07 07:46:38,203.0,35.0,207.29,14.0,202.0,56.0,225.5,16.0,205.14,4.289999999999992,91.0,30.0,21.917288153418504,121,61.0,-15.0,0.5,203.0,
2025-05-07 07:46:39,203.78,18.0,207.0,20.0,202.47,45.0,258.8,40.0,205.39,3.219999999999999,63.0,60.0,9.862782568828065,123,3.0,2.0,0.02,203.0,2.0
2025-05-07 07:46:40,203.76,17.0,207.0,26.0,202.42,55.0,383.0,52.0,205.38,3.240000000000009,72.0,78.0,0.3241604540628737,150,-6.0,27.0,-0.04,202.86,7.0
2025-05-07 07:46:41,202.0,40.0,205.5,16.0,201.0,32.0,277.4,20.0,203.75,3.5,72.0,36.0,0.7495532002321259,108,36.0,-42.0,0.33,202.86,
2025-05-07 07:46:42,202.0,46.0,313.8,30.0,201.0,48.0,356.88,32.0,257.9,111.8,94.0,62.0,23.70536795748968,156,32.0,48.0,0.21,202.0,4.0
2025-05-07 07:46:43,200.86,43.0,346.3,69.0,199.53,93.0,466.25,53.0,273.58,145.44,136.0,122.0,33.82042799847422,258,14.0,102.0,0.05,201.0,6.0
2025-05-07 07:46:49,200.17,29.0,367.0,28.0,200.3,20.0,648.78,18.0,283.59,166.83,49.0,46.0,42.92412573367082,95,3.0,7.0,0.03,201.56,9.0
2025-05-07 07:46:51,200.9,10.0,442.67,45.0,199.0,110.0,644.8,20.0,321.78,241.77,120.0,65.0,75.8355189208855,185,55.0,56.0,0.3,201.56,
2025-05-07 07:46:52,201.55,11.0,291.38,39.0,199.0,154.0,404.69,52.0,246.47,89.82999999999998,165.0,91.0,70.6202396625782,256,74.0,71.0,0.29,201.56,
2025-05-07 07:47:00,204.0,26.0,227.4,35.0,200.0,26.0,228.82,17.0,215.7,23.40000000000001,52.0,52.0,12.269758758834252,104,0.0,-25.0,0.0,201.56,
2025-05-07 07:47:01,200.25,56.0,222.69,35.0,199.4,20.0,223.73,30.0,211.47,22.44,76.0,65.0,14.53853740924412,141,11.0,37.0,0.08,202.0,4.0
2025-05-07 07:47:02,199.0,42.0,218.63,41.0,198.0,11.0,220.29,14.0,208.82,19.629999999999995,53.0,55.0,13.91562431226108,108,-2.0,-33.0,-0.02,199.0,4.0
2025-05-07 07:47:03,199.0,30.0,215.79,24.0,198.0,22.0,217.0,48.0,207.4,16.789999999999992,52.0,72.0,8.445122852865557,124,-20.0,16.0,-0.16,199.0,
2025-05-07 07:47:04,198.16,61.0,212.3,56.0,197.12,41.0,213.52,23.0,205.23,14.140000000000017,102.0,79.0,4.036561655665901,181,23.0,57.0,0.13,198.29,7.0
2025-05-07 07:47:05,199.5,60.0,205.9,60.0,198.0,46.0,208.09,74.0,202.7,6.400000000000006,106.0,134.0,3.354076624049072,240,-28.0,59.0,-0.12,198.29,
2025-05-07 07:47:06,201.0,33.0,202.71,34.0,199.0,24.0,204.34,29.0,201.85,1.710000000000008,57.0,63.0,2.9756427877002523,120,-6.0,-120.0,-0.05,201.0,1.0
2025-05-07 07:47:07,198.94,32.0,200.79,71.0,197.82,56.0,280.81,53.0,199.86,1.8499999999999943,88.0,124.0,2.948418219993999,212,-36.0,92.0,-0.17,199.33,6.0
2025-05-07 07:47:08,196.39,41.0,340.78,46.0,169.73,67.0,622.69,42.0,268.59,144.39,108.0,88.0,29.659258756752354,196,20.0,-16.0,0.1,198.0,2.0
2025-05-07 07:47:09,196.0,36.0,229.15,33.0,144.0,33.0,241.66,29.0,212.58,33.150000000000006,69.0,62.0,29.192419050157376,131,7.0,-65.0,0.05,198.0,
2025-05-07 07:47:10,194.16,57.0,208.35,77.0,149.91,86.0,211.24,49.0,201.25,14.189999999999998,143.0,126.0,29.37804333171274,269,17.0,138.0,0.06,196.0,3.0
2025-05-07 07:47:11,150.76,59.0,195.17,47.0,129.8,55.0,196.05,81.0,172.97,44.41,114.0,128.0,35.30061968294596,242,-14.0,-27.0,-0.06,196.0,
2025-05-07 07:47:12,149.52,63.0,191.15,39.0,119.97,31.0,192.06,35.0,170.34,41.63,94.0,74.0,39.81939514859551,168,20.0,-74.0,0.12,196.0,
2025-05-07 07:47:13,180.0,35.0,189.0,15.0,138.0,15.0,191.0,15.0,184.5,9.0,50.0,30.0,18.22928605294221,80,20.0,-88.0,0.25,196.0,
2025-05-07 07:47:14,180.72,25.0,188.31,29.0,177.2,45.0,189.86,21.0,184.52,7.590000000000003,70.0,50.0,12.228001880928616,120,20.0,40.0,0.17,188.29,7.0
2025-05-07 07:47:15,181.67,45.0,190.14,28.0,139.87,94.0,191.53,57.0,185.9,8.469999999999999,139.0,85.0,7.375640989093358,224,54.0,104.0,0.24,190.6,5.0
2025-05-07 07:47:16,184.91,33.0,358.67,51.0,131.71,56.0,400.82,33.0,271.79,173.76000000000002,89.0,84.0,40.95872800759312,173,5.0,-51.0,0.03,194.22,9.0
2025-05-07 07:47:17,203.25,32.0,362.71,35.0,193.2,20.0,409.67,45.0,282.98,159.45999999999998,52.0,80.0,50.7735060833895,132,-28.0,-41.0,-0.21,194.22,
2025-05-07 07:47:18,204.0,32.0,348.64,28.0,198.79,28.0,423.33,36.0,276.32,144.64,60.0,64.0,50.45148976987685,124,-4.0,-8.0,-0.03,194.22,
2025-05-07 07:47:19,200.11,36.0,386.9,29.0,198.59,34.0,526.51,35.0,293.5,186.79,70.0,64.0,43.371877063368906,134,6.0,10.0,0.04,203.0,5.0
2025-05-07 07:47:20,199.17,12.0,279.06,32.0,198.11,18.0,421.3,30.0,239.11,79.89000000000001,30.0,62.0,20.497140044405803,92,-32.0,-42.0,-0.35,199.0,1.0
2025-05-07 07:47:21,202.73,11.0,272.54,52.0,199.86,14.0,305.37,35.0,237.63,69.81000000000003,25.0,87.0,25.87933287393601,112,-62.0,20.0,-0.55,199.0,
2025-05-07 07:47:22,203.0,7.0,274.0,35.0,201.0,14.0,319.0,14.0,238.5,71.0,21.0,49.0,26.186879730124137,70,-28.0,-42.0,-0.4,199.0,
2025-05-07 07:47:23,201.5,10.0,273.45,44.0,199.0,32.0,283.31,39.0,237.48,71.94999999999999,42.0,83.0,24.74874602883927,125,-41.0,55.0,-0.33,202.0,3.0
2025-05-07 07:47:24,198.8,91.0,271.58,48.0,197.85,27.0,274.0,60.0,235.19,72.77999999999997,118.0,108.0,1.4926386032757957,226,10.0,101.0,0.04,200.6,5.0
2025-05-07 07:47:25,198.0,121.0,270.57,28.0,196.0,7.0,274.0,35.0,234.29,72.57,128.0,63.0,1.7866085189512564,191,65.0,-35.0,0.34,198.0,2.0
2025-05-07 07:47:26,198.0,256.0,209.15,53.0,196.0,16.0,229.57,60.0,203.58,11.150000000000006,272.0,113.0,14.759511170766784,385,159.0,176.0,0.41,198.0,
2025-05-07 07:47:27,198.0,160.0,206.82,22.0,196.0,10.0,230.42,53.0,202.41,8.819999999999993,170.0,75.0,17.93024400280124,245,95.0,-140.0,0.39,206.0,4.0
2025-05-07 07:47:28,198.0,176.0,205.65,37.0,196.0,11.0,281.0,40.0,201.82,7.650000000000006,187.0,77.0,17.61624449194521,264,110.0,19.0,0.42,206.0,
2025-05-07 07:47:29,198.8,81.0,204.25,24.0,197.99,161.0,205.36,39.0,201.53,5.449999999999989,242.0,63.0,14.312289474433852,305,179.0,41.0,0.59,199.0,3.0
2025-05-07 07:47:30,199.0,35.0,202.0,14.0,198.0,112.0,203.0,7.0,200.5,3.0,147.0,21.0,1.1360765819213934,168,126.0,-137.0,0.75,199.0,
2025-05-07 07:47:31,199.0,47.0,202.0,20.0,198.0,132.0,203.0,10.0,200.5,3.0,179.0,30.0,0.8399226154772942,209,149.0,41.0,0.71,199.0,3.0
2025-05-07 07:47:32,199.0,14.0,201.43,14.0,198.0,14.0,203.0,7.0,200.21,2.430000000000007,28.0,21.0,0.7139117592463726,49,7.0,-160.0,0.14,199.0,
2025-05-07 07:47:33,198.92,48.0,202.2,10.0,197.88,16.0,251.66,41.0,200.56,3.280000000000001,64.0,51.0,0.5051237472048612,115,13.0,66.0,0.11,199.0,2.0
2025-05-07 07:47:34,199.0,57.0,201.91,11.0,198.0,22.0,377.36,55.0,200.45,2.9099999999999966,79.0,66.0,0.1364917579574152,145,13.0,30.0,0.09,199.0,4.0
2025-05-07 07:47:35,199.0,25.0,206.47,17.0,198.0,18.0,263.89,45.0,202.74,7.469999999999999,43.0,62.0,1.0415709289291135,105,-19.0,-40.0,-0.18,199.0,1.0
2025-05-07 07:47:36,199.0,18.0,305.44,45.0,198.0,18.0,620.67,45.0,252.22,106.44,36.0,90.0,22.933369355591623,126,-54.0,21.0,-0.43,199.0,
2025-05-07 07:47:40,202.0,30.0,308.0,30.0,199.0,12.0,479.17,24.0,255.0,106.0,42.0,54.0,61.95369133473787,96,-12.0,-123.0,-0.12,199.0,
2025-05-07 07:47:41,199.36,22.0,229.59,22.0,197.5,20.0,280.87,46.0,214.48,30.22999999999999,42.0,68.0,73.39538834286508,110,-26.0,14.0,-0.24,201.14,7.0
2025-05-07 07:47:42,202.12,17.0,228.0,7.0,200.0,13.0,308.0,35.0,215.06,25.879999999999995,30.0,42.0,69.00024289812306,72,-12.0,-38.0,-0.17,201.14,
2025-05-07 07:47:47,203.06,18.0,213.75,8.0,200.65,37.0,216.0,24.0,208.4,10.689999999999998,55.0,32.0,2.73023259082393,87,23.0,-9.0,0.26,204.17,6.0
2025-05-07 07:47:48,202.0,45.0,209.03,37.0,200.0,90.0,209.74,42.0,205.51,7.030000000000001,135.0,79.0,3.4401569731623254,214,56.0,127.0,0.26,204.17,
2025-05-07 07:47:49,201.2,15.0,203.44,16.0,199.38,78.0,205.88,24.0,202.32,2.240000000000009,93.0,40.0,4.048020503900356,133,53.0,-81.0,0.4,202.0,3.0
2025-05-07 07:47:50,200.0,60.0,203.8,10.0,198.0,240.0,207.0,30.0,201.9,3.8000000000000114,300.0,40.0,3.849151854629536,340,260.0,176.0,0.76,202.0,
2025-05-07 07:47:51,200.0,42.0,201.27,22.0,198.0,240.0,206.0,25.0,200.64,1.2700000000000102,282.0,47.0,3.156719816518148,329,235.0,-11.0,0.71,200.0,4.0
2025-05-07 07:47:52,198.0,72.0,209.33,12.0,181.0,15.0,542.0,12.0,203.67,11.330000000000013,87.0,24.0,1.8578670565997224,111,63.0,-176.0,0.57,200.0,2.0
2025-05-07 07:47:53,198.0,142.0,207.69,29.0,164.43,44.0,333.12,32.0,202.84,9.689999999999998,186.0,61.0,1.1270669900226158,247,125.0,136.0,0.51,200.0,
2025-05-07 07:47:54,198.57,63.0,206.48,31.0,179.23,141.0,207.62,32.0,202.53,7.909999999999997,204.0,63.0,1.133106349818335,267,141.0,20.0,0.53,200.0,
2025-05-07 07:47:55,204.0,9.0,205.54,26.0,198.0,152.0,207.0,24.0,204.77,1.539999999999992,161.0,50.0,1.5278579776924723,211,111.0,-56.0,0.53,205.0,2.0
2025-05-07 07:47:56,198.03,184.0,204.76,37.0,150.86,93.0,228.41,37.0,201.39,6.72999999999999,277.0,74.0,1.2661358536896823,351,203.0,140.0,0.58,201.0,2.0
2025-05-07 07:47:57,198.0,126.0,203.43,21.0,132.05,39.0,205.29,21.0,200.71,5.430000000000007,165.0,42.0,1.556605280730676,207,123.0,-144.0,0.59,201.0,
2025-05-07 07:47:58,198.07,97.0,202.08,36.0,180.11,171.0,203.08,36.0,200.08,4.010000000000019,268.0,72.0,1.8454213610985275,340,196.0,133.0,0.58,199.0,1.0
2025-05-07 07:47:59,198.95,171.0,235.89,38.0,154.29,112.0,425.71,38.0,217.42,36.94,283.0,76.0,7.243488800294915,359,207.0,19.0,0.58,201.38,8.0
2025-05-07 07:48:00,203.57,56.0,235.0,36.0,190.54,35.0,412.11,36.0,219.29,31.430000000000007,91.0,72.0,9.68912637960704,163,19.0,-176.0,0.12,204.0,6.0
2025-05-07 07:48:01,198.42,48.0,261.65,46.0,150.14,44.0,570.09,55.0,230.03,63.22999999999999,92.0,101.0,12.901663846186482,193,-9.0,30.0,-0.05,204.0,
2025-05-07 07:48:02,199.2,30.0,314.5,54.0,198.67,36.0,429.41,46.0,256.85,115.3,66.0,100.0,20.919109206655826,166,-34.0,-27.0,-0.2,204.0,
2025-05-07 07:48:03,200.0,15.0,347.22,36.0,199.0,60.0,371.16,50.0,273.61,147.22000000000003,75.0,86.0,24.749484843123277,161,-11.0,-5.0,-0.07,204.0,
2025-05-07 07:48:04,201.71,17.0,344.36,22.0,199.16,38.0,348.0,33.0,273.03,142.65,55.0,55.0,24.87499386934568,110,0.0,-51.0,0.0,204.0,
2025-05-07 07:48:05,199.82,45.0,310.9,29.0,199.17,24.0,405.89,38.0,255.36,111.07999999999998,69.0,67.0,17.74778239668222,136,2.0,26.0,0.01,203.2,5.0
2025-05-07 07:48:06,199.0,37.0,343.6,20.0,198.0,65.0,432.0,40.0,271.3,144.60000000000002,102.0,60.0,9.115242728527958,162,42.0,26.0,0.26,199.0,3.0
2025-05-07 07:48:07,198.65,62.0,343.0,20.0,197.96,95.0,432.0,40.0,270.82,144.35,157.0,60.0,7.615610940691584,217,97.0,55.0,0.45,199.0,1.0
2025-05-07 07:48:08,199.44,50.0,341.62,16.0,198.11,94.0,432.0,32.0,270.53,142.18,144.0,48.0,7.247369867750741,192,96.0,-25.0,0.5,199.0,1.0
2025-05-07 07:48:09,199.0,32.0,273.92,24.0,198.0,112.0,389.28,25.0,236.46,74.92000000000002,144.0,49.0,15.225868776525768,193,95.0,1.0,0.49,199.0,1.0
2025-05-07 07:48:10,199.0,27.0,269.82,34.0,198.0,154.0,410.23,31.0,234.41,70.82,181.0,65.0,19.431320850626268,246,116.0,53.0,0.47,199.0,2.0
2025-05-07 07:48:11,199.0,8.0,283.79,19.0,198.0,112.0,401.14,22.0,241.39,84.79000000000002,120.0,41.0,18.39061363848373,161,79.0,-85.0,0.49,199.0,
2025-05-07 07:48:12,199.0,7.0,298.0,18.0,198.0,98.0,482.0,20.0,248.5,99.0,105.0,38.0,14.61360564679314,143,67.0,-18.0,0.47,199.0,
2025-05-07 07:48:13,198.07,83.0,338.0,26.0,197.86,98.0,392.3,40.0,268.04,139.93,181.0,66.0,13.585979905769957,247,115.0,104.0,0.47,198.25,4.0
2025-05-07 07:48:14,198.02,121.0,256.35,31.0,197.26,35.0,285.38,40.0,227.19,58.33000000000001,156.0,71.0,15.648352309428152,227,85.0,-20.0,0.37,198.25,
2025-05-07 07:48:15,198.0,117.0,212.0,36.0,197.0,33.0,228.41,34.0,205.0,14.0,150.0,70.0,23.6114216005726,220,80.0,-7.0,0.36,198.25,
2025-05-07 07:48:16,198.0,103.0,199.71,34.0,197.0,33.0,212.09,35.0,198.85,1.710000000000008,136.0,69.0,29.117601721295443,205,67.0,-15.0,0.33,199.0,2.0
2025-05-07 07:48:17,199.71,84.0,226.28,25.0,197.77,78.0,306.18,17.0,213.0,26.569999999999997,162.0,42.0,27.620983508919235,204,120.0,-1.0,0.59,199.0,
2025-05-07 07:48:18,201.43,70.0,244.14,28.0,197.92,109.0,303.39,18.0,222.79,42.70999999999998,179.0,46.0,11.840111063667804,225,133.0,21.0,0.59,204.0,4.0
2025-05-07 07:48:19,198.39,66.0,236.46,13.0,197.84,95.0,257.88,34.0,217.43,38.07000000000002,161.0,47.0,9.580116387601404,208,114.0,-17.0,0.55,204.0,
2025-05-07 07:48:20,201.0,45.0,241.17,12.0,198.0,99.0,366.55,33.0,221.08,40.16999999999999,144.0,45.0,9.587666556570936,189,99.0,-19.0,0.52,204.0,
2025-05-07 07:48:21,201.15,62.0,237.19,21.0,198.55,75.0,377.64,22.0,219.17,36.03999999999999,137.0,43.0,3.765505278178269,180,94.0,-9.0,0.52,204.0,
2025-05-07 07:48:30,202.17,53.0,204.21,56.0,201.11,93.0,215.61,71.0,203.19,2.0400000000000205,146.0,127.0,2.2270226761282177,273,19.0,149.0,0.07,202.86,14.0
2025-05-07 07:48:31,200.0,48.0,203.0,40.0,198.27,22.0,268.35,26.0,201.5,3.0,70.0,66.0,2.8385084111183057,136,4.0,-137.0,0.03,202.86,
2025-05-07 07:48:32,200.0,54.0,202.11,45.0,199.0,9.0,338.0,45.0,201.06,2.1100000000000136,63.0,90.0,2.886061329907852,153,-27.0,17.0,-0.18,202.86,
2025-05-07 07:48:33,200.0,78.0,201.71,70.0,199.0,20.0,591.67,54.0,200.86,1.710000000000008,98.0,124.0,2.358098810480517,222,-26.0,69.0,-0.12,200.0,3.0
2025-05-07 07:48:34,199.33,18.0,391.08,24.0,198.16,38.0,557.73,26.0,295.21,191.75,56.0,50.0,41.85024169583716,106,6.0,-116.0,0.06,200.0,3.0
2025-05-07 07:48:37,204.0,54.0,334.85,26.0,198.0,41.0,559.88,41.0,269.42,130.85000000000002,95.0,67.0,57.769434392245735,162,28.0,24.0,0.17,204.0,5.0
2025-05-07 07:48:40,198.28,25.0,310.86,14.0,197.37,19.0,639.0,35.0,254.57,112.58,44.0,49.0,39.28694885073144,93,-5.0,27.0,-0.05,202.33,3.0
2025-05-07 07:48:41,201.43,14.0,310.0,14.0,197.77,26.0,551.56,32.0,255.71,108.57,40.0,46.0,5.8771464164160605,86,-6.0,-7.0,-0.07,206.0,1.0
2025-05-07 07:48:42,203.5,8.0,308.62,16.0,198.52,23.0,465.68,34.0,256.06,105.12,31.0,50.0,1.9594820744250163,81,-19.0,-5.0,-0.23,206.0,1.0
2025-05-07 07:48:43,198.21,19.0,300.29,14.0,197.18,22.0,469.31,32.0,249.25,102.08,41.0,46.0,3.426349369225763,87,-5.0,6.0,-0.06,200.0,2.0
2025-05-07 07:48:44,198.0,15.0,206.89,36.0,197.0,27.0,376.22,27.0,202.44,8.889999999999986,42.0,63.0,23.174946170379737,105,-21.0,18.0,-0.2,198.0,2.0
2025-05-07 07:48:45,198.0,8.0,200.0,16.0,197.0,30.0,334.89,19.0,199.0,2.0,38.0,35.0,29.155589001081815,73,3.0,-32.0,0.04,198.0,
2025-05-07 07:48:46,197.05,19.0,199.3,20.0,166.08,39.0,474.17,41.0,198.18,2.25,58.0,61.0,29.05379114676788,119,-3.0,46.0,-0.03,197.5,2.0
2025-05-07 07:48:47,197.0,22.0,199.0,26.0,174.69,39.0,448.25,32.0,198.0,2.0,61.0,58.0,22.363302081759127,119,3.0,0.0,0.03,197.0,1.0
2025-05-07 07:48:48,186.39,31.0,198.73,22.0,139.76,41.0,232.0,11.0,192.56,12.340000000000003,72.0,33.0,3.547291924837425,105,39.0,-14.0,0.37,197.0,
2025-05-07 07:48:49,197.0,27.0,198.0,18.0,146.24,51.0,228.8,10.0,197.5,1.0,78.0,28.0,2.5663437026277767,106,50.0,1.0,0.47,198.0,2.0
2025-05-07 07:48:50,198.25,16.0,215.05,37.0,185.93,28.0,217.07,15.0,206.65,16.80000000000001,44.0,52.0,5.075137436564313,96,-8.0,-10.0,-0.08,198.0,
2025-05-07 07:48:51,199.71,21.0,214.67,60.0,197.18,33.0,216.0,24.0,207.19,14.95999999999998,54.0,84.0,6.340350936660827,138,-30.0,42.0,-0.22,198.0,
2025-05-07 07:48:52,200.56,16.0,214.0,60.0,188.68,56.0,359.0,36.0,207.28,13.439999999999998,72.0,96.0,6.810325249209107,168,-24.0,30.0,-0.14,200.0,5.0
2025-05-07 07:48:53,199.14,14.0,213.08,65.0,179.72,57.0,341.85,39.0,206.11,13.940000000000026,71.0,104.0,4.188810093572401,175,-33.0,7.0,-0.19,200.0,
2025-05-07 07:48:54,200.0,16.0,211.25,40.0,199.0,8.0,319.0,24.0,205.62,11.25,24.0,64.0,0.7086959856054971,88,-40.0,-87.0,-0.45,200.0,
2025-05-07 07:48:55,200.0,16.0,210.0,40.0,199.0,8.0,363.32,19.0,205.0,10.0,24.0,59.0,0.990328228424036,83,-35.0,-5.0,-0.42,200.0,
2025-05-07 07:48:56,200.0,14.0,210.0,35.0,199.0,7.0,264.83,12.0,205.0,10.0,21.0,47.0,0.9485357136205737,68,-26.0,-15.0,-0.38,200.0,
2025-05-07 07:48:57,200.55,22.0,209.55,55.0,199.43,14.0,242.12,16.0,205.05,9.0,36.0,71.0,0.4963164313357944,107,-35.0,39.0,-0.33,200.0,
2025-05-07 07:48:58,203.28,36.0,208.37,82.0,201.78,36.0,211.1,42.0,205.82,5.090000000000003,72.0,124.0,0.3921989291340781,196,-52.0,89.0,-0.27,200.0,
2025-05-07 07:49:00,200.47,98.0,207.38,39.0,197.28,39.0,227.82,34.0,203.93,6.909999999999997,137.0,73.0,0.6937795038872623,210,64.0,30.0,0.3,200.29,7.0
2025-05-07 07:49:01,198.0,18.0,207.0,21.0,196.43,7.0,208.0,21.0,202.5,9.0,25.0,42.0,1.3280926172576648,67,-17.0,-143.0,-0.25,198.0,3.0
2025-05-07 07:49:03,202.37,27.0,205.73,26.0,198.91,22.0,224.12,32.0,204.05,3.359999999999985,49.0,58.0,1.5173233010846252,107,-9.0,21.0,-0.08,204.5,4.0
2025-05-07 07:49:04,199.49,53.0,201.69,45.0,197.73,30.0,202.93,28.0,200.59,2.1999999999999886,83.0,73.0,2.1768394520530974,156,10.0,49.0,0.06,200.0,7.0
2025-05-07 07:49:05,198.0,12.0,204.0,12.0,197.0,12.0,260.33,60.0,201.0,6.0,24.0,72.0,2.41788543980378,96,-48.0,-60.0,-0.5,200.0,
2025-05-07 07:49:06,199.0,43.0,203.9,10.0,198.0,10.0,213.0,50.0,201.45,4.900000000000006,53.0,60.0,2.508260353315666,113,-7.0,17.0,-0.06,199.0,2.0
2025-05-07 07:49:07,199.08,26.0,203.0,8.0,198.5,12.0,213.0,40.0,201.04,3.919999999999988,38.0,48.0,1.3888232428987295,86,-10.0,-27.0,-0.12,199.0,
2025-05-07 07:49:08,202.03,79.0,334.33,30.0,201.38,26.0,265.6,30.0,268.18,132.29999999999998,105.0,60.0,30.0364074083438,165,45.0,79.0,0.27,202.0,1.0
2025-05-07 07:49:10,204.0,11.0,354.0,50.0,199.0,30.0,402.55,33.0,279.0,150.0,41.0,83.0,50.29002853449174,124,-42.0,-14.0,-0.34,204.0,1.0
2025-05-07 07:49:11,204.0,8.0,354.0,40.0,199.0,24.0,417.21,14.0,279.0,150.0,32.0,54.0,41.65396163631961,86,-22.0,-38.0,-0.26,204.0,
2025-05-07 07:49:12,195.82,22.0,347.04,26.0,193.77,47.0,353.37,30.0,271.43,151.22000000000003,69.0,56.0,18.79431908848997,125,13.0,39.0,0.1,199.8,5.0
2025-05-07 07:49:13,203.8,60.0,270.5,32.0,194.45,40.0,318.66,41.0,237.15,66.69999999999999,100.0,73.0,27.722408805873656,173,27.0,48.0,0.16,199.8,
2025-05-07 07:49:21,204.0,9.0,212.91,35.0,198.07,45.0,213.8,20.0,208.46,8.909999999999997,54.0,55.0,1.4624192285409952,109,-1.0,6.0,-0.01,199.8,
2025-05-07 07:49:22,198.0,72.0,210.36,28.0,195.0,32.0,211.9,21.0,204.18,12.360000000000014,104.0,49.0,2.742037563566021,153,55.0,44.0,0.36,201.5,2.0
2025-05-07 07:49:23,198.16,97.0,208.13,30.0,196.72,57.0,209.09,44.0,203.15,9.97,154.0,74.0,3.2567575899977284,228,80.0,75.0,0.35,201.5,
2025-05-07 07:49:24,198.04,103.0,204.36,44.0,195.27,113.0,205.52,50.0,201.2,6.320000000000022,216.0,94.0,3.5259083935928803,310,122.0,82.0,0.39,201.45,11.0
2025-05-07 07:49:25,198.0,40.0,204.75,32.0,197.0,8.0,324.12,32.0,201.38,6.75,48.0,64.0,2.9504033622556527,112,-16.0,-176.0,-0.14,201.45,
2025-05-07 07:49:26,198.0,25.0,203.0,20.0,197.0,5.0,266.4,20.0,200.5,5.0,30.0,40.0,1.5260799454845524,70,-10.0,-42.0,-0.14,201.45,
2025-05-07 07:49:27,198.0,25.0,202.0,10.0,197.0,5.0,203.0,20.0,200.0,4.0,30.0,30.0,1.199408187403464,60,0.0,-10.0,0.0,201.45,
2025-05-07 07:49:28,198.0,34.0,200.3,20.0,197.0,8.0,202.57,28.0,199.15,2.300000000000012,42.0,48.0,0.9113616186842324,90,-6.0,30.0,-0.07,198.0,1.0
2025-05-07 07:49:29,196.2,40.0,199.12,8.0,194.14,84.0,420.0,32.0,197.66,2.920000000000016,124.0,40.0,1.4150335685103,164,84.0,74.0,0.51,198.5,10.0
2025-05-07 07:49:30,195.0,72.0,197.86,63.0,194.0,240.0,298.39,36.0,196.43,2.8600000000000136,312.0,99.0,1.6848946554640625,411,213.0,176.0,0.52,198.5,
2025-05-07 07:49:31,195.0,36.0,223.15,26.0,194.0,120.0,349.0,7.0,209.08,28.15000000000001,156.0,33.0,5.00781688962473,189,123.0,-176.0,0.65,196.33,6.0
2025-05-07 07:49:32,195.0,36.0,437.14,7.0,194.0,120.0,506.45,11.0,316.07,242.14,156.0,18.0,51.89025891243944,174,138.0,-15.0,0.79,196.33,
2025-05-07 07:49:33,195.0,12.0,196.0,8.0,194.0,40.0,416.0,2.0,195.5,1.0,52.0,10.0,52.34526788545457,62,42.0,-112.0,0.68,196.33,
2025-05-07 07:49:34,195.0,42.0,236.0,28.0,194.0,140.0,347.54,13.0,215.5,41.0,182.0,41.0,50.775104431207225,223,141.0,161.0,0.63,196.0,4.0
2025-05-07 07:49:35,195.0,60.0,265.71,28.0,194.0,200.0,329.87,31.0,230.36,70.70999999999998,260.0,59.0,47.93695046621132,319,201.0,96.0,0.63,196.0,
2025-05-07 07:49:36,195.0,48.0,217.0,32.0,194.0,160.0,309.6,10.0,206.0,22.0,208.0,42.0,48.34408319536112,250,166.0,-69.0,0.66,196.0,
2025-05-07 07:49:37,195.0,39.0,217.0,36.0,194.0,180.0,364.52,21.0,206.0,22.0,219.0,57.0,13.084071231845414,276,162.0,26.0,0.59,195.0,3.0
2025-05-07 07:49:38,195.0,23.0,216.33,36.0,194.0,200.0,238.81,21.0,205.67,21.330000000000013,223.0,57.0,10.711166136327275,280,166.0,4.0,0.59,195.0,1.0
2025-05-07 07:49:39,198.46,39.0,209.81,67.0,194.16,192.0,301.27,44.0,204.13,11.349999999999994,231.0,111.0,11.166940941905478,342,120.0,62.0,0.35,195.0,
2025-05-07 07:49:40,204.0,36.0,208.26,42.0,198.35,23.0,336.86,21.0,206.13,4.259999999999991,59.0,63.0,0.8315226996335822,122,-4.0,-176.0,-0.03,195.0,
2025-05-07 07:49:41,204.0,38.0,208.0,35.0,201.12,34.0,231.0,14.0,206.0,4.0,72.0,49.0,0.8315226996335822,121,23.0,-1.0,0.19,204.0,1.0
2025-05-07 07:49:42,204.0,39.0,208.0,45.0,202.0,108.0,231.0,18.0,206.0,4.0,147.0,63.0,0.8315226996335822,210,84.0,89.0,0.4,204.0,3.0
2025-05-07 07:49:44,202.86,42.0,240.57,49.0,201.89,112.0,412.62,42.0,221.71,37.70999999999998,154.0,91.0,7.018242657532234,245,63.0,12.0,0.26,204.0,2.0
2025-05-07 07:49:45,202.0,120.0,399.59,29.0,199.0,20.0,584.89,18.0,300.79,197.59,140.0,47.0,41.208473279169205,187,93.0,-58.0,0.5,204.0,
2025-05-07 07:49:46,202.0,108.0,420.17,23.0,200.68,25.0,452.67,18.0,311.09,218.17,133.0,41.0,52.40520899681631,174,92.0,-13.0,0.53,204.0,
2025-05-07 07:49:47,202.0,180.0,437.06,47.0,199.0,30.0,445.05,19.0,319.53,235.06,210.0,66.0,53.63959377176519,276,144.0,102.0,0.52,204.0,
2025-05-07 07:49:48,202.0,156.0,335.16,25.0,199.0,26.0,452.77,31.0,268.58,133.16000000000005,182.0,56.0,39.98560866111693,238,126.0,-38.0,0.53,204.0,
2025-05-07 07:49:49,202.64,50.0,367.79,29.0,201.82,102.0,376.15,26.0,285.22,165.15000000000003,152.0,55.0,20.41414387134534,207,97.0,-31.0,0.47,203.5,4.0
2025-05-07 07:49:50,202.6,159.0,369.0,44.0,199.92,65.0,396.34,47.0,285.8,166.4,224.0,91.0,20.822728687662124,315,133.0,108.0,0.42,202.0,1.0
2025-05-07 07:49:56,202.15,79.0,297.12,32.0,200.5,18.0,508.69,39.0,249.64,94.97,97.0,71.0,3.315226990720132,168,26.0,-61.0,0.15,205.0,4.0
2025-05-07 07:49:57,202.0,80.0,295.94,48.0,199.0,10.0,296.84,32.0,248.97,93.94,90.0,80.0,1.6725519423919135,170,10.0,2.0,0.06,205.0,
2025-05-07 07:49:58,202.0,120.0,292.9,59.0,199.0,15.0,293.93,55.0,247.45,90.89999999999998,135.0,114.0,2.2057651733580155,249,21.0,79.0,0.08,202.0,5.0
2025-05-07 07:49:59,202.0,54.0,287.78,54.0,199.0,38.0,289.44,54.0,244.89,85.77999999999997,92.0,108.0,2.66856141019831,200,-16.0,-49.0,-0.08,202.0,
2025-05-07 07:50:00,202.7,23.0,282.67,27.0,201.12,17.0,286.0,27.0,242.68,79.97000000000003,40.0,54.0,2.906549500696681,94,-14.0,-106.0,-0.15,202.0,
2025-05-07 07:50:01,204.0,71.0,280.03,39.0,202.0,33.0,284.36,33.0,242.01,76.02999999999997,104.0,72.0,2.9957469853111083,176,32.0,82.0,0.18,202.0,
2025-05-07 07:50:05,204.0,63.0,215.21,63.0,202.0,30.0,216.07,55.0,209.6,11.210000000000008,93.0,118.0,16.173763322121598,211,-25.0,-118.0,-0.12,204.0,3.0
2025-05-07 07:50:06,200.7,23.0,210.61,56.0,198.12,127.0,212.18,82.0,205.65,9.910000000000023,150.0,138.0,13.51357465661872,288,12.0,77.0,0.04,203.2,5.0
2025-05-07 07:50:07,199.0,18.0,204.51,35.0,198.0,144.0,206.24,33.0,201.76,5.509999999999991,162.0,68.0,4.604641136941058,230,94.0,-58.0,0.41,203.2,
2025-05-07 07:50:08,198.14,112.0,201.02,42.0,197.73,176.0,202.45,66.0,199.58,2.880000000000024,288.0,108.0,4.964012489912818,396,180.0,166.0,0.45,199.0,3.0
2025-05-07 07:50:09,198.0,137.0,199.79,38.0,197.0,80.0,210.39,49.0,198.89,1.789999999999992,217.0,87.0,4.490615770694602,304,130.0,-92.0,0.43,198.0,8.0
2025-05-07 07:50:10,198.0,52.0,200.0,44.0,197.0,80.0,505.6,40.0,199.0,2.0,132.0,84.0,2.857696624908174,216,48.0,-88.0,0.22,198.57,7.0
2025-05-07 07:50:11,198.0,29.0,199.21,28.0,197.0,80.0,290.9,40.0,198.61,1.210000000000008,109.0,68.0,1.2752529160962018,177,41.0,-39.0,0.23,198.5,2.0
2025-05-07 07:50:12,197.16,38.0,198.4,15.0,196.86,28.0,251.21,19.0,197.78,1.240000000000009,66.0,34.0,0.657472432891353,100,32.0,-77.0,0.32,198.33,3.0
2025-05-07 07:50:13,197.0,12.0,198.0,8.0,196.0,4.0,199.0,4.0,197.5,1.0,16.0,12.0,0.6761878437329237,28,4.0,-72.0,0.14,197.29,7.0
2025-05-07 07:50:18,198.81,31.0,382.25,52.0,196.91,11.0,561.72,25.0,290.53,183.44,42.0,77.0,133.9368406003366,119,-35.0,98.0,-0.29,197.29,
2025-05-07 07:50:19,199.2,41.0,318.64,55.0,198.0,11.0,373.18,22.0,258.92,119.44,52.0,77.0,134.83371340284293,129,-25.0,10.0,-0.19,199.0,2.0
2025-05-07 07:50:20,203.14,21.0,317.0,45.0,199.89,37.0,465.0,18.0,260.07,113.86,58.0,63.0,85.29170915159328,121,-5.0,-8.0,-0.04,206.0,4.0
2025-05-07 07:50:23,202.81,27.0,288.0,60.0,200.94,35.0,472.5,24.0,245.41,85.19,62.0,84.0,7.291284523320431,146,-22.0,44.0,-0.15,204.0,4.0
2025-05-07 07:50:24,201.0,36.0,286.43,35.0,200.0,18.0,289.38,34.0,243.71,85.43,54.0,69.0,8.011871192175601,123,-15.0,-23.0,-0.12,204.0,
2025-05-07 07:50:25,201.0,36.0,282.89,35.0,200.0,18.0,284.59,37.0,241.94,81.88999999999999,54.0,72.0,7.065533950099943,126,-18.0,3.0,-0.14,204.0,
2025-05-07 07:50:26,200.8,30.0,279.89,45.0,199.5,24.0,283.0,27.0,240.34,79.08999999999997,54.0,72.0,2.7441446754893404,126,-18.0,0.0,-0.14,201.0,4.0
2025-05-07 07:50:27,200.0,24.0,274.88,42.0,199.0,48.0,278.17,54.0,237.44,74.88,72.0,96.0,3.0755438543479188,168,-24.0,42.0,-0.14,201.0,
2025-05-07 07:50:28,202.71,42.0,270.31,51.0,199.73,30.0,271.47,49.0,236.51,67.6,72.0,100.0,3.0156375776969493,172,-28.0,4.0,-0.16,201.0,
2025-05-07 07:50:29,202.16,32.0,263.77,39.0,198.89,36.0,264.91,35.0,232.96,61.60999999999999,68.0,74.0,3.4929672200034507,142,-6.0,-30.0,-0.04,201.25,8.0
2025-05-07 07:50:30,199.0,22.0,261.58,53.0,198.0,66.0,263.09,33.0,230.29,62.579999999999984,88.0,86.0,3.930797628983135,174,2.0,32.0,0.01,201.25,
2025-05-07 07:50:31,198.4,30.0,256.28,65.0,197.86,42.0,261.27,59.0,227.34,57.87999999999997,72.0,124.0,4.224117659348544,196,-52.0,22.0,-0.27,198.4,5.0
2025-05-07 07:50:32,199.27,11.0,254.06,35.0,198.0,33.0,255.62,53.0,226.66,54.78999999999999,44.0,88.0,4.081344141336393,132,-44.0,-64.0,-0.33,198.4,
2025-05-07 07:50:33,200.0,11.0,251.06,53.0,198.0,75.0,252.43,35.0,225.53,51.06,86.0,88.0,3.026223719426844,174,-2.0,42.0,-0.01,198.4,
2025-05-07 07:50:34,199.82,17.0,206.12,59.0,197.9,119.0,212.08,51.0,202.97,6.300000000000011,136.0,110.0,11.090539662253752,246,26.0,72.0,0.11,198.6,5.0
2025-05-07 07:50:35,198.77,13.0,202.18,39.0,197.71,14.0,204.03,29.0,200.47,3.4099999999999966,27.0,68.0,13.622130156477938,95,-41.0,-151.0,-0.43,200.0,1.0
2025-05-07 07:50:36,197.95,19.0,199.82,33.0,196.54,13.0,200.91,33.0,198.88,1.8700000000000043,32.0,66.0,13.951385952658164,98,-34.0,3.0,-0.35,198.0,2.0
2025-05-07 07:50:37,195.44,27.0,198.41,44.0,180.43,28.0,199.46,39.0,196.93,2.969999999999999,55.0,83.0,11.712091188170854,138,-28.0,40.0,-0.2,197.5,2.0
