DateTime,Bid1_Price,Bid1_Volume,Ask1_Price,Ask1_Volume,Bid2_Price,Bid2_Volume,Ask2_Price,Ask2_Volume,Mid-Price,Bid_Ask_Spread,Market_Depth_Bid,Market_Depth_Ask,Historical_Volatility,Total_volume,Cumulative_Volume_Difference,Total_Volume_Change_Corrected,Order_imbalance,Weighted_Avg_Price,Trade_Volume
2025-02-07 07:30:02,300.0,1.0,336.6,5.0,0.0,0.0,633.0,5.0,318.3,36.60000000000002,1.0,10.0,,11,-9.0,10.0,-0.82,300.0,1.0
2025-02-07 07:30:20,301.09,106.0,311.48,54.0,293.67,48.0,328.23,52.0,306.29,10.390000000000043,154.0,106.0,4.986887807039157,260,48.0,103.0,0.18,300.0,2.0
2025-02-07 07:30:21,302.19,63.0,308.4,20.0,298.42,48.0,311.14,56.0,305.3,6.20999999999998,111.0,76.0,5.283660662835443,187,35.0,-73.0,0.19,302.44,9.0
2025-02-07 07:30:22,302.0,32.0,307.23,13.0,299.0,52.0,311.46,52.0,304.62,5.230000000000018,84.0,65.0,4.882666279810016,149,19.0,-38.0,0.13,302.0,1.0
2025-02-07 07:30:23,302.0,22.0,306.27,11.0,299.0,44.0,327.41,17.0,304.14,4.269999999999982,66.0,28.0,3.797574225738433,94,38.0,-55.0,0.4,302.0,
2025-02-07 07:30:24,302.56,64.0,316.81,27.0,299.38,64.0,324.21,19.0,309.69,14.25,128.0,46.0,2.2109884667251323,174,82.0,80.0,0.47,303.0,1.0
2025-02-07 07:30:25,305.43,138.0,322.0,28.0,303.1,49.0,324.0,14.0,313.72,16.569999999999993,187.0,42.0,4.120325229880638,229,145.0,55.0,0.63,303.0,
2025-02-07 07:30:26,310.0,208.0,321.69,39.0,304.5,144.0,326.28,29.0,315.85,11.689999999999998,352.0,68.0,5.259679648038459,420,284.0,180.0,0.68,303.0,
2025-02-07 07:30:27,310.0,182.0,322.0,34.0,306.0,126.0,330.2,20.0,316.0,12.0,308.0,54.0,5.0205726764970535,362,254.0,-58.0,0.7,303.0,
2025-02-07 07:30:28,310.0,52.0,322.0,8.0,306.0,36.0,323.0,4.0,316.0,12.0,88.0,12.0,2.727612509134571,100,76.0,-180.0,0.76,303.0,
2025-02-07 07:30:29,310.0,182.0,318.07,28.0,306.0,132.0,322.47,19.0,314.04,8.069999999999993,314.0,47.0,1.1410609098496378,361,267.0,180.0,0.74,303.0,
2025-02-07 07:30:30,310.0,120.0,322.67,12.0,306.0,92.0,323.89,18.0,316.33,12.670000000000016,212.0,30.0,0.9136903195211064,242,182.0,-119.0,0.75,310.0,2.0
2025-02-07 07:30:31,310.0,104.0,320.45,11.0,306.0,90.0,321.42,19.0,315.23,10.449999999999989,194.0,30.0,0.9207877062529962,224,164.0,-18.0,0.73,310.0,3.0
2025-02-07 07:30:32,310.0,56.0,320.0,7.0,306.0,63.0,324.0,14.0,315.0,10.0,119.0,21.0,0.8988047618847963,140,98.0,-84.0,0.7,310.0,
2025-02-07 07:30:33,310.0,56.0,320.0,7.0,306.0,63.0,324.0,14.0,315.0,10.0,119.0,21.0,0.8172209003610448,140,98.0,0.0,0.7,310.0,
2025-02-07 07:30:34,310.0,80.0,320.0,10.0,306.0,90.0,324.0,20.0,315.0,10.0,170.0,30.0,0.5777283098367452,200,140.0,60.0,0.7,310.0,
2025-02-07 07:30:35,310.0,80.0,320.0,10.0,306.0,90.0,324.0,20.0,315.0,10.0,170.0,30.0,0.1028591269017354,200,140.0,0.0,0.7,310.0,
2025-02-07 07:30:36,310.0,64.0,320.0,8.0,306.0,72.0,324.0,16.0,315.0,10.0,136.0,24.0,0.0,160,112.0,-40.0,0.7,310.0,
2025-02-07 07:30:37,310.0,96.0,320.0,12.0,306.0,108.0,325.31,32.0,315.0,10.0,204.0,44.0,0.0,248,160.0,88.0,0.65,310.0,
2025-02-07 07:30:38,310.0,112.0,319.13,46.0,306.0,126.0,323.46,26.0,314.57,9.129999999999995,238.0,72.0,0.1923018460313368,310,166.0,62.0,0.54,310.0,
2025-02-07 07:30:39,310.0,72.0,318.49,49.0,306.0,81.0,322.88,16.0,314.24,8.490000000000009,153.0,65.0,0.3461502563730684,218,88.0,-92.0,0.4,310.0,
2025-02-07 07:30:40,310.0,64.0,317.5,30.0,306.0,72.0,318.11,28.0,313.75,7.5,136.0,58.0,0.5325129106296671,194,78.0,-24.0,0.4,310.0,
2025-02-07 07:30:41,310.0,88.0,314.67,51.0,306.0,99.0,316.19,37.0,312.33,4.670000000000016,187.0,88.0,1.028528074477112,275,99.0,81.0,0.36,310.0,
2025-02-07 07:30:42,307.2,90.0,311.56,27.0,305.72,50.0,314.66,35.0,309.38,4.360000000000014,140.0,62.0,2.1220108388008576,202,78.0,-73.0,0.39,310.0,8.0
2025-02-07 07:30:43,305.91,99.0,307.68,34.0,304.0,35.0,312.97,38.0,306.79,1.7699999999999818,134.0,72.0,3.151724924543601,206,62.0,4.0,0.3,305.0,1.0
2025-02-07 07:30:44,303.64,22.0,306.47,17.0,301.32,37.0,315.62,13.0,305.05,2.830000000000041,59.0,30.0,3.6477527328467017,89,29.0,-117.0,0.33,305.5,4.0
2025-02-07 07:30:45,300.32,37.0,314.0,8.0,298.8,71.0,321.0,24.0,307.16,13.680000000000009,108.0,32.0,2.8028860126647035,140,76.0,51.0,0.54,301.29,7.0
2025-02-07 07:30:46,300.0,81.0,313.09,33.0,297.0,90.0,318.2,15.0,306.55,13.089999999999977,171.0,48.0,1.560298048448534,219,123.0,79.0,0.56,301.29,
2025-02-07 07:30:47,300.0,90.0,312.5,50.0,297.0,37.0,314.0,10.0,306.25,12.5,127.0,60.0,0.8045495634159089,187,67.0,-32.0,0.36,301.29,
2025-02-07 07:30:48,300.0,63.0,307.5,20.0,298.0,21.0,312.15,27.0,303.75,7.5,84.0,47.0,1.3572103742578292,131,37.0,-56.0,0.28,301.29,
2025-02-07 07:30:49,300.0,90.0,302.25,32.0,298.0,30.0,308.62,32.0,301.12,2.25,120.0,64.0,2.5120569261052847,184,56.0,53.0,0.3,301.29,
2025-02-07 07:30:50,299.86,87.0,304.77,47.0,297.93,29.0,312.12,49.0,302.31,4.909999999999968,116.0,96.0,2.3863109604563477,212,20.0,28.0,0.09,301.0,4.0
2025-02-07 07:30:51,306.0,14.0,311.36,70.0,298.07,42.0,313.54,26.0,308.68,5.360000000000014,56.0,96.0,3.0531737585656407,152,-40.0,-60.0,-0.26,301.0,
2025-02-07 07:30:52,306.0,13.0,309.62,65.0,300.38,39.0,313.96,23.0,307.81,3.620000000000005,52.0,88.0,3.3517801240525364,140,-36.0,-12.0,-0.26,301.0,
2025-02-07 07:30:53,305.38,13.0,308.5,60.0,301.75,36.0,314.5,36.0,306.94,3.1200000000000045,49.0,96.0,3.420551125183364,145,-47.0,5.0,-0.32,304.0,2.0
2025-02-07 07:30:54,301.25,56.0,307.44,45.0,300.79,117.0,315.0,27.0,304.35,6.189999999999998,173.0,72.0,2.630545570788059,245,101.0,100.0,0.41,304.0,
2025-02-07 07:30:55,301.0,189.0,306.78,45.0,299.0,27.0,315.0,27.0,303.89,5.779999999999973,216.0,72.0,2.118898298643055,288,144.0,43.0,0.5,304.0,
2025-02-07 07:30:56,301.0,324.0,304.31,80.0,299.0,48.0,314.44,48.0,302.66,3.3100000000000023,372.0,128.0,2.1624869941789773,500,244.0,180.0,0.49,301.0,4.0
2025-02-07 07:30:57,301.0,145.0,306.3,40.0,299.0,30.0,315.71,35.0,303.65,5.300000000000011,175.0,75.0,1.6009590875452877,250,100.0,-180.0,0.4,301.0,5.0
2025-02-07 07:30:58,301.0,60.0,312.0,15.0,299.0,15.0,317.0,20.0,306.5,11.0,75.0,35.0,1.4214605165089476,110,40.0,-140.0,0.36,301.0,
2025-02-07 07:30:59,301.0,144.0,312.0,36.0,299.0,36.0,313.55,58.0,306.5,11.0,180.0,94.0,1.7594175172464124,274,86.0,164.0,0.31,301.0,
2025-02-07 07:31:00,301.27,60.0,312.0,42.0,300.36,50.0,313.48,66.0,306.63,10.730000000000018,110.0,108.0,1.8893305692739568,218,2.0,-56.0,0.01,301.0,5.0
2025-02-07 07:31:01,305.0,14.0,311.25,60.0,302.74,34.0,313.6,52.0,308.12,6.25,48.0,112.0,1.6218662090296556,160,-64.0,-58.0,-0.4,301.0,
2025-02-07 07:31:02,303.25,24.0,309.1,50.0,302.68,22.0,313.0,68.0,306.18,5.850000000000023,46.0,118.0,0.7639895287186834,164,-72.0,4.0,-0.44,303.67,3.0
2025-02-07 07:31:03,304.73,45.0,308.0,75.0,302.95,41.0,313.0,75.0,306.37,3.269999999999982,86.0,150.0,0.7782351829568075,236,-64.0,72.0,-0.27,303.67,
2025-02-07 07:31:04,305.0,37.0,306.12,85.0,303.0,51.0,313.0,85.0,305.56,1.1200000000000043,88.0,170.0,0.9510888496833252,258,-82.0,22.0,-0.32,305.0,1.0
2025-02-07 07:31:05,305.0,18.0,306.0,39.0,303.0,27.0,313.29,42.0,305.5,1.0,45.0,81.0,1.0616873362681267,126,-36.0,-132.0,-0.29,306.0,1.0
2025-02-07 07:31:06,302.0,6.0,305.33,12.0,301.0,21.0,314.0,12.0,303.67,3.329999999999984,27.0,24.0,1.0679559915992558,51,3.0,-75.0,0.06,303.8,5.0
2025-02-07 07:31:07,302.0,28.0,305.0,56.0,301.0,98.0,313.07,56.0,303.5,3.0,126.0,112.0,1.2676158724129123,238,14.0,180.0,0.06,303.8,
2025-02-07 07:31:08,301.83,24.0,303.86,42.0,300.96,71.0,311.64,44.0,302.85,2.0300000000000296,95.0,86.0,1.238115503494578,181,9.0,-57.0,0.05,301.67,6.0
2025-02-07 07:31:09,300.52,27.0,302.4,45.0,296.47,51.0,314.73,74.0,301.46,1.8799999999999957,78.0,119.0,1.462781596819634,197,-41.0,16.0,-0.21,301.67,
2025-02-07 07:31:18,294.58,36.0,304.0,32.0,292.5,76.0,305.0,64.0,299.29,9.420000000000016,112.0,96.0,0.582777830735843,208,16.0,15.0,0.08,301.67,
2025-02-07 07:31:19,297.0,15.0,302.17,48.0,296.0,90.0,303.81,42.0,299.58,5.170000000000016,105.0,90.0,0.5700877125469307,195,15.0,-13.0,0.08,301.67,
2025-02-07 07:31:26,300.0,24.0,304.12,25.0,291.0,60.0,305.15,13.0,302.06,4.1200000000000045,84.0,38.0,1.9456310030417443,122,46.0,-35.0,0.38,301.67,
2025-02-07 07:31:27,300.82,34.0,305.0,10.0,295.34,29.0,306.0,20.0,302.91,4.180000000000007,63.0,30.0,2.565127677133513,93,33.0,-29.0,0.35,304.0,2.0
2025-02-07 07:31:28,301.0,44.0,304.16,25.0,300.0,27.0,309.45,22.0,302.58,3.160000000000025,71.0,47.0,2.238727317025305,118,24.0,25.0,0.2,304.0,
2025-02-07 07:31:29,301.0,28.0,304.0,29.0,300.0,21.0,306.4,20.0,302.5,3.0,49.0,49.0,1.6437457224262348,98,0.0,-20.0,0.0,304.0,3.0
2025-02-07 07:31:30,302.14,14.0,304.0,10.0,300.94,17.0,306.0,15.0,303.07,1.8600000000000136,31.0,25.0,0.3924665590770239,56,6.0,-42.0,0.11,304.0,
2025-02-07 07:31:31,300.0,15.0,304.0,10.0,287.67,12.0,306.0,15.0,302.0,4.0,27.0,25.0,0.4143307857180908,52,2.0,-4.0,0.04,302.2,5.0
2025-02-07 07:31:32,300.67,9.0,304.0,14.0,297.64,22.0,306.0,21.0,302.33,3.329999999999984,31.0,35.0,0.3905508929625904,66,-4.0,14.0,-0.06,302.2,
2025-02-07 07:31:33,301.08,13.0,304.0,10.0,300.14,14.0,306.0,15.0,302.54,2.920000000000016,27.0,25.0,0.3888058641454439,52,2.0,-14.0,0.04,302.2,
2025-02-07 07:31:34,301.2,5.0,304.0,10.0,292.43,14.0,306.0,15.0,302.6,2.800000000000012,19.0,25.0,0.3921351807653425,44,-6.0,-8.0,-0.14,300.8,5.0
2025-02-07 07:31:35,300.0,4.0,304.0,8.0,286.0,16.0,306.0,12.0,302.0,4.0,20.0,20.0,0.2864960732611711,40,0.0,-4.0,0.0,300.8,
2025-02-07 07:32:20,298.0,44.0,304.86,35.0,281.0,110.0,409.52,46.0,301.43,6.860000000000014,154.0,81.0,1.137484065821099,235,73.0,81.0,0.31,300.8,
2025-02-07 07:32:21,298.0,41.0,304.0,36.0,281.0,120.0,395.19,48.0,301.0,6.0,161.0,84.0,1.273526599642309,245,77.0,10.0,0.31,298.75,4.0
2025-02-07 07:32:22,298.0,50.0,309.0,30.0,281.0,100.0,457.33,43.0,303.5,11.0,150.0,73.0,1.941756936384064,223,77.0,-22.0,0.35,298.75,
2025-02-07 07:32:23,298.0,27.0,309.0,12.0,281.0,40.0,432.0,16.0,303.5,11.0,67.0,28.0,1.767885742912903,95,39.0,-128.0,0.41,298.0,1.0
2025-02-07 07:32:24,302.67,72.0,309.0,36.0,289.77,96.0,541.63,54.0,305.83,6.329999999999984,168.0,90.0,1.933926058564156,258,78.0,163.0,0.3,298.0,
2025-02-07 07:32:25,306.0,34.0,309.0,21.0,304.0,70.0,538.76,29.0,307.5,3.0,104.0,50.0,2.487223351448844,154,54.0,-104.0,0.35,306.0,4.0
2025-02-07 07:32:26,304.08,52.0,309.0,18.0,300.0,30.0,536.0,18.0,306.54,4.920000000000016,82.0,36.0,1.8104640289139824,118,46.0,-36.0,0.39,306.0,
2025-02-07 07:32:27,304.0,130.0,308.23,39.0,300.61,92.0,368.93,41.0,306.12,4.230000000000018,222.0,80.0,1.481796207307532,302,142.0,180.0,0.47,308.0,3.0
2025-02-07 07:32:28,304.0,110.0,309.0,33.0,301.0,88.0,592.14,49.0,306.5,5.0,198.0,82.0,0.6314427923339045,280,116.0,-22.0,0.41,308.0,
2025-02-07 07:32:29,304.0,100.0,309.0,30.0,301.0,80.0,369.68,44.0,306.5,5.0,180.0,74.0,0.5145094751219887,254,106.0,-26.0,0.42,308.0,
2025-02-07 07:32:30,304.0,70.0,309.27,33.0,301.0,88.0,357.0,55.0,306.64,5.269999999999982,158.0,88.0,0.1984943323888099,246,70.0,-8.0,0.28,304.0,4.0
2025-02-07 07:32:31,304.0,42.0,310.0,21.0,301.0,56.0,416.86,35.0,307.0,6.0,98.0,56.0,0.3164174457743817,154,42.0,-92.0,0.27,304.0,
2025-02-07 07:32:32,304.0,72.0,330.6,50.0,301.0,96.0,411.84,56.0,317.3,26.600000000000023,168.0,106.0,4.762742907189941,274,62.0,120.0,0.23,304.0,
2025-02-07 07:32:33,304.0,14.0,310.0,36.0,301.0,72.0,376.34,35.0,307.0,6.0,86.0,71.0,4.707623604323949,157,15.0,-117.0,0.1,304.0,5.0
2025-02-07 07:32:34,304.0,3.0,310.0,12.0,301.0,24.0,421.0,12.0,307.0,6.0,27.0,24.0,4.649163365594704,51,3.0,-106.0,0.06,304.0,
2025-02-07 07:32:35,302.82,17.0,309.33,48.0,301.33,72.0,356.25,48.0,306.08,6.509999999999991,89.0,96.0,4.725979263601141,185,-7.0,134.0,-0.04,302.67,3.0
2025-02-07 07:32:36,302.0,18.0,307.22,36.0,301.0,72.0,310.0,36.0,304.61,5.220000000000027,90.0,72.0,5.071402172968379,162,18.0,-23.0,0.11,302.67,
2025-02-07 07:32:37,302.0,36.0,306.11,72.0,301.0,214.0,308.67,72.0,304.06,4.110000000000014,250.0,144.0,1.3591909358110077,394,106.0,180.0,0.27,302.67,
2025-02-07 07:32:38,302.0,26.0,304.69,52.0,301.0,169.0,305.69,52.0,303.35,2.6899999999999977,195.0,104.0,1.4935360725444624,299,91.0,-95.0,0.3,302.67,
2025-02-07 07:32:39,301.11,88.0,302.91,44.0,300.93,84.0,305.83,48.0,302.01,1.8000000000000114,172.0,92.0,1.5068410666001386,264,80.0,-35.0,0.3,302.0,2.0
2025-02-07 07:32:40,301.0,88.0,302.08,50.0,300.0,14.0,308.57,56.0,301.54,1.079999999999984,102.0,106.0,1.3119565541562923,208,-4.0,-56.0,-0.02,301.0,3.0
2025-02-07 07:32:41,298.23,104.0,311.0,42.0,286.67,36.0,323.77,39.0,304.62,12.769999999999982,140.0,81.0,1.314811773598654,221,59.0,13.0,0.27,300.12,8.0
2025-02-07 07:32:42,298.8,163.0,309.18,17.0,296.06,107.0,312.59,68.0,303.99,10.379999999999995,270.0,85.0,1.3025628583656377,355,185.0,134.0,0.52,298.0,5.0
2025-02-07 07:32:43,299.78,136.0,307.27,15.0,298.0,105.0,313.0,60.0,303.52,7.490000000000009,241.0,75.0,1.3128328149439354,316,166.0,-39.0,0.53,300.0,2.0
2025-02-07 07:32:44,300.45,88.0,303.64,11.0,298.0,136.0,312.27,44.0,302.05,3.1899999999999977,224.0,55.0,1.3043504130384558,279,169.0,-37.0,0.61,300.0,
2025-02-07 07:32:45,301.0,80.0,302.4,10.0,298.0,140.0,310.7,40.0,301.7,1.3999999999999773,220.0,50.0,1.2562364427103694,270,170.0,-9.0,0.63,300.0,
2025-02-07 07:32:46,299.02,106.0,308.4,25.0,296.22,90.0,400.5,40.0,303.71,9.379999999999995,196.0,65.0,1.0424634286121497,261,131.0,-9.0,0.5,301.2,5.0
2025-02-07 07:32:47,299.03,78.0,310.0,52.0,297.21,66.0,481.0,52.0,304.51,10.970000000000027,144.0,104.0,1.1831187598857875,248,40.0,-13.0,0.16,301.2,
2025-02-07 07:32:48,308.0,6.0,310.0,24.0,304.0,18.0,373.0,24.0,309.0,2.0,24.0,48.0,2.9261117545289603,72,-24.0,-176.0,-0.33,301.2,
2025-02-07 07:32:49,304.5,24.0,331.0,36.0,298.5,107.0,512.5,40.0,317.75,26.5,131.0,76.0,6.405445339708185,207,55.0,135.0,0.27,308.0,1.0
2025-02-07 07:32:50,304.0,36.0,310.0,36.0,298.0,168.0,540.28,50.0,307.0,6.0,204.0,86.0,5.631840729280987,290,118.0,83.0,0.41,308.0,
2025-02-07 07:32:51,304.0,42.0,308.57,70.0,298.0,193.0,311.71,42.0,306.29,4.569999999999993,235.0,112.0,5.196782658528988,347,123.0,57.0,0.35,308.0,
2025-02-07 07:32:52,304.0,18.0,308.0,30.0,298.0,84.0,314.0,18.0,306.0,4.0,102.0,48.0,4.916560789819166,150,54.0,-180.0,0.36,308.0,
2025-02-07 07:32:53,304.0,18.0,308.0,30.0,298.0,84.0,314.0,18.0,306.0,4.0,102.0,48.0,5.12684795951547,150,54.0,0.0,0.36,308.0,
2025-02-07 07:32:54,304.0,39.0,307.31,65.0,298.17,104.0,314.46,39.0,305.65,3.3100000000000023,143.0,104.0,0.5074150175060737,247,39.0,97.0,0.16,308.0,
2025-02-07 07:32:55,303.62,16.0,305.95,42.0,298.67,36.0,313.06,34.0,304.79,2.329999999999984,52.0,76.0,0.5805428494014846,128,-24.0,-119.0,-0.19,304.0,3.0
2025-02-07 07:32:56,298.04,142.0,305.57,70.0,292.54,50.0,316.0,42.0,301.8,7.529999999999973,192.0,112.0,1.774195592371997,304,80.0,176.0,0.26,299.33,6.0
2025-02-07 07:32:57,298.0,112.0,304.15,48.0,291.7,30.0,316.0,30.0,301.07,6.149999999999977,142.0,78.0,2.273558884215093,220,64.0,-84.0,0.29,303.0,1.0
2025-02-07 07:32:58,298.0,80.0,302.62,32.0,292.0,24.0,315.12,24.0,300.31,4.6200000000000045,104.0,56.0,2.358321436953574,160,48.0,-60.0,0.3,303.0,
2025-02-07 07:33:16,298.9,31.0,303.0,13.0,293.68,25.0,305.0,65.0,300.95,4.100000000000023,56.0,78.0,2.9953079975192507,134,-22.0,-13.0,-0.16,303.0,
2025-02-07 07:33:17,300.23,69.0,302.1,31.0,299.27,22.0,304.36,22.0,301.16,1.8700000000000043,91.0,53.0,2.9515131712397182,144,38.0,10.0,0.26,302.0,4.0
2025-02-07 07:33:18,301.24,63.0,303.0,13.0,299.89,35.0,305.0,65.0,302.12,1.759999999999991,98.0,78.0,2.303731755218104,176,20.0,32.0,0.11,302.0,
2025-02-07 07:33:19,302.06,104.0,304.43,28.0,300.75,48.0,305.67,60.0,303.24,2.3700000000000045,152.0,88.0,2.1130026029324607,240,64.0,64.0,0.27,303.0,1.0
2025-02-07 07:33:20,304.0,39.0,305.0,65.0,302.0,117.0,307.0,65.0,304.5,1.0,156.0,130.0,1.4860955554736086,286,26.0,46.0,0.09,303.0,
2025-02-07 07:33:21,302.91,34.0,305.0,40.0,301.8,60.0,307.0,40.0,303.96,2.089999999999975,94.0,80.0,1.359146791188494,174,14.0,-112.0,0.08,304.0,3.0
2025-02-07 07:33:22,302.1,80.0,306.68,79.0,301.32,71.0,306.9,79.0,304.39,4.579999999999984,151.0,158.0,0.984235744117014,309,-7.0,135.0,-0.02,303.0,1.0
2025-02-07 07:33:23,302.0,99.0,306.0,11.0,300.0,33.0,307.41,58.0,304.0,4.0,132.0,69.0,0.4948939280263023,201,63.0,-108.0,0.31,306.6,5.0
2025-02-07 07:33:24,302.0,63.0,306.0,7.0,300.0,21.0,311.72,29.0,304.0,4.0,84.0,36.0,0.254558441221637,120,48.0,-81.0,0.4,306.6,
2025-02-07 07:33:25,302.0,81.0,306.0,9.0,300.0,27.0,312.0,45.0,304.0,4.0,108.0,54.0,0.179722007548503,162,54.0,42.0,0.33,306.6,
2025-02-07 07:33:26,302.0,45.0,306.0,5.0,300.0,15.0,312.0,25.0,304.0,4.0,60.0,30.0,0.1744133022371234,90,30.0,-72.0,0.33,306.6,
2025-02-07 07:33:27,302.0,63.0,306.0,7.0,300.0,21.0,312.0,35.0,304.0,4.0,84.0,42.0,0.0,126,42.0,36.0,0.33,306.6,
2025-02-07 07:33:28,302.0,63.0,306.0,7.0,300.0,21.0,312.0,35.0,304.0,4.0,84.0,42.0,0.0,126,42.0,0.0,0.33,306.6,
2025-02-07 07:33:29,302.0,108.0,306.0,12.0,300.0,36.0,312.0,60.0,304.0,4.0,144.0,72.0,0.0,216,72.0,90.0,0.33,306.6,
2025-02-07 07:33:30,302.0,81.0,306.0,9.0,300.0,27.0,312.0,45.0,304.0,4.0,108.0,54.0,0.0,162,54.0,-54.0,0.33,306.6,
2025-02-07 07:33:31,302.0,59.0,306.0,7.0,300.0,21.0,312.0,35.0,304.0,4.0,80.0,42.0,0.0,122,38.0,-40.0,0.31,302.0,2.0
2025-02-07 07:33:32,302.0,70.0,306.0,10.0,300.0,30.0,312.0,50.0,304.0,4.0,100.0,60.0,0.0,160,40.0,38.0,0.25,302.0,
2025-02-07 07:33:33,302.0,67.0,306.0,13.0,300.0,39.0,311.24,42.0,304.0,4.0,106.0,55.0,0.0,161,51.0,1.0,0.32,302.0,2.0
2025-02-07 07:33:34,302.0,65.0,304.33,27.0,300.53,45.0,306.92,13.0,303.17,2.329999999999984,110.0,40.0,0.3711872842615481,150,70.0,-11.0,0.47,302.0,
2025-02-07 07:33:35,302.0,52.0,303.65,23.0,301.0,52.0,304.17,29.0,302.83,1.6499999999999773,104.0,52.0,0.5607584150038761,156,52.0,6.0,0.33,302.0,1.0
2025-02-07 07:33:36,302.0,35.0,303.75,20.0,301.0,40.0,305.5,20.0,302.88,1.75,75.0,40.0,0.584234541941708,115,35.0,-41.0,0.3,302.0,1.0
2025-02-07 07:33:37,301.88,34.0,303.0,36.0,300.69,58.0,310.17,12.0,302.44,1.1200000000000043,92.0,48.0,0.5842345419419109,140,44.0,25.0,0.31,301.6,5.0
2025-02-07 07:33:38,300.21,68.0,302.0,39.0,299.45,87.0,311.23,13.0,301.1,1.7900000000000205,155.0,52.0,0.8161678748875789,207,103.0,67.0,0.5,301.0,2.0
2025-02-07 07:33:39,300.06,96.0,302.64,42.0,299.15,94.0,313.14,28.0,301.35,2.579999999999984,190.0,70.0,0.8392556225601278,260,120.0,53.0,0.46,301.0,1.0
2025-02-07 07:33:40,300.0,117.0,310.13,23.0,298.0,48.0,312.74,43.0,305.07,10.129999999999995,165.0,66.0,1.5821093514666933,231,99.0,-29.0,0.43,301.0,
2025-02-07 07:33:41,300.22,65.0,310.0,28.0,298.78,46.0,311.77,39.0,305.11,9.779999999999973,111.0,67.0,1.96100229474572,178,44.0,-53.0,0.25,301.0,
2025-02-07 07:33:42,300.85,82.0,309.11,38.0,299.48,122.0,312.0,88.0,304.98,8.259999999999991,204.0,126.0,2.099254629623944,330,78.0,152.0,0.24,301.0,
2025-02-07 07:33:43,300.0,92.0,309.84,31.0,298.0,48.0,314.48,29.0,304.92,9.839999999999977,140.0,60.0,1.6429637853577228,200,80.0,-130.0,0.4,300.0,2.0
2025-02-07 07:33:44,298.88,64.0,308.69,39.0,296.2,25.0,310.87,38.0,303.78,9.810000000000002,89.0,77.0,0.5595265856030496,166,12.0,-34.0,0.07,300.0,
2025-02-07 07:33:45,298.0,64.0,307.12,48.0,293.0,16.0,309.62,48.0,302.56,9.120000000000005,80.0,96.0,1.0950342460384803,176,-16.0,10.0,-0.09,300.0,
2025-02-07 07:33:46,294.92,39.0,305.92,36.0,290.27,11.0,306.91,33.0,300.42,11.0,50.0,69.0,1.9048674494562383,119,-19.0,-57.0,-0.16,297.0,5.0
2025-02-07 07:34:01,295.5,20.0,302.4,40.0,285.0,10.0,306.9,30.0,298.95,6.899999999999977,30.0,70.0,2.2634442780870896,100,-40.0,-21.0,-0.4,301.62,8.0
2025-02-07 07:34:02,296.0,20.0,302.52,31.0,285.4,10.0,306.82,33.0,299.26,6.519999999999982,30.0,64.0,2.039700958475064,94,-34.0,-6.0,-0.36,301.62,
2025-02-07 07:34:06,296.55,11.0,303.0,77.0,293.0,66.0,312.0,33.0,299.77,6.449999999999989,77.0,110.0,2.1656800317690887,187,-33.0,14.0,-0.18,301.62,
2025-02-07 07:34:07,299.43,79.0,303.0,92.0,295.74,19.0,312.0,42.0,301.22,3.569999999999993,98.0,134.0,2.622504528118707,232,-36.0,45.0,-0.16,303.0,2.0
2025-02-07 07:34:08,301.09,56.0,303.0,64.0,299.71,24.0,312.0,42.0,302.04,1.910000000000025,80.0,106.0,1.9916651324964325,186,-26.0,-46.0,-0.14,301.8,5.0
2025-02-07 07:34:09,301.16,25.0,302.92,26.0,299.89,19.0,304.36,47.0,302.04,1.759999999999991,44.0,73.0,1.5285712283048585,117,-29.0,-69.0,-0.25,302.5,2.0
2025-02-07 07:35:00,297.4,15.0,319.2,40.0,287.75,16.0,400.88,50.0,308.3,21.80000000000001,31.0,90.0,16.77046212839698,121,-59.0,32.0,-0.49,297.0,1.0
2025-02-07 07:35:01,302.0,15.0,314.0,22.0,292.55,11.0,356.18,44.0,308.0,12.0,26.0,66.0,15.221232538792483,92,-40.0,-29.0,-0.43,302.0,2.0
2025-02-07 07:35:02,302.0,10.0,313.3,20.0,293.0,10.0,324.95,38.0,307.65,11.300000000000011,20.0,58.0,13.496235401029178,78,-38.0,-14.0,-0.49,302.0,
2025-02-07 07:35:03,302.0,7.0,312.0,14.0,293.0,7.0,466.33,15.0,307.0,10.0,14.0,29.0,11.661079281095356,43,-15.0,-35.0,-0.35,302.0,
2025-02-07 07:35:07,300.06,32.0,303.62,48.0,299.0,80.0,340.16,50.0,301.84,3.5600000000000023,112.0,98.0,18.187631236639383,210,14.0,88.0,0.07,302.0,
2025-02-07 07:35:09,298.21,28.0,302.83,36.0,292.52,42.0,416.28,43.0,300.52,4.6200000000000045,70.0,79.0,18.14936830856623,149,-9.0,-112.0,-0.06,298.12,8.0
2025-02-07 07:35:10,300.0,39.0,302.0,39.0,297.0,97.0,313.23,39.0,301.0,2.0,136.0,78.0,14.00326997525912,214,58.0,65.0,0.27,298.12,
2025-02-07 07:35:27,296.71,42.0,320.48,23.0,282.1,20.0,428.2,15.0,308.6,23.77000000000004,62.0,38.0,6.77520700790773,100,24.0,28.0,0.24,302.0,3.0
2025-02-07 07:36:33,294.47,32.0,351.71,34.0,276.46,41.0,406.75,32.0,323.09,57.23999999999995,73.0,66.0,16.765102743496605,139,7.0,-9.0,0.05,297.67,3.0
2025-02-07 07:36:46,300.67,15.0,326.48,40.0,298.09,55.0,330.36,42.0,313.57,25.81,70.0,82.0,10.426052944426916,152,-12.0,42.0,-0.08,300.8,5.0
2025-02-07 07:36:47,300.08,13.0,312.65,31.0,297.02,149.0,314.41,34.0,306.36,12.569999999999991,162.0,65.0,13.958656812171975,227,97.0,75.0,0.43,300.8,
2025-02-07 07:36:48,297.57,72.0,310.79,28.0,276.1,58.0,311.82,22.0,304.18,13.220000000000027,130.0,50.0,14.309504883118665,180,80.0,-47.0,0.44,300.0,1.0
2025-02-07 07:36:49,303.58,36.0,309.54,35.0,300.96,23.0,310.4,35.0,306.56,5.960000000000036,59.0,70.0,10.572914924466104,129,-11.0,-51.0,-0.09,300.0,
2025-02-07 07:36:50,304.0,9.0,308.0,14.0,302.0,7.0,310.0,21.0,306.0,4.0,16.0,35.0,3.611188170117876,51,-19.0,-78.0,-0.37,304.0,2.0
2025-02-07 07:36:53,298.53,57.0,353.41,27.0,297.51,49.0,369.94,16.0,325.97,54.88000000000005,106.0,43.0,17.158865638497026,149,63.0,98.0,0.42,303.0,2.0
2025-02-07 07:36:54,298.0,104.0,324.62,26.0,297.0,88.0,333.75,24.0,311.31,26.620000000000005,192.0,50.0,16.054210351181823,242,142.0,93.0,0.59,303.0,
2025-02-07 07:36:55,300.29,63.0,321.12,33.0,297.83,189.0,320.17,30.0,310.7,20.829999999999984,252.0,63.0,14.7593824396549,315,189.0,73.0,0.6,303.0,
2025-02-07 07:36:56,304.0,20.0,312.88,16.0,298.0,130.0,317.71,34.0,308.44,8.879999999999995,150.0,50.0,13.948905691845338,200,100.0,-115.0,0.5,303.0,
2025-02-07 07:36:57,304.0,20.0,309.38,13.0,298.21,70.0,311.04,25.0,306.69,5.379999999999996,90.0,38.0,7.685412806089001,128,52.0,-72.0,0.41,303.0,
2025-02-07 07:36:58,302.62,13.0,305.33,18.0,298.15,82.0,307.47,15.0,303.97,2.7099999999999795,95.0,33.0,3.0062551455253788,128,62.0,0.0,0.48,304.0,2.0
2025-02-07 07:36:59,300.58,52.0,306.14,14.0,297.79,104.0,335.85,39.0,303.36,5.560000000000002,156.0,53.0,3.066475175180471,209,103.0,81.0,0.49,302.6,5.0
2025-02-07 07:37:00,299.9,42.0,309.0,15.0,297.41,78.0,385.96,48.0,304.45,9.100000000000025,120.0,63.0,2.122090949982661,183,57.0,-26.0,0.31,299.33,9.0
2025-02-07 07:37:05,305.0,14.0,347.75,32.0,300.88,34.0,432.36,22.0,326.38,42.75,48.0,54.0,15.789327724763757,102,-6.0,38.0,-0.06,299.33,
2025-02-07 07:37:08,301.0,46.0,350.08,26.0,300.0,13.0,379.84,38.0,325.54,49.079999999999984,59.0,64.0,18.74159064754101,123,-5.0,45.0,-0.04,301.0,4.0
2025-02-07 07:37:09,306.87,92.0,348.18,22.0,300.95,21.0,434.34,41.0,327.53,41.31,113.0,63.0,1.503652220428221,176,50.0,53.0,0.28,301.0,
2025-02-07 07:37:10,307.0,81.0,346.78,18.0,301.0,18.0,380.89,9.0,326.89,39.77999999999997,99.0,27.0,1.4285132130990954,126,72.0,-50.0,0.57,301.0,
2025-02-07 07:37:11,305.55,33.0,345.73,15.0,300.71,14.0,440.17,12.0,325.64,40.18000000000001,47.0,27.0,1.4645920933826353,74,20.0,-52.0,0.27,307.0,9.0
2025-02-07 07:37:12,301.0,18.0,342.5,12.0,300.0,9.0,344.0,15.0,321.75,41.5,27.0,27.0,2.2434460100478266,54,0.0,-20.0,0.0,307.0,
2025-02-07 07:37:13,301.0,14.0,331.5,8.0,300.0,7.0,341.77,13.0,316.25,30.5,21.0,21.0,4.687080114527607,42,0.0,-12.0,0.0,307.0,
2025-02-07 07:37:14,299.08,83.0,308.0,26.0,294.41,49.0,309.0,26.0,303.54,8.920000000000016,132.0,52.0,9.490855072120826,184,80.0,142.0,0.43,302.0,9.0
2025-02-07 07:37:15,300.9,31.0,307.17,24.0,297.85,130.0,327.0,15.0,304.03,6.270000000000039,161.0,39.0,10.113534001525055,200,122.0,16.0,0.61,300.4,5.0
2025-02-07 07:37:16,299.62,29.0,305.29,17.0,296.95,114.0,321.19,21.0,302.46,5.670000000000016,143.0,38.0,8.811539593056654,181,105.0,-19.0,0.58,303.0,1.0
2025-02-07 07:37:17,299.0,26.0,302.17,29.0,298.0,237.0,311.39,18.0,300.59,3.170000000000016,263.0,47.0,6.221642066207796,310,216.0,129.0,0.7,300.33,3.0
2025-02-07 07:37:20,298.0,37.0,318.0,7.0,293.07,61.0,574.71,28.0,308.0,20.0,98.0,35.0,56.02428116450936,133,63.0,41.0,0.47,298.0,4.0
2025-02-07 07:37:21,298.0,15.0,318.0,5.0,293.0,58.0,555.0,20.0,308.0,20.0,73.0,25.0,55.28873682767584,98,48.0,-35.0,0.49,298.0,
2025-02-07 07:37:22,298.0,24.0,347.71,21.0,293.0,96.0,417.54,26.0,322.86,49.70999999999998,120.0,47.0,52.62196765610344,167,73.0,69.0,0.44,298.0,
2025-02-07 07:37:23,298.0,15.0,320.33,12.0,293.0,60.0,356.22,18.0,309.17,22.329999999999984,75.0,30.0,54.3043469714902,105,45.0,-62.0,0.43,298.0,
2025-02-07 07:37:26,295.33,90.0,306.0,20.0,291.59,68.0,527.64,28.0,300.67,10.670000000000016,158.0,48.0,61.44256448098492,206,110.0,24.0,0.53,298.0,
2025-02-07 07:37:27,298.0,42.0,305.17,24.0,295.0,60.0,321.33,12.0,301.58,7.170000000000016,102.0,36.0,63.92319336516278,138,66.0,-68.0,0.48,298.0,
2025-02-07 07:37:28,299.6,25.0,304.18,55.0,296.49,86.0,307.45,22.0,301.89,4.579999999999984,111.0,77.0,64.85769291302299,188,34.0,50.0,0.18,299.67,3.0
2025-02-07 07:37:29,298.0,35.0,302.14,35.0,291.0,70.0,310.0,14.0,300.07,4.139999999999986,105.0,49.0,67.09823373234197,154,56.0,-34.0,0.36,299.67,
2025-02-07 07:37:42,298.6,20.0,303.0,40.0,286.0,25.0,308.0,60.0,300.8,4.399999999999977,45.0,100.0,3.303177258338424,145,-55.0,-30.0,-0.38,299.67,
2025-02-07 07:37:43,302.0,10.0,303.0,37.0,300.5,12.0,308.0,60.0,302.5,1.0,22.0,97.0,4.295555842961843,119,-75.0,-26.0,-0.63,303.0,1.0
2025-02-07 07:37:44,302.0,5.0,303.0,15.0,301.0,5.0,308.0,30.0,302.5,1.0,10.0,45.0,4.085599099275783,55,-35.0,-64.0,-0.64,303.0,
2025-02-07 07:37:45,301.85,13.0,303.0,36.0,298.1,60.0,308.0,72.0,302.42,1.1499999999999773,73.0,108.0,2.519380876327072,181,-35.0,126.0,-0.19,301.5,2.0
2025-02-07 07:37:46,298.2,20.0,303.0,18.0,296.41,74.0,308.0,36.0,300.6,4.800000000000011,94.0,54.0,0.974412643597366,148,40.0,-33.0,0.27,301.0,1.0
2025-02-07 07:37:47,297.0,89.0,302.38,24.0,286.0,32.0,305.73,33.0,299.69,5.379999999999996,121.0,57.0,1.3156443288375848,178,64.0,30.0,0.36,301.0,
2025-02-07 07:37:48,297.0,120.0,302.0,30.0,286.0,40.0,303.0,30.0,299.5,5.0,160.0,60.0,1.4470383547103045,220,100.0,42.0,0.45,301.0,
2025-02-07 07:37:49,297.0,156.0,302.0,39.0,286.0,52.0,303.0,39.0,299.5,5.0,208.0,78.0,1.2477660037053673,286,130.0,66.0,0.45,301.0,
2025-02-07 07:37:50,297.43,105.0,303.12,26.0,291.82,68.0,306.77,44.0,300.27,5.689999999999998,173.0,70.0,0.497564066229605,243,103.0,-43.0,0.42,301.0,3.0
2025-02-07 07:37:51,302.0,45.0,304.0,15.0,297.0,180.0,305.07,30.0,303.0,2.0,225.0,45.0,1.4917003720596176,270,180.0,27.0,0.67,301.0,
2025-02-07 07:37:52,297.13,113.0,302.5,30.0,286.0,56.0,304.52,23.0,299.82,5.3700000000000045,169.0,53.0,1.477470811895378,222,116.0,-48.0,0.52,300.0,5.0
2025-02-07 07:37:53,297.0,90.0,301.89,27.0,282.14,28.0,304.0,9.0,299.44,4.889999999999986,118.0,36.0,1.487003698718598,154,82.0,-68.0,0.53,300.0,
2025-02-07 07:37:57,297.83,72.0,306.63,65.0,290.54,39.0,308.38,16.0,302.23,8.800000000000011,111.0,81.0,1.657277888588077,192,30.0,-46.0,0.16,299.0,3.0
2025-02-07 07:37:58,299.05,63.0,307.0,42.0,297.38,52.0,310.0,7.0,303.02,7.949999999999989,115.0,49.0,2.3190235013908005,164,66.0,-28.0,0.4,299.0,
2025-02-07 07:37:59,300.0,46.0,306.9,40.0,299.0,100.0,307.6,30.0,303.45,6.899999999999977,146.0,70.0,2.569830733726005,216,76.0,52.0,0.35,299.0,
2025-02-07 07:38:00,300.0,29.0,305.6,10.0,299.0,90.0,307.47,30.0,302.8,5.600000000000023,119.0,40.0,2.1933832314492285,159,79.0,-57.0,0.5,299.0,
2025-02-07 07:38:01,301.5,18.0,308.0,32.0,299.28,71.0,309.27,22.0,304.75,6.5,89.0,54.0,0.946810435093789,143,35.0,-16.0,0.24,303.33,3.0
2025-02-07 07:38:02,302.47,19.0,309.0,36.0,300.55,22.0,310.0,9.0,305.74,6.529999999999973,41.0,45.0,1.253144045990893,86,-4.0,-57.0,-0.05,308.0,1.0
2025-02-07 07:38:03,301.55,29.0,309.11,45.0,300.97,31.0,310.38,16.0,305.33,7.560000000000002,60.0,61.0,1.2494518798266503,121,-1.0,35.0,-0.01,308.0,
2025-02-07 07:38:04,303.0,13.0,310.0,26.0,302.0,39.0,311.0,26.0,306.5,7.0,52.0,52.0,1.396971724839931,104,0.0,-17.0,0.0,308.0,
2025-02-07 07:38:05,303.0,12.0,310.0,24.0,302.0,36.0,384.04,48.0,306.5,7.0,48.0,72.0,0.7583732590236771,120,-24.0,16.0,-0.2,308.0,
2025-02-07 07:38:06,303.0,12.0,310.0,20.0,302.0,36.0,312.0,60.0,306.5,7.0,48.0,80.0,0.5480693386809482,128,-32.0,8.0,-0.25,308.0,
2025-02-07 07:38:07,305.67,24.0,310.0,40.0,302.08,26.0,312.0,50.0,307.83,4.329999999999984,50.0,90.0,0.8849689260093409,140,-40.0,12.0,-0.29,308.0,
2025-02-07 07:38:08,307.0,72.0,310.0,54.0,304.0,27.0,312.0,45.0,308.5,3.0,99.0,99.0,0.9422207809224196,198,0.0,58.0,0.0,308.0,
2025-02-07 07:38:09,307.0,58.0,310.0,48.0,304.0,24.0,312.0,40.0,308.5,3.0,82.0,88.0,1.0108313410267704,170,-6.0,-28.0,-0.04,307.0,1.0
2025-02-07 07:38:10,307.0,46.0,310.0,60.0,304.0,30.0,312.0,50.0,308.5,3.0,76.0,110.0,0.8693560835479907,186,-34.0,16.0,-0.18,307.0,4.0
2025-02-07 07:38:11,302.77,44.0,309.68,44.0,301.23,44.0,310.75,67.0,306.23,6.910000000000025,88.0,111.0,0.9840071137963928,199,-23.0,13.0,-0.12,304.62,8.0
2025-02-07 07:38:12,301.0,50.0,308.4,20.0,300.0,50.0,310.0,60.0,304.7,7.399999999999977,100.0,80.0,1.748136150304686,180,20.0,-19.0,0.11,304.62,
2025-02-07 07:38:13,301.0,55.0,306.27,22.0,300.0,55.0,309.44,16.0,303.64,5.269999999999982,110.0,38.0,2.1976987964692394,148,72.0,-32.0,0.49,304.62,
2025-02-07 07:38:14,301.0,40.0,305.0,17.0,300.0,40.0,309.0,8.0,303.0,4.0,80.0,25.0,2.206440572506439,105,55.0,-43.0,0.52,304.62,
2025-02-07 07:38:15,301.0,45.0,304.14,21.0,300.0,45.0,307.0,9.0,302.57,3.1399999999999864,90.0,30.0,1.4691392037525453,120,60.0,15.0,0.5,301.0,1.0
2025-02-07 07:38:16,301.0,44.0,302.38,26.0,300.0,65.0,307.69,13.0,301.69,1.3799999999999957,109.0,39.0,1.1323206259724656,148,70.0,28.0,0.47,301.0,4.0
2025-02-07 07:38:17,300.05,58.0,312.0,12.0,298.08,126.0,314.0,60.0,306.03,11.949999999999989,184.0,72.0,1.6390942620858089,256,112.0,108.0,0.44,301.0,
2025-02-07 07:38:18,301.6,30.0,312.0,10.0,300.0,176.0,314.0,50.0,306.8,10.399999999999975,206.0,60.0,2.25500997780555,266,146.0,10.0,0.55,301.0,
2025-02-07 07:38:19,302.45,33.0,311.05,37.0,300.0,55.0,313.96,51.0,306.75,8.600000000000023,88.0,88.0,2.4472065707664594,176,0.0,-90.0,0.0,301.0,
2025-02-07 07:38:20,303.64,42.0,310.0,48.0,300.0,70.0,313.37,38.0,306.82,6.360000000000014,112.0,86.0,2.22048868495258,198,26.0,22.0,0.13,301.0,
2025-02-07 07:38:21,304.0,36.0,307.82,33.0,300.47,30.0,311.18,28.0,305.91,3.819999999999993,66.0,61.0,0.4518517456005907,127,5.0,-71.0,0.04,301.0,
2025-02-07 07:38:22,303.82,33.0,305.23,40.0,301.53,19.0,306.39,41.0,304.52,1.410000000000025,52.0,81.0,0.9931515493631036,133,-29.0,6.0,-0.22,303.0,5.0
2025-02-07 07:38:23,300.01,169.0,303.37,35.0,298.13,205.0,305.06,36.0,301.69,3.3600000000000136,374.0,71.0,2.1385906574195803,445,303.0,180.0,0.68,300.29,7.0
2025-02-07 07:38:24,300.0,45.0,301.78,18.0,298.0,108.0,303.0,9.0,300.89,1.7799999999999727,153.0,27.0,2.591974151106108,180,126.0,-180.0,0.7,300.29,
2025-02-07 07:38:28,300.0,33.0,303.74,19.0,298.0,102.0,315.6,25.0,301.87,3.740000000000009,135.0,44.0,0.5355651220925901,179,91.0,-155.0,0.51,300.0,3.0
2025-02-07 07:38:29,298.0,90.0,311.07,46.0,297.0,20.0,314.71,14.0,304.53,13.069999999999991,110.0,60.0,1.6836953406130344,170,50.0,-9.0,0.29,298.8,5.0
2025-02-07 07:38:30,298.19,78.0,311.0,60.0,297.76,59.0,314.83,12.0,304.6,12.810000000000002,137.0,72.0,2.009340687887966,209,65.0,39.0,0.31,298.8,
2025-02-07 07:38:31,297.29,28.0,311.0,60.0,296.52,42.0,315.0,12.0,304.14,13.70999999999998,70.0,72.0,1.8469894423093145,142,-2.0,-67.0,-0.01,299.0,3.0
2025-02-07 07:38:32,296.0,32.0,307.05,41.0,294.0,16.0,310.86,58.0,301.52,11.050000000000011,48.0,99.0,1.5096920215733092,147,-51.0,5.0,-0.35,299.0,
2025-02-07 07:38:33,296.73,22.0,309.91,22.0,295.07,15.0,311.0,55.0,303.32,13.180000000000009,37.0,77.0,1.2805155211875083,114,-40.0,-33.0,-0.35,299.0,
2025-02-07 07:38:34,298.0,30.0,307.55,33.0,296.0,30.0,310.07,75.0,302.77,9.550000000000011,60.0,108.0,1.2083873551151385,168,-48.0,54.0,-0.29,299.0,
2025-02-07 07:38:35,298.0,26.0,306.48,31.0,296.0,26.0,309.33,33.0,302.24,8.480000000000018,52.0,64.0,1.0023572217538976,116,-12.0,-52.0,-0.1,299.0,
2025-02-07 07:38:36,303.13,110.0,305.62,26.0,300.42,48.0,309.57,40.0,304.37,2.490000000000009,158.0,66.0,1.0814943365557688,224,92.0,108.0,0.41,303.0,2.0
2025-02-07 07:38:37,304.16,50.0,309.54,26.0,303.2,60.0,311.24,51.0,306.85,5.379999999999996,110.0,77.0,1.8228960475029996,187,33.0,-37.0,0.18,308.0,1.0
2025-02-07 07:38:38,304.9,31.0,310.0,55.0,303.64,66.0,313.0,66.0,307.45,5.100000000000023,97.0,121.0,2.348612356265256,218,-24.0,31.0,-0.11,308.0,1.0
2025-02-07 07:38:39,304.0,84.0,309.14,59.0,303.0,84.0,310.77,83.0,306.57,5.139999999999986,168.0,142.0,2.160689704701167,310,26.0,92.0,0.08,308.0,
2025-02-07 07:38:40,304.0,40.0,309.27,82.0,303.0,78.0,310.07,46.0,306.63,5.269999999999982,118.0,128.0,1.1730643631111752,246,-10.0,-64.0,-0.04,304.0,5.0
2025-02-07 07:38:41,304.0,11.0,308.09,44.0,302.95,63.0,310.72,67.0,306.05,4.089999999999975,74.0,111.0,0.5071488933255783,185,-37.0,-61.0,-0.2,304.0,
2025-02-07 07:38:42,303.57,14.0,307.33,48.0,301.14,42.0,314.0,36.0,305.45,3.759999999999991,56.0,84.0,0.7424284477317926,140,-28.0,-45.0,-0.2,304.0,1.0
2025-02-07 07:38:43,302.67,45.0,306.8,40.0,299.0,60.0,313.9,30.0,304.73,4.129999999999996,105.0,70.0,0.8022967032224556,175,35.0,35.0,0.2,304.0,
2025-02-07 07:38:44,303.0,84.0,305.14,56.0,302.0,42.0,313.43,42.0,304.07,2.1399999999999864,126.0,98.0,1.0191565139868302,224,28.0,49.0,0.12,304.0,
2025-02-07 07:38:45,303.0,72.0,305.0,48.0,299.27,66.0,314.0,36.0,304.0,2.0,138.0,84.0,0.8866791979075422,222,54.0,-2.0,0.24,304.0,
2025-02-07 07:38:46,303.0,88.0,308.87,92.0,298.08,156.0,315.53,89.0,305.93,5.8700000000000045,244.0,181.0,0.8471599612835626,425,63.0,180.0,0.15,303.0,4.0
2025-02-07 07:38:47,303.0,20.0,315.0,80.0,302.0,30.0,317.0,80.0,309.0,12.0,50.0,160.0,2.0803917900245845,210,-110.0,-180.0,-0.52,303.0,
2025-02-07 07:38:48,303.0,28.0,313.39,83.0,302.0,57.0,315.16,116.0,308.19,10.389999999999986,85.0,199.0,2.3044890973926084,284,-114.0,74.0,-0.4,303.0,1.0
2025-02-07 07:38:49,302.28,25.0,309.86,70.0,300.56,75.0,311.67,63.0,306.07,7.580000000000041,100.0,133.0,1.985615773507358,233,-33.0,-51.0,-0.14,302.25,4.0
2025-02-07 07:38:50,301.0,45.0,305.08,52.0,298.0,135.0,306.25,53.0,303.04,4.079999999999984,180.0,105.0,2.3223328788098505,285,75.0,52.0,0.26,302.25,
2025-02-07 07:38:51,298.75,36.0,302.32,19.0,296.4,45.0,304.33,18.0,300.53,3.569999999999993,81.0,37.0,3.55224295340305,118,44.0,-167.0,0.37,301.0,3.0
2025-02-07 07:38:52,298.0,126.0,302.77,26.0,294.0,84.0,304.09,32.0,300.38,4.769999999999982,210.0,58.0,3.4375529086840197,268,152.0,150.0,0.57,300.25,4.0
2025-02-07 07:38:53,298.0,126.0,306.82,33.0,294.0,84.0,311.6,30.0,302.41,8.819999999999993,210.0,63.0,2.314028954011186,273,147.0,5.0,0.54,307.0,1.0
2025-02-07 07:38:54,299.5,84.0,305.25,24.0,298.0,108.0,311.05,22.0,302.38,5.75,192.0,46.0,1.2105659833326654,238,146.0,-35.0,0.61,307.0,
2025-02-07 07:38:55,300.47,133.0,303.58,38.0,298.0,171.0,308.89,19.0,302.03,3.109999999999957,304.0,57.0,1.008479052832624,361,247.0,123.0,0.68,307.0,
2025-02-07 07:38:56,301.0,85.0,302.27,30.0,298.0,135.0,307.47,15.0,301.63,1.2699999999999818,220.0,45.0,0.8367974665366428,265,175.0,-96.0,0.66,301.5,4.0
2025-02-07 07:38:57,299.2,30.0,307.0,8.0,297.97,64.0,309.0,40.0,303.1,7.800000000000011,94.0,48.0,0.5430929938804823,142,46.0,-123.0,0.32,301.5,
2025-02-07 07:38:58,300.0,27.0,307.0,9.0,298.0,81.0,309.0,45.0,303.5,7.0,108.0,54.0,0.7662049334231833,162,54.0,20.0,0.33,301.5,
2025-02-07 07:38:59,300.05,65.0,305.85,34.0,298.23,132.0,308.59,44.0,302.95,5.800000000000011,197.0,78.0,0.7809417391854502,275,119.0,113.0,0.43,300.0,2.0
2025-02-07 07:39:00,301.6,15.0,305.0,45.0,300.0,75.0,307.0,15.0,303.3,3.3999999999999773,90.0,60.0,0.7374483032741473,150,30.0,-125.0,0.2,300.0,
2025-02-07 07:39:01,300.29,55.0,305.56,25.0,298.32,157.0,309.74,31.0,302.93,5.269999999999982,212.0,56.0,0.2427550205491818,268,156.0,118.0,0.58,304.0,1.0
2025-02-07 07:39:02,299.0,90.0,305.09,22.0,297.89,138.0,306.17,12.0,302.05,6.089999999999975,228.0,34.0,0.5557247520147696,262,194.0,-6.0,0.74,304.0,
2025-02-07 07:39:03,300.0,80.0,303.88,32.0,298.0,240.0,311.63,49.0,301.94,3.879999999999996,320.0,81.0,0.6028515571862983,401,239.0,139.0,0.6,304.0,
2025-02-07 07:39:04,300.0,85.0,303.0,34.0,298.0,255.0,308.28,50.0,301.5,3.0,340.0,84.0,0.7448691160210535,424,256.0,23.0,0.6,304.0,
2025-02-07 07:39:05,300.15,53.0,307.46,37.0,298.26,155.0,310.45,22.0,303.81,7.310000000000002,208.0,59.0,0.9222960479162606,267,149.0,-157.0,0.56,304.0,
2025-02-07 07:39:06,302.43,28.0,307.12,34.0,300.0,70.0,309.75,36.0,304.77,4.689999999999998,98.0,70.0,1.4046458628429654,168,28.0,-99.0,0.17,304.0,
2025-02-07 07:39:07,301.0,24.0,306.0,24.0,298.29,140.0,311.0,46.0,303.5,5.0,164.0,70.0,1.3563296059593335,234,94.0,66.0,0.4,301.2,5.0
2025-02-07 07:39:08,300.0,22.0,304.73,22.0,298.0,167.0,310.24,17.0,302.36,4.730000000000018,189.0,39.0,1.2768985864201494,228,150.0,-6.0,0.66,301.2,
2025-02-07 07:39:09,298.09,176.0,302.26,31.0,296.86,74.0,308.55,62.0,300.17,4.170000000000016,250.0,93.0,1.7626031884692033,343,157.0,115.0,0.46,298.8,5.0
2025-02-07 07:39:11,298.0,60.0,304.0,6.0,292.0,6.0,309.75,12.0,301.0,6.0,66.0,18.0,1.8526548518280983,84,48.0,-105.0,0.57,299.0,1.0
2025-02-07 07:39:12,298.0,76.0,307.15,13.0,292.0,10.0,309.96,28.0,302.58,9.149999999999975,86.0,41.0,1.5885118822351365,127,45.0,43.0,0.35,299.0,
2025-02-07 07:39:13,298.0,43.0,307.0,12.0,292.0,9.0,309.96,25.0,302.5,9.0,52.0,37.0,1.62001543202594,89,15.0,-38.0,0.17,299.0,
2025-02-07 07:39:14,298.03,105.0,307.31,13.0,296.38,37.0,309.85,39.0,302.67,9.28000000000003,142.0,52.0,1.684324790532434,194,90.0,105.0,0.46,298.0,2.0
2025-02-07 07:39:15,301.33,12.0,308.94,34.0,298.07,84.0,310.83,36.0,305.14,7.610000000000014,96.0,70.0,1.4889996642047885,166,26.0,-28.0,0.16,307.0,1.0
2025-02-07 07:39:16,302.4,10.0,308.9,30.0,298.09,66.0,310.8,30.0,305.65,6.5,76.0,60.0,1.5516990687636238,136,16.0,-30.0,0.12,308.0,1.0
2025-02-07 07:39:17,300.92,13.0,307.0,60.0,298.0,119.0,310.08,39.0,303.96,6.079999999999984,132.0,99.0,1.4178610651265784,231,33.0,95.0,0.14,308.0,
2025-02-07 07:39:18,301.0,7.0,306.44,27.0,298.0,70.0,309.0,21.0,303.72,5.439999999999998,77.0,48.0,1.1843859168370243,125,29.0,-106.0,0.23,308.0,
2025-02-07 07:39:19,302.5,82.0,305.79,38.0,297.92,85.0,308.5,36.0,304.14,3.2900000000000205,167.0,74.0,0.8305540319581417,241,93.0,116.0,0.39,299.0,3.0
2025-02-07 07:39:20,303.0,81.0,305.0,36.0,298.0,35.0,306.0,27.0,304.0,2.0,116.0,63.0,0.7729683046554399,179,53.0,-62.0,0.3,299.0,
2025-02-07 07:39:21,303.0,99.0,305.0,44.0,298.0,49.0,306.0,33.0,304.0,2.0,148.0,77.0,0.1525778489883434,225,71.0,46.0,0.32,299.0,
2025-02-07 07:39:22,303.0,72.0,305.0,32.0,298.0,56.0,306.0,24.0,304.0,2.0,128.0,56.0,0.1533623161076706,184,72.0,-41.0,0.39,299.0,
2025-02-07 07:39:23,303.0,84.0,305.79,42.0,298.06,67.0,308.14,43.0,304.39,2.7900000000000205,151.0,85.0,0.1699411662955889,236,66.0,52.0,0.28,303.0,7.0
2025-02-07 07:39:24,303.0,24.0,312.31,49.0,298.07,60.0,313.69,29.0,307.65,9.310000000000002,84.0,78.0,1.5976764378314834,162,6.0,-74.0,0.04,303.0,
2025-02-07 07:39:25,303.0,20.0,311.7,20.0,300.13,30.0,314.4,30.0,307.35,8.699999999999989,50.0,50.0,1.8557128010556816,100,0.0,-62.0,0.0,303.0,
2025-02-07 07:39:26,298.2,50.0,311.0,18.0,291.85,26.0,314.58,19.0,304.6,12.800000000000011,76.0,37.0,1.752789205809389,113,39.0,13.0,0.35,301.6,5.0
2025-02-07 07:39:27,298.54,39.0,310.27,22.0,292.4,30.0,313.0,26.0,304.41,11.72999999999996,69.0,48.0,1.666823325971258,117,21.0,4.0,0.18,298.0,2.0
2025-02-07 07:39:28,299.0,112.0,309.06,32.0,298.0,32.0,313.0,55.0,304.03,10.060000000000002,144.0,87.0,1.742532639580074,231,57.0,114.0,0.25,298.0,
2025-02-07 07:39:29,299.0,133.0,305.5,40.0,298.0,70.0,312.11,47.0,302.25,6.5,203.0,87.0,1.831671367904726,290,116.0,59.0,0.4,298.0,
2025-02-07 07:39:30,300.29,119.0,303.94,34.0,298.0,102.0,311.0,17.0,302.12,3.649999999999977,221.0,51.0,1.2025265069851585,272,170.0,-18.0,0.62,298.0,
2025-02-07 07:39:31,301.0,98.0,308.68,25.0,298.0,82.0,311.4,45.0,304.84,7.680000000000007,180.0,70.0,1.2616457505979624,250,110.0,-22.0,0.44,305.5,4.0
2025-02-07 07:39:32,303.64,25.0,310.43,28.0,301.0,52.0,314.2,25.0,307.03,6.7900000000000205,77.0,53.0,2.029145140201135,130,24.0,-120.0,0.18,308.0,2.0
2025-02-07 07:39:33,303.0,28.0,312.95,21.0,301.0,98.0,315.66,29.0,307.98,9.949999999999989,126.0,50.0,2.6815163620612164,176,76.0,46.0,0.43,308.0,
2025-02-07 07:39:34,303.0,28.0,310.71,28.0,301.0,98.0,316.0,29.0,306.86,7.7099999999999795,126.0,57.0,2.337045142910624,183,69.0,7.0,0.38,308.0,
2025-02-07 07:39:35,303.92,24.0,309.5,24.0,302.52,29.0,315.2,15.0,306.71,5.579999999999984,53.0,39.0,1.1436039524250667,92,14.0,-91.0,0.15,308.0,
2025-02-07 07:39:36,303.48,42.0,306.61,36.0,301.31,91.0,312.84,37.0,305.04,3.1299999999999955,133.0,73.0,1.063686984033462,206,60.0,114.0,0.29,308.0,
2025-02-07 07:39:37,303.19,32.0,305.07,30.0,301.08,95.0,312.0,15.0,304.13,1.8799999999999957,127.0,45.0,1.5393927374137513,172,82.0,-34.0,0.48,304.0,3.0
2025-02-07 07:39:38,301.0,48.0,303.42,24.0,299.0,60.0,312.79,14.0,302.21,2.420000000000016,108.0,38.0,1.9316961458785975,146,70.0,-26.0,0.48,301.8,5.0
2025-02-07 07:39:39,301.0,34.0,312.53,47.0,299.19,62.0,315.12,49.0,306.77,11.529999999999973,96.0,96.0,1.9102146476252824,192,0.0,46.0,0.0,301.0,2.0
2025-02-07 07:39:40,301.0,20.0,311.56,25.0,300.0,20.0,312.79,38.0,306.28,10.560000000000002,40.0,63.0,1.8199532961046532,103,-23.0,-89.0,-0.22,301.0,
2025-02-07 07:39:41,301.0,20.0,311.0,20.0,300.0,20.0,312.0,40.0,306.0,10.0,40.0,60.0,1.8895687338655287,100,-20.0,-3.0,-0.2,301.0,
2025-02-07 07:39:42,301.0,18.0,309.79,28.0,300.0,18.0,311.0,24.0,305.39,8.79000000000002,36.0,52.0,1.8140424471335148,88,-16.0,-12.0,-0.18,301.0,
2025-02-07 07:39:43,301.0,20.0,309.78,37.0,300.0,20.0,311.64,22.0,305.39,8.779999999999973,40.0,59.0,0.5936581507922268,99,-19.0,11.0,-0.19,301.0,
2025-02-07 07:39:44,301.0,16.0,308.5,32.0,300.0,16.0,312.0,16.0,304.75,7.5,32.0,48.0,0.5970510865932066,80,-16.0,-19.0,-0.2,301.0,
2025-02-07 07:39:45,301.0,34.0,307.16,69.0,300.0,34.0,310.3,63.0,304.08,6.160000000000025,68.0,132.0,0.7312113237650485,200,-64.0,120.0,-0.32,301.0,
2025-02-07 07:39:46,301.6,15.0,305.0,48.0,300.75,24.0,306.0,60.0,303.3,3.3999999999999773,39.0,108.0,0.8985377009354221,147,-69.0,-53.0,-0.47,301.0,
2025-02-07 07:39:47,302.0,17.0,304.24,68.0,301.0,34.0,305.6,81.0,303.12,2.240000000000009,51.0,149.0,0.9596197163472452,200,-98.0,53.0,-0.49,301.0,
2025-02-07 07:39:48,301.14,14.0,302.57,28.0,300.25,16.0,303.54,26.0,301.86,1.4300000000000068,30.0,54.0,1.0888617910471623,84,-24.0,-116.0,-0.29,302.0,1.0
2025-02-07 07:39:54,295.0,16.0,312.0,16.0,288.4,20.0,313.0,8.0,303.5,17.0,36.0,24.0,2.709645733302191,60,12.0,-111.0,0.2,302.0,
2025-02-07 07:39:55,299.67,48.0,304.97,31.0,292.75,32.0,311.45,40.0,302.32,5.300000000000011,80.0,71.0,3.101760790261358,151,9.0,91.0,0.06,302.0,
2025-02-07 07:39:56,303.0,98.0,306.0,25.0,301.0,56.0,306.73,33.0,304.5,3.0,154.0,58.0,3.664952932849598,212,96.0,61.0,0.45,302.0,
2025-02-07 07:39:57,303.0,143.0,305.0,23.0,301.0,68.0,306.08,49.0,304.0,2.0,211.0,72.0,3.1381332030369533,283,139.0,71.0,0.49,302.0,
2025-02-07 07:39:58,303.0,142.0,304.74,38.0,301.0,60.0,306.5,32.0,303.87,1.740000000000009,202.0,70.0,0.8191581043992945,272,132.0,-11.0,0.49,303.0,5.0
2025-02-07 07:39:59,303.0,56.0,305.0,12.0,301.0,48.0,307.0,36.0,304.0,2.0,104.0,48.0,0.8285650246076378,152,56.0,-120.0,0.37,303.0,4.0
2025-02-07 07:40:00,303.0,34.0,304.29,17.0,301.0,68.0,307.0,51.0,303.65,1.2900000000000205,102.0,68.0,0.3119775633007795,170,34.0,18.0,0.2,303.0,
2025-02-07 07:40:01,303.0,21.0,308.53,43.0,301.0,68.0,311.91,32.0,305.77,5.529999999999973,89.0,75.0,0.8572455890835061,164,14.0,-6.0,0.09,303.0,1.0
2025-02-07 07:40:02,301.12,34.0,309.0,30.0,300.5,16.0,314.1,10.0,305.06,7.8799999999999955,50.0,40.0,0.9071107980854248,90,10.0,-74.0,0.11,303.0,1.0
2025-02-07 07:40:03,301.0,24.0,309.0,18.0,300.0,6.0,314.14,14.0,305.0,8.0,30.0,32.0,0.8597848568119975,62,-2.0,-28.0,-0.03,303.0,
2025-02-07 07:40:04,301.0,44.0,309.0,33.0,300.0,11.0,314.0,33.0,305.0,8.0,55.0,66.0,0.7689148197318549,121,-11.0,59.0,-0.09,303.0,
2025-02-07 07:40:05,299.34,29.0,309.0,24.0,296.5,8.0,314.0,24.0,304.17,9.660000000000023,37.0,48.0,0.5668774117948874,85,-11.0,-36.0,-0.13,300.8,5.0
2025-02-07 07:40:06,298.0,48.0,307.36,14.0,293.0,12.0,309.42,36.0,302.68,9.360000000000014,60.0,50.0,1.020450880740038,110,10.0,25.0,0.09,300.8,
2025-02-07 07:40:07,298.0,44.0,304.27,11.0,293.0,11.0,309.0,33.0,301.14,6.269999999999982,55.0,44.0,1.6690476326345305,99,11.0,-11.0,0.11,300.8,
2025-02-07 07:40:08,296.33,24.0,303.0,12.0,290.6,20.0,309.8,30.0,299.67,6.670000000000016,44.0,42.0,2.1751252837486565,86,2.0,-13.0,0.02,300.8,
2025-02-07 07:40:10,295.59,34.0,309.09,57.0,290.0,17.0,331.55,58.0,302.34,13.5,51.0,115.0,1.7791627244303236,166,-64.0,86.0,-0.39,306.0,3.0
2025-02-07 07:40:11,306.78,51.0,309.0,60.0,296.86,21.0,311.0,73.0,307.89,2.2200000000000277,72.0,133.0,3.651045055871304,205,-61.0,39.0,-0.3,306.0,
2025-02-07 07:40:12,294.82,11.0,309.0,40.0,289.95,19.0,311.0,72.0,301.91,14.180000000000009,30.0,112.0,3.6269229382497614,142,-82.0,-63.0,-0.58,302.0,9.0
2025-02-07 07:40:14,294.59,17.0,309.0,40.0,293.61,23.0,311.0,72.0,301.79,14.410000000000023,40.0,112.0,2.7838336875614864,152,-72.0,-144.0,-0.47,302.0,
2025-02-07 07:40:15,297.67,43.0,309.0,65.0,294.36,22.0,311.0,117.0,303.34,11.329999999999984,65.0,182.0,2.761653490212368,247,-117.0,95.0,-0.47,302.0,
2025-02-07 07:40:16,302.48,46.0,308.67,36.0,297.53,30.0,310.29,84.0,305.57,6.189999999999998,76.0,120.0,1.8018240757638413,196,-44.0,-51.0,-0.22,302.0,
2025-02-07 07:40:17,302.0,58.0,307.0,10.0,294.64,22.0,309.0,50.0,304.5,5.0,80.0,60.0,1.8805983090501175,140,20.0,-56.0,0.14,302.0,2.0
2025-02-07 07:40:18,299.67,18.0,307.0,8.0,297.16,38.0,309.0,40.0,303.33,7.329999999999984,56.0,48.0,1.4187424008614449,104,8.0,-36.0,0.08,301.4,5.0
2025-02-07 07:40:19,299.08,13.0,307.0,7.0,297.12,32.0,309.0,35.0,303.04,7.920000000000016,45.0,42.0,1.06199340864342,87,3.0,-17.0,0.03,301.4,
2025-02-07 07:40:20,300.0,10.0,307.0,10.0,299.0,20.0,309.0,50.0,303.5,7.0,30.0,60.0,1.040994716606218,90,-30.0,3.0,-0.33,301.4,
2025-02-07 07:40:21,300.0,14.0,305.03,39.0,299.0,28.0,305.29,21.0,302.51,5.029999999999973,42.0,60.0,0.7320724007925982,102,-18.0,12.0,-0.18,301.4,
2025-02-07 07:40:22,300.0,15.0,302.02,46.0,299.0,30.0,303.3,33.0,301.01,2.019999999999982,45.0,79.0,1.0052711077129566,124,-34.0,22.0,-0.27,301.4,5.0
2025-02-07 07:40:23,301.98,109.0,308.37,19.0,299.9,20.0,310.0,101.0,305.18,6.389999999999986,129.0,120.0,1.515971635619327,249,9.0,125.0,0.04,301.4,
2025-02-07 07:40:24,303.0,85.0,307.18,50.0,300.0,15.0,308.95,66.0,305.09,4.180000000000007,100.0,116.0,1.7693134261634424,216,-16.0,-33.0,-0.07,303.0,1.0
2025-02-07 07:40:25,303.0,48.0,304.0,20.0,300.0,10.0,305.14,29.0,303.5,1.0,58.0,49.0,1.7693134261634424,107,9.0,-109.0,0.08,303.0,1.0
2025-02-07 07:40:26,302.73,11.0,306.0,15.0,299.71,7.0,310.33,30.0,304.36,3.269999999999982,18.0,45.0,1.714079928125331,63,-27.0,-44.0,-0.43,303.0,4.0
2025-02-07 07:40:27,297.12,26.0,310.0,30.0,295.67,12.0,312.0,30.0,303.56,12.879999999999995,38.0,60.0,0.8035048226376789,98,-22.0,35.0,-0.22,299.33,3.0
2025-02-07 07:40:28,297.0,40.0,310.0,40.0,295.0,16.0,312.0,40.0,303.5,13.0,56.0,80.0,0.7090980186138699,136,-24.0,38.0,-0.18,299.33,
2025-02-07 07:40:29,294.56,18.0,310.0,45.0,291.71,28.0,312.0,45.0,302.28,15.439999999999998,46.0,90.0,0.7439085965374412,136,-44.0,0.0,-0.32,295.1,10.0
2025-02-07 07:40:32,296.68,37.0,310.0,56.0,294.29,14.0,313.0,21.0,303.34,13.319999999999991,51.0,77.0,1.1862124598918111,128,-26.0,-15.0,-0.2,295.1,
2025-02-07 07:40:33,303.67,36.0,310.0,80.0,300.36,50.0,313.0,30.0,306.83,6.329999999999984,86.0,110.0,2.3887507195189666,196,-24.0,68.0,-0.12,295.1,
2025-02-07 07:40:34,304.67,27.0,310.0,56.0,302.37,38.0,313.0,21.0,307.33,5.329999999999984,65.0,77.0,3.033270512170329,142,-12.0,-54.0,-0.08,306.0,3.0
2025-02-07 07:40:35,303.0,60.0,310.0,80.0,300.0,40.0,313.0,30.0,306.5,7.0,100.0,110.0,2.6378684576759674,210,-10.0,68.0,-0.05,306.0,
2025-02-07 07:40:36,303.0,60.0,310.0,80.0,300.0,40.0,313.0,30.0,306.5,7.0,100.0,110.0,1.579825939779942,210,-10.0,0.0,-0.05,306.0,
2025-02-07 07:40:37,303.0,66.0,310.0,88.0,300.0,44.0,313.0,33.0,306.5,7.0,110.0,121.0,0.3635519220158603,231,-11.0,21.0,-0.05,306.0,
2025-02-07 07:40:38,303.0,24.0,310.0,32.0,300.0,16.0,313.0,12.0,306.5,7.0,40.0,44.0,0.3711872842669032,84,-4.0,-147.0,-0.05,306.0,
2025-02-07 07:40:39,303.0,72.0,309.36,25.0,300.0,48.0,311.33,36.0,306.18,6.360000000000014,120.0,61.0,0.1431083505651252,181,59.0,97.0,0.33,306.0,
2025-02-07 07:40:40,303.0,36.0,307.14,14.0,300.0,24.0,310.4,10.0,305.07,4.139999999999986,60.0,24.0,0.6194352266391604,84,36.0,-97.0,0.43,306.0,
2025-02-07 07:40:41,303.0,72.0,305.08,36.0,300.08,39.0,308.21,14.0,304.04,2.079999999999984,111.0,50.0,1.078665842604445,161,61.0,77.0,0.38,306.0,
2025-02-07 07:40:42,303.0,54.0,304.0,30.0,301.0,10.0,309.04,28.0,303.5,1.0,64.0,58.0,1.3040398766915415,122,6.0,-39.0,0.05,303.0,1.0
2025-02-07 07:40:43,301.86,36.0,303.83,36.0,299.91,56.0,310.0,12.0,302.85,1.9699999999999704,92.0,48.0,1.3165751023021195,140,44.0,18.0,0.31,303.0,5.0
2025-02-07 07:40:44,301.0,11.0,303.0,33.0,300.0,74.0,310.0,11.0,302.0,2.0,85.0,44.0,1.1649763946115042,129,41.0,-11.0,0.32,303.0,
2025-02-07 07:40:45,301.0,10.0,303.0,29.0,300.0,40.0,309.0,10.0,302.0,2.0,50.0,39.0,0.9054943401270512,89,11.0,-40.0,0.12,303.0,1.0
2025-02-07 07:40:46,300.03,33.0,303.0,18.0,299.05,76.0,309.0,9.0,301.52,2.9700000000000277,109.0,27.0,0.791125780140022,136,82.0,47.0,0.6,301.0,1.0
2025-02-07 07:40:48,299.31,39.0,302.6,15.0,298.82,66.0,309.5,24.0,300.95,3.2900000000000205,105.0,39.0,0.5808872524011712,144,66.0,24.0,0.46,300.0,2.0
2025-02-07 07:40:49,299.32,66.0,309.0,10.0,298.49,55.0,313.0,55.0,304.16,9.680000000000009,121.0,65.0,1.3678559865724866,186,56.0,42.0,0.3,300.0,
2025-02-07 07:40:50,306.0,6.0,309.0,6.0,299.0,54.0,313.0,48.0,307.5,3.0,60.0,54.0,2.8743747146122343,114,6.0,-72.0,0.05,300.0,
2025-02-07 07:40:51,300.14,43.0,307.53,30.0,298.8,79.0,311.24,33.0,303.84,7.389999999999986,122.0,63.0,2.765781987070226,185,59.0,71.0,0.32,306.0,1.0
2025-02-07 07:40:52,299.0,72.0,307.33,30.0,298.0,40.0,310.67,30.0,303.17,8.329999999999984,112.0,60.0,2.359222329498033,172,52.0,-13.0,0.3,299.0,6.0
2025-02-07 07:40:53,299.0,30.0,305.91,33.0,298.0,40.0,307.18,34.0,302.45,6.910000000000025,70.0,67.0,1.9456181536987351,137,3.0,-35.0,0.02,299.0,
2025-02-07 07:40:57,296.3,74.0,304.49,41.0,295.61,168.0,312.36,53.0,300.39,8.189999999999998,242.0,94.0,2.0518089579690995,336,148.0,-7.0,0.44,298.0,2.0
2025-02-07 07:40:58,297.97,29.0,312.0,73.0,296.3,122.0,315.0,55.0,304.98,14.029999999999973,151.0,128.0,3.0049242918919443,279,23.0,-57.0,0.08,298.0,
2025-02-07 07:40:59,299.46,13.0,310.75,44.0,298.0,78.0,312.28,53.0,305.11,11.29000000000002,91.0,97.0,3.722119020128482,188,-6.0,-91.0,-0.03,298.0,
2025-02-07 07:41:00,300.0,9.0,304.0,9.0,298.0,54.0,311.0,27.0,302.0,4.0,63.0,36.0,3.3621317642237227,99,27.0,-89.0,0.27,298.0,
2025-02-07 07:41:01,299.57,14.0,310.0,28.0,297.83,72.0,311.84,76.0,304.79,10.430000000000009,86.0,104.0,2.142318837148636,190,-18.0,91.0,-0.09,298.5,4.0
2025-02-07 07:41:02,298.0,51.0,310.74,57.0,296.0,99.0,311.93,121.0,304.37,12.740000000000007,150.0,178.0,1.2885068878363546,328,-28.0,138.0,-0.09,298.5,
2025-02-07 07:41:03,298.0,51.0,307.94,85.0,296.0,119.0,309.21,67.0,302.97,9.939999999999998,170.0,152.0,1.3170497333061346,322,18.0,-6.0,0.06,298.5,
2025-02-07 07:41:04,298.0,54.0,305.02,80.0,296.0,126.0,305.94,90.0,301.51,7.019999999999982,180.0,170.0,1.4335340944678885,350,10.0,28.0,0.03,304.0,2.0
2025-02-07 07:41:22,301.0,64.0,304.57,70.0,280.95,66.0,306.11,61.0,302.79,3.569999999999993,130.0,131.0,4.204025451873925,261,-1.0,74.0,-0.0,301.0,2.0
2025-02-07 07:41:23,301.0,44.0,303.13,46.0,281.0,66.0,304.18,55.0,302.07,2.1299999999999955,110.0,101.0,4.939885626206713,211,9.0,-50.0,0.04,301.0,
2025-02-07 07:41:25,299.0,36.0,301.88,16.0,287.47,105.0,307.58,78.0,300.44,2.8799999999999955,141.0,94.0,2.510185252128476,235,47.0,-9.0,0.2,302.0,4.0
2025-02-07 07:41:27,300.0,23.0,304.7,27.0,299.0,13.0,305.67,30.0,302.35,4.699999999999989,36.0,57.0,1.7436025923366931,93,-21.0,-144.0,-0.23,300.0,1.0
2025-02-07 07:41:28,300.3,30.0,305.0,50.0,299.0,28.0,306.0,40.0,302.65,4.699999999999989,58.0,90.0,1.8813638669867176,148,-32.0,55.0,-0.22,300.0,
2025-02-07 07:41:29,301.33,36.0,303.88,40.0,298.11,54.0,305.11,56.0,302.6,2.550000000000012,90.0,96.0,1.2816278711089362,186,-6.0,38.0,-0.03,302.0,3.0
2025-02-07 07:41:30,299.0,30.0,305.38,40.0,297.0,120.0,306.25,20.0,302.19,6.379999999999996,150.0,60.0,1.1104368509749805,210,90.0,24.0,0.43,302.0,
2025-02-07 07:41:31,299.0,12.0,306.0,12.0,297.0,48.0,307.0,4.0,302.5,7.0,60.0,16.0,0.1886001060531361,76,44.0,-134.0,0.58,302.0,
2025-02-07 07:41:32,299.0,24.0,305.75,32.0,297.0,120.0,306.57,14.0,302.38,6.75,144.0,46.0,0.1847430648312827,190,98.0,114.0,0.52,299.0,2.0
2025-02-07 07:41:33,299.0,10.0,305.0,70.0,297.0,120.0,308.0,50.0,302.0,6.0,130.0,120.0,0.2412053067476678,250,10.0,60.0,0.04,299.0,
2025-02-07 07:41:34,299.0,6.0,304.9,39.0,297.0,72.0,308.28,18.0,301.95,5.899999999999977,78.0,57.0,0.2371286570687248,135,21.0,-115.0,0.16,299.0,
2025-02-07 07:41:35,297.26,93.0,304.0,36.0,293.86,118.0,306.88,51.0,300.63,6.740000000000009,211.0,87.0,0.744224428518154,298,124.0,163.0,0.42,302.5,6.0
2025-02-07 07:41:36,297.0,144.0,304.0,48.0,295.2,30.0,309.62,45.0,300.5,7.0,174.0,93.0,0.863637655503215,267,81.0,-31.0,0.3,302.5,
2025-02-07 07:41:37,297.0,163.0,302.72,25.0,294.82,34.0,304.36,42.0,299.86,5.720000000000027,197.0,67.0,0.9471377935669923,264,130.0,-3.0,0.49,297.0,6.0
2025-02-07 07:41:38,297.0,36.0,304.0,12.0,292.0,6.0,305.0,12.0,300.5,7.0,42.0,24.0,0.766857222697198,66,18.0,-180.0,0.27,301.0,1.0
2025-02-07 07:41:39,297.0,89.0,305.0,45.0,293.2,15.0,309.4,15.0,301.0,8.0,104.0,60.0,0.4112420212026075,164,44.0,98.0,0.27,297.0,1.0
2025-02-07 07:41:40,297.0,55.0,304.8,30.0,292.0,11.0,309.97,33.0,300.9,7.800000000000011,66.0,63.0,0.4489097904956119,129,3.0,-35.0,0.02,297.0,
2025-02-07 07:41:41,297.11,19.0,304.0,10.0,293.67,6.0,305.0,15.0,300.55,6.889999999999986,25.0,25.0,0.4480178567901244,50,0.0,-79.0,0.0,297.0,3.0
2025-02-07 07:41:42,297.73,22.0,302.5,28.0,296.0,22.0,305.71,42.0,300.11,4.769999999999982,44.0,70.0,0.3542174473438951,114,-26.0,64.0,-0.23,297.67,3.0
2025-02-07 07:41:46,298.0,36.0,305.08,48.0,297.0,12.0,307.0,36.0,301.54,7.079999999999984,48.0,84.0,0.8874795772313258,132,-36.0,-81.0,-0.27,297.67,
2025-02-07 07:41:47,301.83,41.0,306.24,51.0,297.31,29.0,310.2,64.0,304.03,4.410000000000025,70.0,115.0,1.9936348712848493,185,-45.0,53.0,-0.24,300.86,7.0
2025-02-07 07:41:48,297.0,7.0,310.0,21.0,292.0,7.0,312.0,28.0,303.5,13.0,14.0,49.0,2.0766198496603243,63,-35.0,-122.0,-0.56,300.86,
2025-02-07 07:41:49,298.78,18.0,309.22,41.0,291.96,50.0,311.85,39.0,304.0,10.440000000000056,68.0,80.0,1.8445460146072885,148,-12.0,85.0,-0.08,297.0,1.0
2025-02-07 07:41:50,301.23,26.0,309.0,65.0,300.11,56.0,312.0,52.0,305.12,7.769999999999982,82.0,117.0,1.313552435194011,199,-35.0,51.0,-0.18,297.0,
2025-02-07 07:41:51,300.15,40.0,307.33,24.0,298.87,30.0,308.75,36.0,303.74,7.180000000000007,70.0,60.0,0.6209830915607614,130,10.0,-69.0,0.08,301.2,5.0
2025-02-07 07:41:52,300.0,24.0,307.0,12.0,298.0,12.0,312.0,28.0,303.5,7.0,36.0,40.0,0.6741809846059945,76,-4.0,-54.0,-0.05,301.2,
2025-02-07 07:41:53,298.93,60.0,306.23,26.0,296.55,22.0,311.64,61.0,302.58,7.300000000000011,82.0,87.0,0.9170169027909022,169,-5.0,93.0,-0.03,300.0,4.0
2025-02-07 07:41:54,300.0,72.0,306.0,24.0,298.0,24.0,308.62,16.0,303.0,6.0,96.0,40.0,0.9669126123927192,136,56.0,-33.0,0.41,300.0,
2025-02-07 07:41:55,300.0,48.0,305.23,26.0,298.0,22.0,306.11,19.0,302.62,5.230000000000018,70.0,45.0,0.5195382565354142,115,25.0,-21.0,0.22,300.0,4.0
2025-02-07 07:41:56,299.32,38.0,304.11,38.0,294.0,116.0,305.49,41.0,301.71,4.7900000000000205,154.0,79.0,0.657510456193397,233,75.0,118.0,0.32,302.0,2.0
2025-02-07 07:41:57,298.0,60.0,304.52,46.0,291.0,240.0,309.0,15.0,301.26,6.519999999999982,300.0,61.0,0.7208883408707787,361,239.0,128.0,0.66,304.0,2.0
2025-02-07 07:41:58,298.0,32.0,303.25,16.0,291.0,128.0,309.0,8.0,300.62,5.25,160.0,24.0,0.974125248622186,184,136.0,-177.0,0.74,304.0,
2025-02-07 07:41:59,298.0,40.0,302.6,20.0,291.0,160.0,310.0,10.0,300.3,4.600000000000023,200.0,30.0,0.9184878877824122,230,170.0,46.0,0.74,304.0,
2025-02-07 07:42:00,298.0,24.0,302.0,12.0,291.0,96.0,310.83,6.0,300.0,4.0,120.0,18.0,0.6999428548122978,138,102.0,-92.0,0.74,304.0,
2025-02-07 07:42:06,303.0,12.0,308.79,57.0,290.0,60.0,309.38,24.0,305.89,5.7900000000000205,72.0,81.0,3.133389538503448,153,-9.0,-38.0,-0.06,304.0,
2025-02-07 07:42:07,303.0,11.0,307.0,55.0,290.0,55.0,309.36,11.0,305.0,4.0,66.0,66.0,2.759027002405611,132,0.0,-21.0,0.0,304.0,
2025-02-07 07:42:08,303.0,8.0,307.0,40.0,291.68,38.0,309.0,8.0,305.0,4.0,46.0,48.0,2.804323447821867,94,-2.0,-38.0,-0.02,304.0,
2025-02-07 07:42:09,303.0,6.0,307.0,30.0,298.0,24.0,309.0,6.0,305.0,4.0,30.0,36.0,2.107256510253021,66,-6.0,-28.0,-0.09,304.0,
2025-02-07 07:42:10,303.0,12.0,306.83,36.0,299.38,39.0,307.33,36.0,304.92,3.829999999999984,51.0,72.0,0.4084360415093559,123,-21.0,57.0,-0.17,304.0,
2025-02-07 07:42:11,301.0,39.0,305.8,30.0,299.5,32.0,306.4,40.0,303.4,4.800000000000011,71.0,70.0,0.7074461110245508,141,1.0,18.0,0.01,303.0,1.0
2025-02-07 07:42:12,301.56,108.0,304.45,22.0,300.0,54.0,305.85,80.0,303.01,2.8899999999999864,162.0,102.0,0.9788666916407548,264,60.0,123.0,0.23,303.0,
2025-02-07 07:42:13,301.11,57.0,304.34,64.0,299.66,47.0,306.61,36.0,302.72,3.2299999999999613,104.0,100.0,1.0775435026038085,204,4.0,-60.0,0.02,301.67,3.0
2025-02-07 07:42:14,301.0,29.0,305.55,33.0,300.0,39.0,313.89,54.0,303.27,4.550000000000011,68.0,87.0,0.8545934706067456,155,-19.0,-49.0,-0.12,301.0,1.0
2025-02-07 07:42:15,300.43,37.0,309.5,18.0,298.92,52.0,315.15,54.0,304.97,9.069999999999991,89.0,72.0,0.8759166627046605,161,17.0,6.0,0.11,302.0,1.0
2025-02-07 07:42:16,299.03,35.0,314.0,28.0,294.56,55.0,315.0,14.0,306.51,14.970000000000027,90.0,42.0,1.6082848006505472,132,48.0,-29.0,0.36,300.25,4.0
2025-02-07 07:42:17,298.08,52.0,313.08,26.0,289.56,64.0,315.0,34.0,305.58,15.0,116.0,60.0,1.584944793992359,176,56.0,44.0,0.32,300.25,
2025-02-07 07:42:18,299.0,56.0,312.99,75.0,298.0,56.0,314.6,43.0,305.99,13.990000000000007,112.0,118.0,1.249191738686818,230,-6.0,54.0,-0.03,300.25,
2025-02-07 07:42:19,303.09,22.0,312.0,13.0,298.77,52.0,313.0,87.0,307.55,8.910000000000025,74.0,100.0,0.9782637681132972,174,-26.0,-56.0,-0.15,300.25,
2025-02-07 07:42:20,306.6,20.0,310.65,34.0,299.44,72.0,312.94,83.0,308.62,4.0499999999999545,92.0,117.0,1.2339975688805558,209,-25.0,35.0,-0.12,303.33,3.0
2025-02-07 07:42:21,302.97,39.0,307.62,32.0,299.5,36.0,313.12,59.0,305.3,4.649999999999977,75.0,91.0,1.4217137545944962,166,-16.0,-43.0,-0.1,303.33,
2025-02-07 07:42:22,303.14,28.0,307.0,32.0,301.14,28.0,313.56,16.0,305.07,3.8600000000000136,56.0,48.0,1.5282113728156812,104,8.0,-62.0,0.08,303.33,
2025-02-07 07:42:23,302.0,12.0,306.58,24.0,301.0,24.0,313.0,12.0,304.29,4.579999999999984,36.0,36.0,1.830854991528072,72,0.0,-32.0,0.0,303.33,
2025-02-07 07:42:24,302.0,12.0,305.71,21.0,301.0,24.0,314.41,41.0,303.86,3.70999999999998,36.0,62.0,1.8766379512317923,98,-26.0,26.0,-0.27,303.33,
2025-02-07 07:42:25,299.05,38.0,312.1,20.0,296.41,49.0,314.71,35.0,305.58,13.050000000000011,87.0,55.0,0.7198958257995357,142,32.0,44.0,0.23,300.0,5.0
2025-02-07 07:42:26,300.0,32.0,309.75,32.0,298.0,16.0,310.87,31.0,304.88,9.75,48.0,63.0,0.6728521382916285,111,-15.0,-31.0,-0.14,300.0,
2025-02-07 07:42:27,301.0,14.0,308.54,26.0,299.92,25.0,311.0,25.0,304.77,7.54000000000002,39.0,51.0,0.6485599432617108,90,-12.0,-21.0,-0.13,300.0,
2025-02-07 07:42:28,301.5,8.0,308.0,16.0,298.91,22.0,312.08,26.0,304.75,6.5,30.0,42.0,0.6116943681313511,72,-12.0,-18.0,-0.17,301.5,2.0
2025-02-07 07:42:29,300.0,15.0,307.27,30.0,298.0,60.0,312.65,66.0,303.63,7.269999999999982,75.0,96.0,0.6994068915900398,171,-21.0,99.0,-0.12,301.5,
2025-02-07 07:42:30,300.0,16.0,304.18,44.0,298.0,51.0,311.05,76.0,302.09,4.180000000000007,67.0,120.0,1.194981171401416,187,-53.0,16.0,-0.28,301.5,
2025-02-07 07:42:31,299.46,26.0,305.44,32.0,298.85,103.0,312.42,52.0,302.45,5.980000000000018,129.0,84.0,1.252565367557345,213,45.0,26.0,0.21,300.22,9.0
2025-02-07 07:42:32,304.25,48.0,312.89,38.0,298.21,38.0,316.56,54.0,308.57,8.639999999999986,86.0,92.0,2.6072437553868757,178,-6.0,-35.0,-0.03,300.22,
2025-02-07 07:42:33,308.0,70.0,313.0,30.0,299.0,20.0,317.0,40.0,310.5,5.0,90.0,70.0,3.835325279556277,160,20.0,-18.0,0.12,300.22,
2025-02-07 07:42:34,308.0,77.0,313.36,33.0,299.2,20.0,316.02,43.0,310.68,5.360000000000014,97.0,76.0,4.271038515396796,173,21.0,13.0,0.12,300.22,
2025-02-07 07:42:35,308.0,84.0,314.0,36.0,301.0,12.0,315.0,36.0,311.0,6.0,96.0,72.0,3.588586072536363,168,24.0,-5.0,0.14,300.22,
2025-02-07 07:42:36,308.0,84.0,313.92,36.0,301.0,12.0,314.92,36.0,310.96,5.920000000000016,96.0,72.0,1.0116916526298785,168,24.0,0.0,0.14,300.22,
2025-02-07 07:42:37,308.0,91.0,312.8,41.0,301.0,13.0,313.89,54.0,310.4,4.800000000000011,104.0,95.0,0.2681790446712429,199,9.0,31.0,0.05,308.0,5.0
2025-02-07 07:42:38,308.0,20.0,311.57,35.0,302.12,16.0,312.47,38.0,309.79,3.569999999999993,36.0,73.0,0.4965682229068213,109,-37.0,-90.0,-0.34,308.0,
2025-02-07 07:42:39,306.33,45.0,309.39,69.0,302.8,50.0,311.94,86.0,307.86,3.0600000000000023,95.0,155.0,1.294727770614769,250,-60.0,141.0,-0.24,308.0,2.0
2025-02-07 07:42:40,303.0,30.0,308.0,30.0,301.0,10.0,315.42,38.0,305.5,5.0,40.0,68.0,2.2319991039428224,108,-28.0,-142.0,-0.26,308.0,
2025-02-07 07:42:41,303.0,30.0,306.0,22.0,301.0,10.0,307.71,28.0,304.5,3.0,40.0,50.0,2.584724356677544,90,-10.0,-18.0,-0.11,308.0,
2025-02-07 07:42:42,302.23,35.0,305.85,33.0,300.57,23.0,308.68,31.0,304.04,3.620000000000005,58.0,64.0,2.42868688801228,122,-6.0,32.0,-0.05,302.5,6.0
2025-02-07 07:42:43,301.0,9.0,312.41,17.0,299.0,18.0,316.42,24.0,306.71,11.410000000000023,27.0,41.0,1.574712672205002,68,-14.0,-54.0,-0.21,302.5,
2025-02-07 07:42:44,299.93,15.0,313.8,15.0,298.26,54.0,315.0,26.0,306.87,13.870000000000005,69.0,41.0,1.2717822140614785,110,28.0,42.0,0.25,300.0,2.0
2025-02-07 07:42:45,299.0,12.0,313.0,12.0,298.0,60.0,314.0,12.0,306.0,14.0,72.0,24.0,1.2889647008367138,96,48.0,-14.0,0.5,300.0,
2025-02-07 07:42:46,299.0,14.0,307.0,19.0,298.0,70.0,309.1,21.0,303.0,8.0,84.0,40.0,1.718845542799941,124,44.0,28.0,0.35,300.0,
2025-02-07 07:42:47,299.57,21.0,303.93,43.0,298.01,91.0,307.04,26.0,301.75,4.360000000000014,112.0,69.0,2.3395362788389096,181,43.0,57.0,0.24,303.0,3.0
2025-02-07 07:43:25,297.55,33.0,306.0,10.0,295.81,16.0,307.0,60.0,301.77,8.449999999999989,49.0,70.0,3.556468754257045,119,-21.0,-13.0,-0.18,299.0,4.0
2025-02-07 07:43:26,300.25,36.0,305.9,10.0,298.78,54.0,306.98,55.0,303.07,5.649999999999977,90.0,65.0,4.472018559890625,155,25.0,36.0,0.16,299.0,
2025-02-07 07:43:27,302.31,39.0,305.0,13.0,299.33,43.0,306.0,13.0,303.65,2.6899999999999977,82.0,26.0,4.443557133649318,108,56.0,-47.0,0.52,299.0,
2025-02-07 07:43:28,303.0,27.0,306.56,9.0,301.0,9.0,308.86,44.0,304.78,3.5600000000000023,36.0,53.0,3.6647400999259534,89,-17.0,-19.0,-0.19,306.5,6.0
2025-02-07 07:43:29,303.0,12.0,307.0,4.0,301.0,4.0,309.0,14.0,305.0,4.0,16.0,18.0,1.320049241507657,34,-2.0,-55.0,-0.06,306.5,
2025-02-07 07:43:30,303.0,36.0,306.1,30.0,301.0,12.0,307.5,12.0,304.55,3.1000000000000227,48.0,42.0,0.8181992422416348,90,6.0,56.0,0.07,306.5,
2025-02-07 07:43:31,302.5,28.0,305.93,42.0,299.18,76.0,307.69,16.0,304.21,3.430000000000007,104.0,58.0,0.5287437942942977,162,46.0,72.0,0.28,303.0,3.0
2025-02-07 07:43:32,299.36,33.0,305.0,27.0,296.8,75.0,306.0,27.0,302.18,5.639999999999986,108.0,54.0,1.1361910050712234,162,54.0,0.0,0.33,300.0,2.0
2025-02-07 07:43:33,299.0,81.0,302.97,31.0,288.0,45.0,305.33,27.0,300.98,3.9700000000000273,126.0,58.0,1.7235225556994784,184,68.0,22.0,0.37,300.0,
2025-02-07 07:43:34,299.0,99.0,301.74,47.0,288.0,55.0,302.51,41.0,300.37,2.740000000000009,154.0,88.0,1.875331970613474,242,66.0,58.0,0.27,300.0,
2025-02-07 07:43:45,300.78,103.0,304.4,60.0,298.52,27.0,306.86,56.0,302.59,3.620000000000005,130.0,116.0,3.563119419834956,246,14.0,93.0,0.06,302.0,5.0
2025-02-07 07:43:46,302.57,28.0,305.0,47.0,300.36,33.0,326.8,30.0,303.79,2.430000000000007,61.0,77.0,3.5975436064075708,138,-16.0,-108.0,-0.12,305.0,5.0
2025-02-07 07:43:47,304.0,6.0,305.0,6.0,300.29,14.0,392.19,21.0,304.5,1.0,20.0,27.0,1.8936129488368407,47,-7.0,-91.0,-0.15,305.0,
2025-02-07 07:43:48,304.0,9.0,305.0,9.0,302.0,27.0,344.8,45.0,304.5,1.0,36.0,54.0,1.6320018382348611,90,-18.0,43.0,-0.2,305.0,
2025-02-07 07:43:49,303.33,9.0,305.0,7.0,301.7,20.0,346.6,10.0,304.17,1.670000000000016,29.0,17.0,0.7938198788147279,46,12.0,-44.0,0.26,304.0,1.0
2025-02-07 07:43:56,309.0,91.0,335.0,14.0,303.0,21.0,336.0,7.0,322.0,26.0,112.0,21.0,24.77272391159204,133,91.0,13.0,0.68,304.0,
2025-02-07 07:43:57,309.0,104.0,334.12,16.0,303.0,24.0,469.89,9.0,321.56,25.120000000000005,128.0,25.0,17.392603887859284,153,103.0,20.0,0.67,304.0,
2025-02-07 07:43:58,309.0,122.0,333.45,22.0,303.0,33.0,449.73,11.0,321.23,24.44999999999999,155.0,33.0,17.18595560334033,188,122.0,35.0,0.65,309.0,3.0
2025-02-07 07:43:59,309.0,100.0,331.55,22.0,303.0,33.0,526.14,21.0,320.27,22.55000000000001,133.0,43.0,11.191723281067716,176,90.0,-12.0,0.51,309.0,1.0
2025-02-07 07:44:00,309.0,113.0,329.15,33.0,303.0,39.0,443.48,29.0,319.08,20.149999999999977,152.0,62.0,1.1659631212003458,214,90.0,38.0,0.42,309.0,2.0
2025-02-07 07:44:01,309.0,56.0,327.18,17.0,303.0,24.0,328.17,23.0,318.09,18.180000000000007,80.0,40.0,1.458022633569222,120,40.0,-94.0,0.33,309.0,
2025-02-07 07:44:02,307.36,22.0,324.67,33.0,302.67,36.0,325.67,39.0,316.02,17.310000000000002,58.0,72.0,2.017515799194996,130,-14.0,10.0,-0.11,307.67,9.0
2025-02-07 07:44:03,303.0,11.0,313.39,31.0,302.0,22.0,322.45,33.0,308.19,10.389999999999986,33.0,64.0,4.809870060615396,97,-31.0,-33.0,-0.32,307.67,
2025-02-07 07:44:04,302.14,14.0,304.11,27.0,300.29,28.0,307.0,24.0,303.13,1.9700000000000275,42.0,51.0,6.937216300506144,93,-9.0,-4.0,-0.1,303.0,1.0
2025-02-07 07:44:05,301.77,26.0,303.49,49.0,298.64,33.0,305.69,39.0,302.63,1.7200000000000273,59.0,88.0,7.171570260411016,147,-29.0,54.0,-0.2,302.0,2.0
2025-02-07 07:44:09,297.33,42.0,301.78,68.0,292.25,12.0,308.6,42.0,299.56,4.449999999999989,54.0,110.0,2.0198886107957934,164,-56.0,41.0,-0.34,297.0,1.0
2025-02-07 07:44:10,298.0,56.0,302.0,26.0,292.5,8.0,313.12,24.0,300.0,4.0,64.0,50.0,1.2533674640835046,114,14.0,-50.0,0.12,302.0,2.0
2025-02-07 07:44:12,298.07,81.0,308.38,32.0,295.0,24.0,311.21,42.0,303.22,10.310000000000002,105.0,74.0,2.108582462229626,179,31.0,27.0,0.17,298.0,1.0
2025-02-07 07:44:13,300.37,19.0,309.95,37.0,298.56,50.0,310.92,39.0,305.16,9.579999999999984,69.0,76.0,2.533629807217456,145,-7.0,-34.0,-0.05,298.0,
2025-02-07 07:44:14,301.0,8.0,308.83,18.0,300.0,16.0,310.5,24.0,304.92,7.829999999999984,24.0,42.0,2.6271048703886404,66,-18.0,-79.0,-0.27,298.0,
2025-02-07 07:44:15,302.45,29.0,309.0,42.0,301.08,25.0,311.29,49.0,305.72,6.550000000000011,54.0,91.0,2.4537318516941857,145,-37.0,79.0,-0.26,298.0,
2025-02-07 07:44:16,303.0,18.0,309.0,18.0,302.0,12.0,310.0,24.0,306.0,6.0,30.0,42.0,1.0861307472018762,72,-12.0,-73.0,-0.17,298.0,
2025-02-07 07:44:17,303.17,30.0,309.0,36.0,301.8,20.0,310.0,48.0,306.08,5.829999999999984,50.0,84.0,0.5142761904042847,134,-34.0,62.0,-0.25,304.0,3.0
2025-02-07 07:44:18,295.18,39.0,309.0,36.0,291.82,39.0,310.0,48.0,302.09,13.819999999999991,78.0,84.0,1.6697365061641916,162,-6.0,28.0,-0.04,299.22,9.0
2025-02-07 07:44:34,300.0,22.0,302.0,55.0,288.0,88.0,306.0,99.0,301.0,2.0,110.0,154.0,4.120026698945903,264,-44.0,-18.0,-0.17,299.22,
2025-02-07 07:44:35,300.0,16.0,302.0,40.0,294.43,99.0,306.0,72.0,301.0,2.0,115.0,112.0,3.9082118673409862,227,3.0,-37.0,0.01,299.22,
2025-02-07 07:44:36,300.0,12.0,302.0,30.0,295.1,58.0,306.0,54.0,301.0,2.0,70.0,84.0,2.132749399255057,154,-14.0,-73.0,-0.09,299.22,
2025-02-07 07:44:37,301.0,110.0,302.0,50.0,300.0,20.0,306.0,70.0,301.5,1.0,130.0,120.0,1.604518619406419,250,10.0,96.0,0.04,299.22,
2025-02-07 07:44:38,301.0,88.0,302.0,40.0,300.0,16.0,306.0,80.0,301.5,1.0,104.0,120.0,0.2738612787911675,224,-16.0,-26.0,-0.07,299.22,
2025-02-07 07:44:39,301.0,57.0,302.0,45.0,300.0,18.0,306.0,90.0,301.5,1.0,75.0,135.0,0.2738612787910002,210,-60.0,-14.0,-0.29,301.0,6.0
2025-02-07 07:44:40,300.57,14.0,302.0,25.0,288.83,58.0,306.0,50.0,301.29,1.4300000000000068,72.0,75.0,0.2198181066722872,147,-3.0,-63.0,-0.02,301.0,5.0
2025-02-07 07:44:42,298.25,16.0,302.0,12.0,287.71,42.0,306.0,60.0,300.12,3.75,58.0,72.0,1.630383390501095,130,-14.0,-180.0,-0.11,301.0,
2025-02-07 07:44:49,298.0,30.0,304.29,14.0,285.0,10.0,306.47,17.0,301.14,6.2900000000000205,40.0,31.0,0.7588016868868005,71,9.0,-25.0,0.13,301.0,
2025-02-07 07:44:50,298.0,30.0,306.0,20.0,285.0,22.0,308.0,10.0,302.0,8.0,52.0,30.0,1.1957340841599768,82,22.0,11.0,0.27,301.0,
2025-02-07 07:44:58,298.0,22.0,306.0,77.0,285.78,18.0,309.0,22.0,302.0,8.0,40.0,99.0,5.067763806653413,139,-59.0,-26.0,-0.42,301.0,
2025-02-07 07:44:59,298.0,18.0,305.04,23.0,286.0,18.0,306.1,58.0,301.52,7.0400000000000205,36.0,81.0,5.469997257771289,117,-45.0,-22.0,-0.38,301.0,
2025-02-07 07:45:00,298.0,14.0,303.43,14.0,286.0,14.0,306.0,49.0,300.71,5.430000000000007,28.0,63.0,4.977022202082761,91,-35.0,-26.0,-0.38,301.0,
2025-02-07 07:45:01,299.49,69.0,302.14,28.0,292.64,33.0,306.0,98.0,300.82,2.6499999999999773,102.0,126.0,0.8295962873735253,228,-24.0,137.0,-0.11,301.0,
2025-02-07 07:45:02,300.23,106.0,304.28,29.0,299.0,36.0,332.73,44.0,302.25,4.0499999999999545,142.0,73.0,0.6876408946708479,215,69.0,-13.0,0.32,300.0,2.0
2025-02-07 07:45:03,301.0,137.0,306.21,29.0,298.21,28.0,307.83,36.0,303.6,5.20999999999998,165.0,65.0,1.1903150843468466,230,100.0,15.0,0.43,300.0,
2025-02-07 07:45:04,301.0,110.0,306.75,24.0,298.0,20.0,308.31,26.0,303.88,5.75,130.0,50.0,1.4912980922751282,180,80.0,-50.0,0.44,300.0,
2025-02-07 07:45:05,301.0,65.0,307.55,33.0,298.0,18.0,309.71,21.0,304.27,6.550000000000011,83.0,54.0,1.4191300151934974,137,29.0,-43.0,0.21,301.0,6.0
2025-02-07 07:45:06,301.0,75.0,304.97,58.0,298.0,32.0,306.43,70.0,302.98,3.9700000000000273,107.0,128.0,0.7946886182794467,235,-21.0,98.0,-0.09,301.0,1.0
2025-02-07 07:45:07,301.0,32.0,302.62,40.0,298.0,16.0,304.0,24.0,301.81,1.6200000000000043,48.0,64.0,0.9604009579456512,112,-16.0,-123.0,-0.14,301.0,
2025-02-07 07:45:08,301.0,16.0,302.0,20.0,298.0,8.0,304.0,12.0,301.5,1.0,24.0,32.0,1.2238341390985452,56,-8.0,-56.0,-0.14,301.0,
2025-02-07 07:45:09,301.0,27.0,302.0,45.0,298.0,18.0,306.67,27.0,301.5,1.0,45.0,72.0,1.2042300444779102,117,-27.0,61.0,-0.23,301.0,3.0
2025-02-07 07:45:10,300.0,6.0,302.0,25.0,297.8,10.0,312.0,15.0,301.0,2.0,16.0,40.0,0.7422398534325365,56,-24.0,-61.0,-0.43,301.0,1.0
2025-02-07 07:45:11,298.63,19.0,306.74,38.0,297.2,20.0,313.43,42.0,302.68,8.110000000000014,39.0,80.0,0.6209830915762276,119,-41.0,63.0,-0.34,300.0,3.0
2025-02-07 07:45:12,308.0,9.0,310.68,19.0,298.0,9.0,312.74,19.0,309.34,2.680000000000007,18.0,38.0,3.485323514399054,56,-20.0,-63.0,-0.36,300.0,
2025-02-07 07:45:13,302.0,5.0,309.75,8.0,297.25,8.0,311.38,13.0,305.88,7.75,13.0,21.0,3.500371408868304,34,-8.0,-22.0,-0.24,308.0,1.0
2025-02-07 07:45:14,298.0,9.0,309.33,30.0,297.0,18.0,313.03,33.0,303.67,11.329999999999984,27.0,63.0,3.2241401954664606,90,-36.0,56.0,-0.4,308.0,
2025-02-07 07:45:15,297.0,18.0,307.12,25.0,291.0,54.0,308.46,28.0,302.06,10.120000000000005,72.0,53.0,2.959287076311185,125,19.0,35.0,0.15,298.0,1.0
2025-02-07 07:45:17,303.0,90.0,304.0,27.0,288.94,79.0,309.0,45.0,303.5,1.0,169.0,72.0,2.788906595786812,241,97.0,119.0,0.4,298.0,
2025-02-07 07:45:18,303.0,45.0,304.0,18.0,302.0,24.0,309.67,27.0,303.5,1.0,69.0,45.0,2.261587937716196,114,24.0,-127.0,0.21,303.0,5.0
2025-02-07 07:45:19,303.38,48.0,309.24,34.0,302.56,54.0,310.84,55.0,306.31,5.860000000000014,102.0,89.0,2.903552995904021,191,13.0,77.0,0.07,304.0,3.0
2025-02-07 07:45:20,304.0,24.0,310.0,24.0,303.0,40.0,311.0,40.0,307.0,6.0,64.0,64.0,3.409809378839661,128,0.0,-63.0,0.0,304.0,
2025-02-07 07:45:21,304.0,27.0,310.0,27.0,303.0,45.0,311.0,45.0,307.0,6.0,72.0,72.0,1.813069220968217,144,0.0,16.0,0.0,304.0,
2025-02-07 07:45:22,303.56,27.0,310.0,27.0,302.61,41.0,311.0,45.0,306.78,6.439999999999998,68.0,72.0,1.4903757915445857,140,-4.0,-4.0,-0.03,303.6,5.0
2025-02-07 07:45:23,303.0,18.0,310.0,18.0,302.0,24.0,311.0,30.0,306.5,7.0,42.0,48.0,0.306952765131847,90,-6.0,-50.0,-0.07,303.6,
2025-02-07 07:45:24,303.0,24.0,310.0,27.0,302.0,32.0,311.0,40.0,306.5,7.0,56.0,67.0,0.250359741216685,123,-11.0,33.0,-0.09,303.6,
2025-02-07 07:45:25,303.0,27.0,310.0,33.0,302.0,36.0,311.0,45.0,306.5,7.0,63.0,78.0,0.227332355862723,141,-15.0,18.0,-0.11,303.6,
2025-02-07 07:45:26,303.52,31.0,310.0,21.0,302.23,26.0,311.0,35.0,306.76,6.480000000000018,57.0,56.0,0.148054044261213,113,1.0,-28.0,0.01,303.6,
2025-02-07 07:45:27,304.0,56.0,310.0,21.0,303.0,21.0,311.0,35.0,307.0,6.0,77.0,56.0,0.2247665456025428,133,21.0,20.0,0.16,303.6,
2025-02-07 07:45:28,304.0,88.0,308.83,41.0,303.0,33.0,310.94,53.0,306.41,4.829999999999984,121.0,94.0,0.2428579832373248,215,27.0,82.0,0.13,303.6,
2025-02-07 07:45:29,304.0,96.0,307.83,48.0,303.0,36.0,311.0,60.0,305.92,3.829999999999984,132.0,108.0,0.4063496032016238,240,24.0,25.0,0.1,303.6,
2025-02-07 07:45:30,304.0,98.0,308.24,71.0,302.31,58.0,311.45,60.0,306.12,4.240000000000009,156.0,131.0,0.4443197047421253,287,25.0,47.0,0.09,304.44,9.0
2025-02-07 07:45:31,304.57,28.0,311.0,50.0,302.7,60.0,314.0,30.0,307.79,6.430000000000007,88.0,80.0,0.7572119914674538,168,8.0,-119.0,0.05,304.44,
2025-02-07 07:45:32,308.0,38.0,312.68,82.0,304.0,57.0,315.97,73.0,310.34,4.680000000000007,95.0,155.0,1.8418278964175545,250,-60.0,82.0,-0.24,304.44,
2025-02-07 07:45:33,304.25,48.0,312.0,24.0,303.33,27.0,316.88,25.0,308.12,7.75,75.0,49.0,1.7895586048022676,124,26.0,-126.0,0.21,305.6,5.0
2025-02-07 07:45:34,303.0,168.0,308.77,26.0,302.0,42.0,316.68,38.0,305.88,5.769999999999982,210.0,64.0,1.7993332098368664,274,146.0,150.0,0.53,305.6,
2025-02-07 07:45:35,303.0,156.0,306.0,39.0,302.0,39.0,315.0,13.0,304.5,3.0,195.0,52.0,2.2364659621872107,247,143.0,-27.0,0.58,305.6,
2025-02-07 07:45:36,303.0,120.0,305.0,11.0,302.0,33.0,310.18,17.0,304.0,2.0,153.0,28.0,2.6448667263251986,181,125.0,-66.0,0.69,303.0,3.0
2025-02-07 07:45:37,303.0,119.0,309.07,14.0,302.0,42.0,316.4,35.0,306.04,6.069999999999993,161.0,49.0,1.6073331950850869,210,112.0,29.0,0.53,303.0,1.0
2025-02-07 07:45:38,303.0,48.0,314.0,6.0,302.0,18.0,317.0,24.0,308.5,11.0,66.0,30.0,1.7523355843052413,96,36.0,-114.0,0.38,303.0,
2025-02-07 07:45:39,303.0,80.0,314.0,10.0,302.0,34.0,317.0,40.0,308.5,11.0,114.0,50.0,2.1375967814399117,164,64.0,68.0,0.39,303.0,
2025-02-07 07:45:40,303.0,40.0,314.0,5.0,302.0,25.0,317.0,20.0,308.5,11.0,65.0,25.0,2.037969577796022,90,40.0,-74.0,0.44,303.0,
2025-02-07 07:45:41,303.0,120.0,312.05,43.0,302.0,85.0,315.59,49.0,307.52,9.050000000000011,205.0,92.0,1.0776455818226942,297,113.0,180.0,0.38,303.0,5.0
2025-02-07 07:45:42,303.0,30.0,309.5,30.0,302.0,50.0,315.0,50.0,306.25,6.5,80.0,80.0,0.9920080644944376,160,0.0,-137.0,0.0,303.0,
2025-02-07 07:45:43,303.0,45.0,308.2,45.0,302.0,75.0,314.11,55.0,305.6,5.199999999999989,120.0,100.0,1.3150589340490115,220,20.0,60.0,0.09,303.0,
2025-02-07 07:45:44,303.0,27.0,305.67,27.0,302.0,45.0,313.38,39.0,304.33,2.670000000000016,72.0,66.0,1.6281738236510186,138,6.0,-82.0,0.04,303.0,
2025-02-07 07:45:45,302.41,51.0,304.21,57.0,301.33,107.0,311.08,51.0,303.31,1.7999999999999543,158.0,108.0,1.6408747667090997,266,50.0,128.0,0.19,303.0,3.0
2025-02-07 07:45:46,302.0,85.0,303.65,85.0,301.0,204.0,312.0,33.0,302.82,1.6499999999999773,289.0,118.0,1.460537572273613,407,171.0,141.0,0.42,303.0,
2025-02-07 07:45:47,302.0,55.0,303.0,55.0,301.0,132.0,310.0,11.0,302.5,1.0,187.0,66.0,1.2622083821711334,253,121.0,-154.0,0.48,303.0,
2025-02-07 07:45:48,301.22,123.0,308.32,38.0,298.87,124.0,311.4,20.0,304.77,7.099999999999966,247.0,58.0,0.973360159459526,305,189.0,52.0,0.62,302.0,5.0
2025-02-07 07:45:49,302.39,154.0,308.81,42.0,301.0,180.0,312.13,30.0,305.6,6.420000000000016,334.0,72.0,1.329605204571276,406,262.0,101.0,0.65,302.0,1.0
2025-02-07 07:45:50,303.0,120.0,308.0,48.0,301.0,144.0,309.0,13.0,305.5,5.0,264.0,61.0,1.4800405399930456,325,203.0,-81.0,0.62,302.0,
2025-02-07 07:45:51,303.02,112.0,307.08,48.0,301.31,142.0,309.0,12.0,305.05,4.060000000000002,254.0,60.0,1.266503059618402,314,194.0,-11.0,0.62,302.0,
2025-02-07 07:45:52,303.62,176.0,306.76,68.0,301.27,83.0,308.41,17.0,305.19,3.1399999999999864,259.0,85.0,0.3372980877837557,344,174.0,30.0,0.51,302.0,
2025-02-07 07:45:53,304.0,80.0,306.0,32.0,303.0,11.0,308.0,8.0,305.0,2.0,91.0,40.0,0.2690167281463268,131,51.0,-180.0,0.39,302.0,
2025-02-07 07:45:54,304.0,76.0,305.21,29.0,303.0,16.0,309.36,11.0,304.6,1.2099999999999795,92.0,40.0,0.3261441399483001,132,52.0,1.0,0.39,304.0,4.0
2025-02-07 07:45:55,304.0,54.0,307.0,9.0,303.0,13.0,313.0,41.0,305.5,3.0,67.0,50.0,0.3261441399483001,117,17.0,-15.0,0.15,304.0,
2025-02-07 07:45:56,304.0,48.0,307.0,8.0,303.0,8.0,313.06,35.0,305.5,3.0,56.0,43.0,0.3779153344633902,99,13.0,-18.0,0.13,304.0,
2025-02-07 07:45:57,304.0,21.0,307.0,4.0,303.0,4.0,314.0,8.0,305.5,3.0,25.0,12.0,0.4086563348616451,37,13.0,-62.0,0.35,304.0,3.0
2025-02-07 07:45:58,300.0,36.0,312.6,10.0,298.0,66.0,317.2,20.0,306.3,12.600000000000025,102.0,30.0,0.601664358278307,132,72.0,95.0,0.55,303.75,4.0
2025-02-07 07:45:59,300.0,48.0,313.14,14.0,298.0,88.0,317.29,28.0,306.57,13.139999999999986,136.0,42.0,0.5209414554652724,178,94.0,46.0,0.53,303.75,
2025-02-07 07:46:00,302.73,132.0,305.72,81.0,299.64,110.0,308.44,18.0,304.22,2.990000000000009,242.0,99.0,0.915652772628574,341,143.0,163.0,0.42,303.75,
2025-02-07 07:46:01,303.0,50.0,304.67,75.0,301.0,60.0,308.0,15.0,303.83,1.670000000000016,110.0,90.0,1.2225915098766995,200,20.0,-141.0,0.1,303.0,4.0
2025-02-07 07:46:02,301.09,46.0,305.84,61.0,300.08,98.0,307.51,53.0,303.46,4.75,144.0,114.0,1.4514578877882778,258,30.0,58.0,0.12,301.67,3.0
2025-02-07 07:46:03,301.0,30.0,304.93,42.0,300.0,90.0,306.35,51.0,302.96,3.930000000000007,120.0,93.0,1.3999178547411844,213,27.0,-45.0,0.13,301.67,
2025-02-07 07:46:04,300.59,44.0,302.31,64.0,299.41,111.0,304.0,16.0,301.45,1.7200000000000273,155.0,80.0,1.075141851117178,235,75.0,22.0,0.32,301.0,2.0
2025-02-07 07:46:05,300.0,55.0,301.95,59.0,298.0,176.0,305.89,44.0,300.97,1.9499999999999889,231.0,103.0,1.2589400303525018,334,128.0,99.0,0.38,300.0,3.0
2025-02-07 07:46:08,300.0,22.0,313.0,11.0,298.0,121.0,315.0,44.0,306.5,13.0,143.0,55.0,2.5904980216213804,198,88.0,-180.0,0.44,300.0,
2025-02-07 07:46:09,300.0,18.0,306.1,29.0,298.0,99.0,314.67,24.0,303.05,6.100000000000023,117.0,53.0,2.612944698998444,170,64.0,-28.0,0.38,300.0,
2025-02-07 07:46:10,300.0,12.0,305.0,22.0,298.0,66.0,312.86,14.0,302.5,5.0,78.0,36.0,2.5111252457860123,114,42.0,-56.0,0.37,305.0,2.0
2025-02-07 07:46:11,300.0,20.0,312.0,60.0,298.11,45.0,315.0,40.0,306.0,12.0,65.0,100.0,2.6256903854078253,165,-35.0,51.0,-0.21,305.0,
2025-02-07 07:46:12,300.0,8.0,312.0,24.0,299.0,4.0,315.0,16.0,306.0,12.0,12.0,40.0,1.878962479673892,52,-28.0,-113.0,-0.54,305.0,
2025-02-07 07:46:13,298.95,38.0,312.0,78.0,295.42,85.0,315.0,52.0,305.47,13.050000000000011,123.0,130.0,1.6947949728573124,253,-7.0,180.0,-0.03,298.71,7.0
2025-02-07 07:46:14,298.0,18.0,310.57,42.0,295.0,171.0,313.36,44.0,304.29,12.569999999999991,189.0,86.0,1.488747795975604,275,103.0,22.0,0.37,298.71,
2025-02-07 07:46:15,298.0,18.0,310.53,45.0,295.0,171.0,312.2,30.0,304.27,12.529999999999973,189.0,75.0,0.8725995645322907,264,114.0,-11.0,0.43,298.71,
2025-02-07 07:46:16,298.0,28.0,307.86,37.0,295.0,266.0,309.77,57.0,302.93,9.860000000000014,294.0,94.0,1.1948305319259385,388,200.0,124.0,0.52,308.0,2.0
2025-02-07 07:46:53,299.56,27.0,301.92,24.0,295.25,16.0,303.56,27.0,300.74,2.3600000000000136,43.0,51.0,0.3979949748700711,94,-8.0,-5.0,-0.09,301.0,2.0
2025-02-07 07:47:21,299.02,66.0,333.16,67.0,296.94,79.0,498.81,37.0,316.09,34.14000000000004,145.0,104.0,9.238686594967138,249,41.0,129.0,0.16,306.0,1.0
2025-02-07 07:47:22,304.96,47.0,306.0,20.0,303.1,20.0,334.0,50.0,305.48,1.0400000000000205,67.0,70.0,8.52611283059429,137,-3.0,-112.0,-0.02,306.0,
2025-02-07 07:47:23,305.0,23.0,342.36,33.0,304.0,88.0,407.33,27.0,323.68,37.360000000000014,111.0,60.0,10.437030228950311,171,51.0,34.0,0.3,305.0,5.0
2025-02-07 07:47:24,304.02,43.0,306.0,28.0,302.94,17.0,372.09,23.0,305.01,1.9800000000000184,60.0,51.0,8.120459962343377,111,9.0,-60.0,0.08,304.2,5.0
2025-02-07 07:47:25,304.0,42.0,306.0,24.0,301.0,6.0,342.0,12.0,305.0,2.0,48.0,36.0,8.500404108042279,84,12.0,-27.0,0.14,304.2,
2025-02-07 07:47:26,304.08,53.0,306.0,31.0,303.4,35.0,428.82,50.0,305.04,1.920000000000016,88.0,81.0,8.297133239862017,169,7.0,85.0,0.04,306.0,2.0
2025-02-07 07:47:27,303.1,80.0,305.4,35.0,298.4,50.0,407.73,30.0,304.25,2.2999999999999545,130.0,65.0,8.438757609981653,195,65.0,26.0,0.33,303.22,9.0
2025-02-07 07:47:28,299.14,42.0,305.0,31.0,297.0,91.0,308.0,14.0,302.07,5.860000000000014,133.0,45.0,1.2760995259089678,178,88.0,-17.0,0.49,303.22,
2025-02-07 07:47:29,299.0,66.0,305.0,33.0,265.52,73.0,308.0,22.0,302.0,6.0,139.0,55.0,1.5273408264121435,194,84.0,16.0,0.43,303.22,
2025-02-07 07:47:30,299.71,28.0,305.0,12.0,297.12,32.0,308.0,12.0,302.36,5.2900000000000205,60.0,24.0,1.4048950138802143,84,36.0,-110.0,0.43,305.0,2.0
2025-02-07 07:47:31,304.0,16.0,305.0,8.0,296.57,63.0,307.87,15.0,304.5,1.0,79.0,23.0,1.2329355214387727,102,56.0,18.0,0.55,305.0,
2025-02-07 07:47:32,297.14,28.0,304.71,7.0,294.75,32.0,305.83,6.0,300.93,7.569999999999993,60.0,13.0,1.3074287743604545,73,47.0,-29.0,0.64,304.0,2.0
2025-02-07 07:47:33,296.29,63.0,303.46,26.0,294.45,80.0,305.0,23.0,299.87,7.169999999999959,143.0,49.0,1.7348112289312103,192,94.0,119.0,0.49,304.0,
2025-02-07 07:47:34,298.6,30.0,303.0,20.0,294.0,68.0,305.0,17.0,300.8,4.399999999999977,98.0,37.0,1.804652321092877,135,61.0,-57.0,0.45,304.0,
2025-02-07 07:47:35,300.0,39.0,302.14,29.0,292.31,128.0,303.0,24.0,301.07,2.1399999999999864,167.0,53.0,1.7772816321635725,220,114.0,85.0,0.52,304.0,
2025-02-07 07:47:42,296.0,14.0,304.0,14.0,288.0,56.0,305.0,14.0,300.0,8.0,70.0,28.0,1.566310952533848,98,42.0,-4.0,0.43,304.0,
2025-02-07 07:47:48,297.73,22.0,302.9,31.0,290.67,49.0,303.54,26.0,300.32,5.169999999999959,71.0,57.0,5.933942197226669,128,14.0,-101.0,0.11,304.0,
2025-02-07 07:47:49,299.96,46.0,302.0,12.0,293.17,46.0,303.0,48.0,300.98,2.0400000000000205,92.0,60.0,5.420250916703632,152,32.0,24.0,0.21,304.0,
2025-02-07 07:47:50,301.0,16.0,302.8,20.0,291.75,64.0,303.67,24.0,301.9,1.8000000000000114,80.0,44.0,3.2407128845403075,124,36.0,-28.0,0.29,302.0,1.0
2025-02-07 07:47:51,301.6,20.0,303.0,32.0,290.71,56.0,305.0,16.0,302.3,1.3999999999999773,76.0,48.0,1.6965258618794803,124,28.0,0.0,0.23,302.0,
2025-02-07 07:47:52,302.0,27.0,303.0,26.0,290.41,68.0,305.0,18.0,302.5,1.0,95.0,44.0,0.9236882591141916,139,51.0,15.0,0.37,303.0,2.0
2025-02-07 07:47:55,295.08,12.0,315.67,27.0,292.0,156.0,321.57,21.0,305.38,20.590000000000032,168.0,48.0,2.880732545729547,216,120.0,107.0,0.56,307.0,4.0
2025-02-07 07:47:56,302.32,66.0,337.0,60.0,300.62,104.0,376.74,46.0,319.66,34.68000000000001,170.0,106.0,8.691024105364335,276,64.0,60.0,0.23,307.0,
2025-02-07 07:47:57,310.0,24.0,337.0,36.0,304.15,26.0,446.26,46.0,323.5,27.0,50.0,82.0,11.738777619497776,132,-32.0,-144.0,-0.24,307.0,
2025-02-07 07:48:00,303.0,27.0,326.35,20.0,302.0,45.0,358.82,22.0,314.68,23.350000000000023,72.0,42.0,12.886248484334466,114,30.0,-12.0,0.26,307.0,
2025-02-07 07:48:01,303.0,42.0,314.53,34.0,302.0,70.0,315.33,36.0,308.76,11.529999999999973,112.0,70.0,15.391731546515931,182,42.0,68.0,0.23,307.0,
2025-02-07 07:48:02,303.0,45.0,313.33,30.0,302.0,75.0,315.0,45.0,308.17,10.329999999999984,120.0,75.0,17.435294089863113,195,45.0,13.0,0.23,307.0,
2025-02-07 07:48:03,303.0,42.0,311.35,31.0,302.0,70.0,313.23,39.0,307.18,8.350000000000023,112.0,70.0,15.864192384108916,182,42.0,-13.0,0.23,307.0,
2025-02-07 07:48:04,303.0,51.0,307.81,47.0,302.0,85.0,318.35,51.0,305.4,4.810000000000002,136.0,98.0,3.505355902048217,234,38.0,52.0,0.16,307.0,
2025-02-07 07:48:05,302.92,87.0,305.0,48.0,301.78,64.0,311.91,46.0,303.96,2.079999999999984,151.0,94.0,1.9894923975792285,245,57.0,11.0,0.23,303.0,8.0
2025-02-07 07:48:07,305.0,30.0,331.0,20.0,302.0,50.0,457.14,28.0,318.0,26.0,80.0,48.0,26.30399741484205,128,32.0,-8.0,0.25,303.0,
2025-02-07 07:48:08,305.0,9.0,330.44,16.0,302.0,35.0,436.83,24.0,317.72,25.44,44.0,40.0,25.413391745298696,84,4.0,-44.0,0.05,305.0,2.0
2025-02-07 07:48:09,302.14,42.0,326.82,39.0,300.4,50.0,351.97,39.0,314.48,24.680000000000007,92.0,78.0,24.204503713152526,170,14.0,86.0,0.08,302.5,6.0
2025-02-07 07:48:10,300.0,32.0,319.91,11.0,298.0,16.0,321.62,29.0,309.95,19.910000000000025,48.0,40.0,23.083208615788525,88,8.0,-82.0,0.09,302.5,
2025-02-07 07:48:11,300.0,24.0,311.17,6.0,298.0,12.0,317.89,9.0,305.58,11.170000000000016,36.0,15.0,5.332005251312497,51,21.0,-37.0,0.41,302.5,
2025-02-07 07:48:12,300.0,32.0,308.5,14.0,298.0,16.0,312.12,8.0,304.25,8.5,48.0,22.0,5.733369864227017,70,26.0,19.0,0.37,302.5,
2025-02-07 07:48:13,300.0,40.0,305.56,16.0,298.0,20.0,307.05,20.0,302.78,5.560000000000002,60.0,36.0,4.77514083562246,96,24.0,26.0,0.25,302.5,
2025-02-07 07:48:14,299.03,29.0,310.7,23.0,296.53,19.0,464.14,22.0,304.87,11.670000000000016,48.0,45.0,2.700264801835329,93,3.0,-3.0,0.03,301.33,6.0
2025-02-07 07:48:15,298.0,12.0,313.5,16.0,294.0,6.0,315.0,8.0,305.75,15.5,18.0,24.0,1.2020940063204355,42,-6.0,-51.0,-0.14,301.33,
2025-02-07 07:48:16,298.67,18.0,312.58,24.0,295.6,10.0,313.19,31.0,305.62,13.909999999999968,28.0,55.0,1.2099710740474443,83,-27.0,41.0,-0.33,301.33,
2025-02-07 07:48:17,300.0,33.0,309.67,24.0,298.0,22.0,311.54,48.0,304.83,9.670000000000016,55.0,72.0,1.189180390029808,127,-17.0,44.0,-0.13,301.33,
2025-02-07 07:48:18,300.07,29.0,306.0,36.0,298.5,24.0,310.31,39.0,303.03,5.930000000000007,53.0,75.0,1.0853110153460237,128,-22.0,1.0,-0.17,305.0,2.0
2025-02-07 07:48:19,300.83,81.0,304.8,70.0,299.71,96.0,312.0,18.0,302.81,3.9700000000000273,177.0,88.0,1.4053896257023213,265,89.0,137.0,0.34,304.0,2.0
2025-02-07 07:48:20,303.0,27.0,309.0,12.0,300.0,110.0,316.05,41.0,306.0,6.0,137.0,53.0,1.4681178426923591,190,84.0,-75.0,0.44,303.67,3.0
2025-02-07 07:48:21,303.46,13.0,310.0,8.0,300.17,53.0,318.0,32.0,306.73,6.5400000000000205,66.0,40.0,1.7454798767191593,106,26.0,-84.0,0.25,303.67,
2025-02-07 07:48:22,305.0,10.0,310.0,10.0,303.0,10.0,318.0,40.0,307.5,5.0,20.0,50.0,2.161649832889485,70,-30.0,-36.0,-0.43,303.67,
2025-02-07 07:48:23,305.0,12.0,310.0,12.0,303.0,12.0,318.0,52.0,307.5,5.0,24.0,64.0,1.9461937210952285,88,-40.0,18.0,-0.45,302.0,4.0
2025-02-07 07:48:24,300.0,7.0,310.0,7.0,299.0,7.0,318.0,56.0,305.0,10.0,14.0,63.0,1.0656359603683527,77,-49.0,-11.0,-0.64,302.0,
2025-02-07 07:48:25,300.36,28.0,310.0,11.0,299.77,26.0,318.0,88.0,305.18,9.639999999999986,54.0,99.0,1.222260201442514,153,-45.0,76.0,-0.29,302.0,
2025-02-07 07:48:26,301.09,22.0,310.0,11.0,300.0,49.0,318.0,88.0,305.55,8.910000000000025,71.0,99.0,1.2518306594865212,170,-28.0,17.0,-0.16,302.0,
2025-02-07 07:48:27,302.0,20.0,310.0,10.0,300.0,50.0,318.0,80.0,306.0,8.0,70.0,90.0,1.0007896882116016,160,-20.0,-10.0,-0.12,302.0,
2025-02-07 07:48:28,302.86,28.0,309.11,19.0,300.49,49.0,316.7,43.0,305.98,6.25,77.0,62.0,0.4545547272121344,139,15.0,-21.0,0.11,302.0,
2025-02-07 07:48:29,304.0,24.0,308.33,15.0,302.92,24.0,315.48,21.0,306.17,4.329999999999984,48.0,36.0,0.404141064519234,84,12.0,-55.0,0.14,302.0,
2025-02-07 07:48:30,304.0,16.0,307.0,8.0,303.0,16.0,312.25,8.0,305.5,3.0,32.0,16.0,0.2974054472108607,48,16.0,-36.0,0.33,302.0,
2025-02-07 07:48:31,304.75,16.0,307.0,11.0,303.42,24.0,315.6,20.0,305.88,2.25,40.0,31.0,0.2497598847506383,71,9.0,23.0,0.13,302.0,
2025-02-07 07:48:32,304.11,75.0,306.0,18.0,303.44,72.0,310.93,60.0,305.05,1.8899999999999864,147.0,78.0,0.4452302775314775,225,69.0,154.0,0.31,304.5,4.0
2025-02-07 07:48:33,304.0,50.0,306.0,10.0,303.0,40.0,311.0,50.0,305.0,2.0,90.0,60.0,0.5108326536458675,150,30.0,-75.0,0.2,304.5,
2025-02-07 07:48:34,304.0,32.0,306.0,8.0,303.0,32.0,311.0,40.0,305.0,2.0,64.0,48.0,0.3930394382641743,112,16.0,-38.0,0.14,304.0,2.0
2025-02-07 07:48:35,304.0,30.0,305.3,10.0,303.0,40.0,311.0,50.0,304.65,1.3000000000000114,70.0,60.0,0.4561030585636551,130,10.0,18.0,0.08,304.0,
2025-02-07 07:48:36,304.0,39.0,308.33,21.0,303.0,52.0,312.25,63.0,306.17,4.329999999999984,91.0,84.0,0.5793358266420987,175,7.0,45.0,0.04,305.0,1.0
2025-02-07 07:48:37,304.0,21.0,312.0,35.0,303.0,28.0,314.0,28.0,308.0,8.0,49.0,63.0,1.3759469466628125,112,-14.0,-63.0,-0.12,305.0,
2025-02-07 07:48:38,304.48,29.0,312.0,55.0,303.47,38.0,314.3,40.0,308.24,7.519999999999982,67.0,95.0,1.6598403537781512,162,-28.0,50.0,-0.17,305.0,1.0
2025-02-07 07:48:39,305.36,28.0,310.35,23.0,303.89,37.0,314.22,45.0,307.85,4.990000000000009,65.0,68.0,1.5386585066316991,133,-3.0,-29.0,-0.02,305.0,2.0
2025-02-07 07:48:40,307.93,28.0,310.0,39.0,303.89,37.0,311.0,13.0,308.96,2.069999999999993,65.0,52.0,1.0282169032016462,117,13.0,-16.0,0.11,309.0,2.0
2025-02-07 07:48:41,304.0,42.0,309.75,28.0,303.0,28.0,310.25,28.0,306.88,5.75,70.0,56.0,0.7508528484526924,126,14.0,9.0,0.11,309.0,
2025-02-07 07:48:42,303.78,18.0,307.07,42.0,302.83,24.0,309.0,14.0,305.42,3.2900000000000205,42.0,56.0,1.3700364958751363,98,-14.0,-28.0,-0.14,303.75,4.0
2025-02-07 07:48:43,303.0,9.0,305.0,9.0,302.0,9.0,306.0,27.0,304.0,2.0,18.0,36.0,1.9596224126168655,54,-18.0,-44.0,-0.33,303.75,
2025-02-07 07:48:44,300.36,22.0,305.96,25.0,299.28,32.0,311.82,11.0,303.16,5.599999999999966,54.0,36.0,2.315098270059146,90,18.0,36.0,0.2,301.5,4.0
2025-02-07 07:48:45,299.0,74.0,304.33,12.0,298.0,132.0,305.97,31.0,301.67,5.329999999999984,206.0,43.0,2.0118349833005347,249,163.0,159.0,0.65,301.5,
2025-02-07 07:48:46,299.0,13.0,303.22,23.0,298.0,156.0,306.69,29.0,301.11,4.220000000000027,169.0,52.0,1.7462159087674862,221,117.0,-28.0,0.53,301.5,
2025-02-07 07:48:47,299.0,17.0,302.94,17.0,298.0,204.0,306.57,23.0,300.97,3.9399999999999977,221.0,40.0,1.3362148031036245,261,181.0,40.0,0.69,301.5,
2025-02-07 07:48:48,299.0,13.0,302.0,8.0,298.0,96.0,303.0,8.0,300.5,3.0,109.0,16.0,1.0266304106316828,125,93.0,-136.0,0.74,301.5,
2025-02-07 07:48:50,298.41,41.0,303.31,13.0,297.91,138.0,310.74,19.0,300.86,4.899999999999977,179.0,32.0,0.4118616272905053,211,147.0,35.0,0.7,299.0,3.0
2025-02-07 07:48:51,299.82,17.0,313.2,41.0,297.56,123.0,314.2,50.0,306.51,13.379999999999995,140.0,91.0,2.6631616548819,231,49.0,20.0,0.21,299.0,
2025-02-07 07:48:52,304.77,30.0,312.95,42.0,300.72,36.0,313.62,16.0,308.86,8.180000000000007,66.0,58.0,4.040263605265364,124,8.0,-107.0,0.06,299.0,
2025-02-07 07:48:53,303.0,54.0,310.43,14.0,302.0,14.0,312.48,27.0,306.71,7.430000000000007,68.0,41.0,3.891507420014852,109,27.0,-15.0,0.25,303.0,2.0
2025-02-07 07:48:54,304.0,15.0,308.95,22.0,302.96,27.0,310.21,38.0,306.48,4.949999999999989,42.0,60.0,2.98020636869821,102,-18.0,-7.0,-0.18,308.0,1.0
2025-02-07 07:48:55,305.0,14.0,309.0,14.0,303.0,28.0,310.0,70.0,307.0,4.0,42.0,84.0,0.9989344322968968,126,-42.0,24.0,-0.33,308.0,
2025-02-07 07:48:56,302.52,29.0,307.71,14.0,299.69,49.0,310.0,70.0,305.12,5.189999999999998,78.0,84.0,1.3426391920499547,162,-6.0,36.0,-0.04,302.8,5.0
2025-02-07 07:48:57,301.0,60.0,308.0,10.0,297.0,90.0,311.41,34.0,304.5,7.0,150.0,44.0,1.0899174280785189,194,106.0,32.0,0.55,307.0,1.0
2025-02-07 07:48:58,301.0,12.0,312.0,2.0,297.0,18.0,314.0,10.0,306.5,11.0,30.0,12.0,1.0574497624139565,42,18.0,-152.0,0.43,307.0,
2025-02-07 07:48:59,308.11,54.0,312.0,9.0,300.37,57.0,314.0,45.0,310.06,3.8899999999999855,111.0,54.0,2.164227344811237,165,57.0,123.0,0.35,307.0,
2025-02-07 07:49:00,309.0,60.0,313.67,30.0,301.0,60.0,314.89,45.0,311.33,4.670000000000016,120.0,75.0,3.036728502851033,195,45.0,30.0,0.23,307.0,
2025-02-07 07:49:01,309.0,60.0,312.0,10.0,301.0,60.0,314.7,46.0,310.5,3.0,120.0,56.0,2.933090520257937,176,64.0,-19.0,0.36,307.0,
2025-02-07 07:49:02,309.0,30.0,312.0,8.0,301.0,48.0,316.0,32.0,310.5,3.0,78.0,40.0,1.8891850094752465,118,38.0,-58.0,0.32,309.0,4.0
2025-02-07 07:49:03,309.0,18.0,311.14,29.0,301.0,54.0,315.05,21.0,310.07,2.1399999999999864,72.0,50.0,0.5164978218979854,122,22.0,4.0,0.18,309.0,
2025-02-07 07:49:04,309.0,10.0,311.0,25.0,302.6,30.0,312.0,5.0,310.0,2.0,40.0,30.0,0.5295753015628416,70,10.0,-52.0,0.14,309.0,
2025-02-07 07:49:05,307.93,30.0,310.13,61.0,304.38,78.0,313.0,13.0,309.03,2.1999999999999886,108.0,74.0,0.6007911450960265,182,34.0,112.0,0.19,308.67,9.0
2025-02-07 07:49:06,305.0,32.0,313.0,8.0,301.0,48.0,316.0,8.0,309.0,8.0,80.0,16.0,0.6715281081429545,96,64.0,-86.0,0.67,308.67,
2025-02-07 07:49:07,305.0,52.0,311.77,39.0,301.0,78.0,314.38,13.0,308.38,6.769999999999982,130.0,52.0,0.7232081305035407,182,78.0,86.0,0.43,308.67,
2025-02-07 07:49:08,305.0,64.0,310.1,30.0,301.0,60.0,312.5,30.0,307.55,5.100000000000023,124.0,60.0,0.9043616533372226,184,64.0,2.0,0.35,308.67,
2025-02-07 07:49:09,305.0,80.0,310.0,24.0,301.0,48.0,312.0,40.0,307.5,5.0,128.0,64.0,0.7469069554015645,192,64.0,8.0,0.33,308.67,
2025-02-07 07:49:10,305.0,70.0,309.5,28.0,301.0,60.0,312.12,48.0,307.25,4.5,130.0,76.0,0.7312523504423998,206,54.0,14.0,0.26,305.0,3.0
2025-02-07 07:49:11,305.0,105.0,306.98,41.0,301.62,78.0,308.32,19.0,305.99,1.9800000000000184,183.0,60.0,0.8633828814772896,243,123.0,37.0,0.51,305.0,
2025-02-07 07:49:12,303.24,41.0,306.0,30.0,301.14,58.0,308.0,10.0,304.62,2.759999999999991,99.0,40.0,1.2674659758860107,139,59.0,-104.0,0.42,305.0,7.0
2025-02-07 07:49:13,303.5,56.0,306.14,37.0,301.98,82.0,311.89,45.0,304.82,2.6399999999999864,138.0,82.0,1.3325651954141464,220,56.0,81.0,0.25,304.0,3.0
2025-02-07 07:49:14,303.0,60.0,306.1,21.0,301.0,90.0,311.51,35.0,304.55,3.1000000000000227,150.0,56.0,1.164830459779287,206,94.0,-14.0,0.46,304.0,
2025-02-07 07:49:15,303.0,48.0,305.92,12.0,300.91,66.0,308.0,12.0,304.46,2.920000000000016,114.0,24.0,0.630134906214591,138,90.0,-68.0,0.65,304.0,
2025-02-07 07:49:16,303.0,52.0,304.62,13.0,300.0,39.0,306.85,13.0,303.81,1.6200000000000043,91.0,26.0,0.3825833242973626,117,65.0,-21.0,0.56,304.0,
2025-02-07 07:49:17,303.0,49.0,304.23,13.0,300.74,43.0,312.2,25.0,303.62,1.2300000000000182,92.0,38.0,0.5122206556071226,130,54.0,13.0,0.42,303.0,1.0
2025-02-07 07:49:18,303.0,24.0,305.0,8.0,302.0,32.0,317.0,40.0,304.0,2.0,56.0,48.0,0.4049320931103655,104,8.0,-26.0,0.08,303.0,
2025-02-07 07:49:19,303.0,33.0,304.36,11.0,302.0,44.0,317.0,55.0,303.68,1.3600000000000136,77.0,66.0,0.3382011236393042,143,11.0,39.0,0.08,303.0,
2025-02-07 07:49:20,303.0,25.0,316.06,48.0,302.0,48.0,318.82,111.0,309.53,13.060000000000002,73.0,159.0,2.576716903353948,232,-86.0,89.0,-0.37,303.0,1.0
2025-02-07 07:49:21,303.0,22.0,316.0,44.0,302.0,50.0,318.92,102.0,309.5,13.0,72.0,146.0,3.1518216954689784,218,-74.0,-14.0,-0.34,303.0,
2025-02-07 07:49:22,303.0,26.0,315.92,52.0,302.0,52.0,318.0,52.0,309.46,12.920000000000016,78.0,104.0,3.1004483546783743,182,-26.0,-36.0,-0.14,303.0,
2025-02-07 07:49:23,303.0,20.0,315.0,40.0,302.0,40.0,318.0,40.0,309.0,12.0,60.0,80.0,2.554952054349923,140,-20.0,-42.0,-0.14,303.0,
2025-02-07 07:49:24,303.0,16.0,314.12,32.0,302.0,32.0,318.0,32.0,308.56,11.120000000000005,48.0,64.0,0.4229657196818688,112,-16.0,-28.0,-0.14,303.0,
2025-02-07 07:49:25,302.62,32.0,313.08,52.0,301.63,49.0,317.96,46.0,307.85,10.45999999999998,81.0,98.0,0.6888976702140157,179,-17.0,67.0,-0.09,303.0,
2025-02-07 07:49:26,302.96,94.0,311.44,64.0,301.9,63.0,316.28,36.0,307.2,8.480000000000018,157.0,100.0,0.9014876593868044,257,57.0,78.0,0.22,303.0,
2025-02-07 07:49:27,307.61,76.0,310.24,42.0,302.94,64.0,315.59,59.0,308.92,2.6299999999999955,140.0,101.0,0.7671896766946281,241,39.0,-16.0,0.16,303.0,
2025-02-07 07:49:28,307.5,54.0,308.71,28.0,303.0,84.0,312.87,23.0,308.11,1.2099999999999795,138.0,51.0,0.6619441064220979,189,87.0,-52.0,0.46,308.0,4.0
2025-02-07 07:49:29,304.47,57.0,308.0,26.0,302.78,54.0,317.6,52.0,306.24,3.5299999999999727,111.0,78.0,1.006742270905188,189,33.0,0.0,0.17,307.0,3.0
2025-02-07 07:49:30,303.0,78.0,305.93,14.0,302.0,26.0,309.55,29.0,304.46,2.930000000000007,104.0,43.0,1.7310921408255298,147,61.0,-42.0,0.41,307.0,
2025-02-07 07:49:31,303.0,60.0,313.36,33.0,302.0,20.0,315.92,39.0,308.18,10.360000000000014,80.0,72.0,1.8148333256880007,152,8.0,5.0,0.05,304.33,3.0
2025-02-07 07:49:32,303.0,66.0,316.39,79.0,302.0,22.0,317.11,45.0,309.7,13.389999999999986,88.0,124.0,2.023146064926508,212,-36.0,60.0,-0.17,304.33,
2025-02-07 07:49:33,303.0,54.0,317.0,67.0,302.0,18.0,318.0,9.0,310.0,14.0,72.0,76.0,2.353100082875212,148,-4.0,-64.0,-0.03,304.33,
2025-02-07 07:49:34,303.0,38.0,317.0,77.0,302.0,14.0,318.0,7.0,310.0,14.0,52.0,84.0,2.364258869080705,136,-32.0,-12.0,-0.24,303.0,4.0
2025-02-07 07:49:35,304.75,12.0,317.0,77.0,302.43,14.0,318.0,7.0,310.88,12.25,26.0,84.0,0.9835242752600314,110,-58.0,-26.0,-0.53,303.0,
2025-02-07 07:49:36,308.25,8.0,317.0,77.0,303.0,12.0,318.0,7.0,312.62,8.75,20.0,84.0,1.191721443973002,104,-64.0,-6.0,-0.62,307.0,2.0
2025-02-07 07:49:37,304.33,18.0,317.0,77.0,302.57,14.0,318.0,7.0,310.67,12.670000000000016,32.0,84.0,1.0735362127217385,116,-52.0,12.0,-0.45,307.0,
2025-02-07 07:49:38,305.0,33.0,317.0,121.0,303.0,22.0,318.0,11.0,311.0,12.0,55.0,132.0,0.9672021505480456,187,-77.0,71.0,-0.41,307.0,
2025-02-07 07:49:39,305.0,27.0,315.2,71.0,303.0,18.0,317.13,30.0,310.1,10.199999999999989,45.0,101.0,0.9411588601425002,146,-56.0,-41.0,-0.38,307.0,
2025-02-07 07:49:40,305.0,30.0,308.86,28.0,303.31,26.0,312.27,30.0,306.93,3.8600000000000136,56.0,58.0,2.085648580184447,114,-2.0,-32.0,-0.02,307.0,
2025-02-07 07:49:41,305.93,45.0,308.0,12.0,304.8,41.0,312.43,47.0,306.97,2.069999999999993,86.0,59.0,2.0195865913662434,145,27.0,31.0,0.19,306.0,5.0
2025-02-07 07:49:42,306.0,34.0,307.41,17.0,305.0,51.0,315.32,38.0,306.71,1.410000000000025,85.0,55.0,2.0429806656028475,140,30.0,-5.0,0.21,306.0,
2025-02-07 07:49:43,306.16,25.0,309.29,17.0,305.02,43.0,313.27,30.0,307.73,3.1299999999999955,68.0,47.0,1.402326638136661,115,21.0,-25.0,0.18,307.33,3.0
2025-02-07 07:49:44,305.0,45.0,311.53,15.0,304.0,120.0,313.0,30.0,308.27,6.529999999999973,165.0,45.0,0.6552251521637286,210,120.0,95.0,0.57,307.33,
2025-02-07 07:49:45,305.57,63.0,311.0,17.0,304.05,126.0,312.24,34.0,308.29,5.430000000000007,189.0,51.0,0.7298492995322394,240,138.0,30.0,0.57,307.33,
2025-02-07 07:49:46,305.71,63.0,309.16,25.0,304.18,68.0,311.07,15.0,307.44,3.450000000000045,131.0,40.0,0.6559115794279011,171,91.0,-69.0,0.53,307.33,
2025-02-07 07:49:47,306.0,108.0,308.32,28.0,304.83,47.0,314.45,33.0,307.16,2.319999999999993,155.0,61.0,0.5006695517279722,216,94.0,45.0,0.44,306.0,3.0
2025-02-07 07:49:48,306.0,72.0,307.42,12.0,305.0,36.0,317.05,20.0,306.71,1.420000000000016,108.0,32.0,0.695147466389498,140,76.0,-76.0,0.54,306.0,
2025-02-07 07:49:49,306.0,58.0,307.0,12.0,305.0,36.0,316.33,12.0,306.5,1.0,94.0,24.0,0.7027446193519866,118,70.0,-22.0,0.59,306.0,2.0
2025-02-07 07:49:50,306.0,48.0,307.0,12.0,305.0,36.0,314.29,21.0,306.5,1.0,84.0,33.0,0.4207374478562498,117,51.0,-1.0,0.44,306.0,
