DateTime,Bid1_Price,Bid1_Volume,Ask1_Price,Ask1_Volume,Bid2_Price,Bid2_Volume,Ask2_Price,Ask2_Volume,Mid-Price,Bid_Ask_Spread,Market_Depth_Bid,Market_Depth_Ask,Historical_Volatility,Total_volume,Cumulative_Volume_Difference,Total_Volume_Change_Corrected,Order_imbalance,Weighted_Avg_Price,Trade_Volume
2025-03-25 07:30:14,149.0,60.0,150.43,14.0,148.0,6.0,152.25,16.0,149.71,1.4300000000000068,66.0,30.0,2.2826256810954524,96,36.0,-64.0,0.38,150.0,1.0
2025-03-25 07:30:15,149.0,61.0,150.33,18.0,148.0,9.0,155.42,33.0,149.67,1.3300000000000125,70.0,51.0,1.614196394493712,121,19.0,25.0,0.16,149.0,5.0
2025-03-25 07:30:16,149.0,25.0,153.0,16.0,148.0,8.0,156.0,40.0,151.0,4.0,33.0,56.0,0.831426485022264,89,-23.0,-32.0,-0.26,149.0,3.0
2025-03-25 07:30:17,149.0,14.0,153.0,14.0,148.0,7.0,156.0,35.0,151.0,4.0,21.0,49.0,0.6860247808909508,70,-28.0,-19.0,-0.4,149.0,
2025-03-25 07:30:18,149.0,16.0,150.62,32.0,148.0,8.0,152.93,30.0,149.81,1.6200000000000043,24.0,62.0,0.6974740138503187,86,-38.0,16.0,-0.44,149.0,2.0
2025-03-25 07:30:19,148.0,8.0,150.0,40.0,144.0,8.0,151.0,32.0,149.0,2.0,16.0,72.0,0.8801874800271127,88,-56.0,2.0,-0.64,149.0,
2025-03-25 07:30:20,144.83,12.0,149.1,41.0,142.34,35.0,150.47,38.0,146.97,4.269999999999982,47.0,79.0,1.6756580796798894,126,-32.0,38.0,-0.25,148.0,1.0
2025-03-25 07:30:21,143.0,20.0,146.8,44.0,142.0,90.0,147.85,34.0,144.9,3.8000000000000114,110.0,78.0,2.4177737693995542,188,32.0,62.0,0.17,148.0,
2025-03-25 07:30:22,141.43,98.0,147.4,113.0,134.67,131.0,150.03,94.0,144.41,5.969999999999999,229.0,207.0,2.398618352301292,436,22.0,169.5,0.05,141.23,13.0
2025-03-25 07:30:23,144.0,22.0,150.0,110.0,138.55,62.0,151.73,55.0,147.0,6.0,84.0,165.0,1.8465725006066132,249,-81.0,-170.5,-0.33,141.23,
2025-03-25 07:30:24,144.0,34.0,149.75,107.0,143.0,102.0,150.31,130.0,146.87,5.75,136.0,237.0,1.2680102523231234,373,-101.0,124.0,-0.27,141.23,
2025-03-25 07:30:25,145.67,30.0,149.0,45.0,143.68,38.0,150.0,110.0,147.33,3.3300000000000125,68.0,155.0,1.3427471839466123,223,-87.0,-150.0,-0.39,141.23,
2025-03-25 07:30:26,146.79,28.0,149.17,47.0,143.81,32.0,150.06,111.0,147.98,2.3799999999999955,60.0,158.0,1.359841902574176,218,-98.0,-5.0,-0.45,148.0,2.0
2025-03-25 07:30:27,144.0,28.0,146.71,14.0,143.0,84.0,150.0,112.0,145.36,2.710000000000008,112.0,126.0,0.9661107596940128,238,-14.0,20.0,-0.06,148.0,
2025-03-25 07:30:28,144.0,27.0,148.77,43.0,143.0,96.0,150.28,123.0,146.38,4.77000000000001,123.0,166.0,0.9908228903272982,289,-43.0,51.0,-0.15,144.0,1.0
2025-03-25 07:30:29,144.0,17.0,147.54,28.0,143.0,102.0,149.4,55.0,145.77,3.539999999999992,119.0,83.0,1.0846335786783166,202,36.0,-87.0,0.18,144.0,
2025-03-25 07:30:30,143.08,59.0,149.41,41.0,142.62,48.0,150.69,65.0,146.25,6.329999999999984,107.0,106.0,0.998033065582762,213,1.0,11.0,0.0,144.0,1.0
2025-03-25 07:30:31,143.0,78.0,150.0,52.0,142.0,26.0,151.0,65.0,146.5,7.0,104.0,117.0,0.4758886424328141,221,-13.0,8.0,-0.06,144.0,
2025-03-25 07:30:32,143.0,54.0,150.0,76.0,142.0,23.0,151.91,53.0,146.5,7.0,77.0,129.0,0.3032325839954216,206,-52.0,-15.0,-0.25,144.0,
2025-03-25 07:30:33,143.0,46.0,150.0,72.0,142.0,41.0,152.0,48.0,146.5,7.0,87.0,120.0,0.3175373993666549,207,-33.0,1.0,-0.16,143.0,1.0
2025-03-25 07:30:34,143.58,12.0,150.0,72.0,142.95,37.0,152.0,48.0,146.79,6.419999999999988,49.0,120.0,0.1912328423585461,169,-71.0,-38.0,-0.42,143.0,
2025-03-25 07:30:35,143.1,42.0,150.0,108.0,142.33,30.0,152.0,72.0,146.55,6.900000000000006,72.0,180.0,0.1259761882124021,252,-108.0,83.0,-0.43,144.0,2.0
2025-03-25 07:30:36,143.0,36.0,150.0,81.0,142.0,18.0,152.0,54.0,146.5,7.0,54.0,135.0,0.1259761882124021,189,-81.0,-63.0,-0.43,144.0,
2025-03-25 07:30:37,143.0,48.0,150.0,72.0,142.0,24.0,152.0,72.0,146.5,7.0,72.0,144.0,0.1259761882124021,216,-72.0,27.0,-0.33,150.0,4.0
2025-03-25 07:30:38,144.4,25.0,150.0,80.0,142.9,58.0,152.0,96.0,147.2,5.599999999999994,83.0,176.0,0.3001166439845052,259,-93.0,43.0,-0.36,150.0,
2025-03-25 07:30:39,147.2,15.0,150.0,75.0,143.0,60.0,152.0,90.0,148.6,2.800000000000012,75.0,165.0,0.905262392898612,240,-90.0,-19.0,-0.38,150.0,
2025-03-25 07:30:40,143.36,50.0,149.71,70.0,142.42,38.0,151.41,85.0,146.54,6.349999999999994,88.0,155.0,0.9067083323740468,243,-67.0,3.0,-0.28,148.0,1.0
2025-03-25 07:30:41,144.0,36.0,148.42,48.0,143.0,48.0,149.83,59.0,146.21,4.419999999999988,84.0,107.0,0.95984373728046,191,-23.0,-52.0,-0.12,143.6,5.0
2025-03-25 07:30:42,140.05,128.0,148.64,22.0,133.31,58.0,149.9,39.0,144.34,8.589999999999975,186.0,61.0,1.550877171150738,247,125.0,56.0,0.51,142.5,4.0
2025-03-25 07:30:43,141.39,132.0,149.0,40.0,139.62,240.0,150.0,72.0,145.19,7.610000000000014,372.0,112.0,1.6087666083048004,484,260.0,169.5,0.54,142.0,4.0
2025-03-25 07:30:44,142.0,45.0,148.13,46.0,139.0,135.0,149.02,49.0,145.07,6.129999999999996,180.0,95.0,0.8955166106759671,275,85.0,-170.5,0.31,142.0,
2025-03-25 07:30:45,142.0,158.0,146.22,90.0,139.02,257.0,148.07,80.0,144.11,4.219999999999999,415.0,170.0,0.8263655365494195,585,245.0,169.5,0.42,142.0,
2025-03-25 07:30:46,142.5,110.0,145.96,76.0,140.14,121.0,148.0,76.0,144.23,3.460000000000008,231.0,152.0,0.503209697836437,383,79.0,-170.5,0.21,146.0,2.0
2025-03-25 07:30:47,144.0,54.0,145.63,38.0,142.92,98.0,148.55,40.0,144.82,1.6299999999999957,152.0,78.0,0.4896733605135488,230,74.0,-153.0,0.32,144.0,3.0
2025-03-25 07:30:48,144.4,20.0,148.0,40.0,143.0,90.0,149.0,20.0,146.2,3.5999999999999943,110.0,60.0,0.8362595290916641,170,50.0,-60.0,0.29,144.0,
2025-03-25 07:30:49,145.0,24.0,147.33,18.0,143.0,108.0,148.63,54.0,146.17,2.3300000000000125,132.0,72.0,1.0210435837889544,204,60.0,34.0,0.29,146.0,1.0
2025-03-25 07:30:50,146.18,34.0,148.0,62.0,143.0,185.0,149.0,34.0,147.09,1.8199999999999927,219.0,96.0,1.1552359066426965,315,123.0,111.0,0.39,148.0,1.0
2025-03-25 07:30:51,144.74,23.0,148.0,16.0,142.94,66.0,150.0,42.0,146.37,3.259999999999991,89.0,58.0,0.8218576519060506,147,31.0,-168.0,0.21,148.0,2.0
2025-03-25 07:30:52,143.0,117.0,148.0,9.0,141.57,21.0,150.0,63.0,145.5,5.0,138.0,72.0,0.5679172474898988,210,66.0,63.0,0.31,148.0,
2025-03-25 07:30:53,143.0,130.0,147.06,34.0,142.0,30.0,149.27,22.0,145.03,4.060000000000002,160.0,56.0,0.79681867447778,216,104.0,6.0,0.48,148.0,
2025-03-25 07:30:54,143.0,130.0,147.0,40.0,142.0,30.0,148.0,10.0,145.0,4.0,160.0,50.0,0.9099285686231404,210,110.0,-6.0,0.52,148.0,
2025-03-25 07:30:55,143.7,88.0,145.69,64.0,142.97,188.0,147.31,16.0,144.7,1.990000000000009,276.0,80.0,0.6530313928109661,356,196.0,146.0,0.55,144.0,1.0
2025-03-25 07:30:56,144.0,28.0,145.0,34.0,143.0,143.0,147.0,11.0,144.5,1.0,171.0,45.0,0.3795787138350551,216,126.0,-140.0,0.58,144.33,3.0
2025-03-25 07:30:57,143.38,42.0,145.0,30.0,142.98,106.0,147.0,10.0,144.19,1.6200000000000043,148.0,40.0,0.3527463678008737,188,108.0,-28.0,0.57,144.0,2.0
2025-03-25 07:30:58,143.54,56.0,145.0,36.0,142.98,132.0,147.0,12.0,144.27,1.460000000000008,188.0,48.0,0.329347840431255,236,140.0,48.0,0.59,144.0,
2025-03-25 07:30:59,144.0,30.0,146.22,18.0,143.0,78.0,148.69,13.0,145.11,2.219999999999999,108.0,31.0,0.3696349550525946,139,77.0,-97.0,0.55,144.0,3.0
2025-03-25 07:31:00,144.0,48.0,148.36,66.0,143.0,172.0,249.78,79.0,146.18,4.360000000000014,220.0,145.0,0.8262868751206814,365,75.0,169.5,0.21,144.0,
2025-03-25 07:31:01,144.75,36.0,146.75,36.0,143.5,54.0,148.2,54.0,145.75,2.0,90.0,90.0,0.8811923740005189,180,0.0,-170.5,0.0,145.0,3.0
2025-03-25 07:31:02,143.8,20.0,146.91,33.0,142.89,56.0,147.82,49.0,145.35,3.109999999999985,76.0,82.0,0.7195971094971393,158,-6.0,-22.0,-0.04,143.75,4.0
2025-03-25 07:31:03,142.0,10.0,146.0,10.0,140.0,10.0,147.0,80.0,144.0,4.0,20.0,90.0,0.8220523097690619,110,-70.0,-48.0,-0.64,143.75,
2025-03-25 07:31:04,144.0,78.0,146.37,27.0,142.63,41.0,147.39,102.0,145.19,2.3700000000000045,119.0,129.0,0.8187368319531306,248,-10.0,138.0,-0.04,146.0,4.0
2025-03-25 07:31:05,143.24,66.0,147.0,70.0,138.88,64.0,149.0,140.0,145.12,3.759999999999991,130.0,210.0,0.6522806144572029,340,-80.0,92.0,-0.24,146.0,
2025-03-25 07:31:06,144.38,52.0,147.0,60.0,142.71,56.0,149.0,120.0,145.69,2.6200000000000045,108.0,180.0,0.6372989879143596,288,-72.0,-52.0,-0.25,146.0,4.0
2025-03-25 07:31:07,143.0,15.0,147.0,15.0,142.0,12.0,149.0,30.0,145.0,4.0,27.0,45.0,0.6177782773752054,72,-18.0,-170.5,-0.25,146.0,
2025-03-25 07:31:08,143.78,90.0,147.0,55.0,142.69,51.0,149.0,105.0,145.39,3.219999999999999,141.0,160.0,0.2703146314882717,301,-19.0,169.5,-0.06,146.0,
2025-03-25 07:31:09,144.0,110.0,147.0,55.0,143.0,55.0,149.0,110.0,145.5,3.0,165.0,165.0,0.2804460732415975,330,0.0,29.0,0.0,146.0,
2025-03-25 07:31:10,144.0,98.0,147.0,55.0,143.0,55.0,149.0,110.0,145.5,3.0,153.0,165.0,0.2563786262476288,318,-12.0,-12.0,-0.04,144.0,4.0
2025-03-25 07:31:11,144.0,30.0,147.0,25.0,143.0,25.0,149.0,50.0,145.5,3.0,55.0,75.0,0.2166102490572103,130,-20.0,-170.5,-0.15,144.0,
2025-03-25 07:31:12,144.0,18.0,147.0,15.0,143.0,15.0,149.0,30.0,145.5,3.0,33.0,45.0,0.0491934954705361,78,-12.0,-52.0,-0.15,144.0,
2025-03-25 07:31:13,144.0,48.0,147.0,40.0,143.0,40.0,149.0,80.0,145.5,3.0,88.0,120.0,0.0,208,-32.0,130.0,-0.15,144.0,
2025-03-25 07:31:14,144.52,46.0,147.0,37.0,143.49,49.0,149.0,90.0,145.76,2.4799999999999898,95.0,127.0,0.1162755348153603,222,-32.0,14.0,-0.14,147.0,4.0
2025-03-25 07:31:15,144.0,19.0,145.78,45.0,143.0,45.0,147.0,9.0,144.89,1.7800000000000011,64.0,54.0,0.3221800738664854,118,10.0,-104.0,0.08,144.0,5.0
2025-03-25 07:31:16,144.0,5.0,145.0,25.0,143.0,25.0,147.0,5.0,144.5,1.0,30.0,30.0,0.5184592558693842,60,0.0,-58.0,0.0,144.0,
2025-03-25 07:31:17,143.18,17.0,145.75,40.0,142.27,55.0,147.58,43.0,144.46,2.569999999999993,72.0,83.0,0.5871286060112011,155,-11.0,95.0,-0.07,143.2,5.0
2025-03-25 07:31:18,143.0,11.0,145.32,40.0,142.0,44.0,147.0,77.0,144.16,2.319999999999993,55.0,117.0,0.6193383566328583,172,-62.0,17.0,-0.36,145.0,1.0
2025-03-25 07:31:19,142.0,17.0,146.08,26.0,141.24,34.0,147.07,42.0,144.04,4.0800000000000125,51.0,68.0,0.3318132004558231,119,-17.0,-53.0,-0.14,142.38,8.0
2025-03-25 07:31:20,140.34,41.0,147.72,25.0,137.75,24.0,149.73,52.0,144.03,7.3799999999999955,65.0,77.0,0.2272003521052833,142,-12.0,23.0,-0.08,142.38,
2025-03-25 07:31:21,141.0,79.0,147.81,52.0,140.0,39.0,149.64,67.0,144.4,6.810000000000002,118.0,119.0,0.2012958022333519,237,-1.0,95.0,-0.0,141.0,2.0
2025-03-25 07:31:22,142.06,48.0,147.0,63.0,140.91,33.0,148.0,36.0,144.53,4.939999999999998,81.0,99.0,0.223539705638093,180,-18.0,-57.0,-0.1,141.0,
2025-03-25 07:31:23,143.53,80.0,147.0,140.0,142.0,70.0,148.0,14.0,145.26,3.469999999999999,150.0,154.0,0.5023644095641463,304,-4.0,124.0,-0.01,144.0,2.0
2025-03-25 07:31:24,145.17,29.0,147.0,45.0,141.25,24.0,148.0,7.0,146.09,1.8300000000000125,53.0,52.0,0.8188833860792883,105,1.0,-170.5,0.01,147.0,5.0
2025-03-25 07:31:25,145.0,44.0,146.57,46.0,142.55,33.0,147.23,26.0,145.78,1.5699999999999932,77.0,72.0,0.7450302007278918,149,5.0,44.0,0.03,147.0,1.0
2025-03-25 07:31:26,144.77,13.0,146.0,14.0,142.57,14.0,147.0,16.0,145.38,1.2299999999999898,27.0,30.0,0.5909906936632966,57,-3.0,-92.0,-0.05,145.5,4.0
2025-03-25 07:31:27,144.0,42.0,145.38,26.0,140.0,70.0,146.96,46.0,144.69,1.3799999999999957,112.0,72.0,0.533057220189939,184,40.0,127.0,0.22,145.33,3.0
2025-03-25 07:31:28,140.0,18.0,146.06,16.0,137.0,6.0,147.5,10.0,143.03,6.060000000000002,24.0,26.0,1.216318214940764,50,-2.0,-134.0,-0.04,142.4,5.0
2025-03-25 07:31:29,140.0,27.0,143.89,27.0,137.0,9.0,146.14,29.0,141.94,3.8899999999999855,36.0,56.0,1.6277991276557515,92,-20.0,42.0,-0.22,142.4,
2025-03-25 07:31:30,140.0,12.0,143.0,12.0,137.0,4.0,145.75,20.0,141.5,3.0,16.0,32.0,1.689724829668131,48,-16.0,-44.0,-0.33,142.4,
2025-03-25 07:31:31,140.0,18.0,143.0,18.0,137.0,6.0,145.0,30.0,141.5,3.0,24.0,48.0,1.3588119811059822,72,-24.0,24.0,-0.33,142.4,
2025-03-25 07:31:32,141.5,24.0,143.65,23.0,139.08,13.0,145.15,27.0,142.58,2.1500000000000057,37.0,50.0,0.6783067152824536,87,-13.0,15.0,-0.15,141.0,3.0
2025-03-25 07:31:33,143.0,48.0,144.0,78.0,140.51,35.0,145.5,12.0,143.5,1.0,83.0,90.0,0.8488109330099675,173,-7.0,86.0,-0.04,144.0,3.0
2025-03-25 07:31:34,143.0,52.0,144.14,37.0,139.0,13.0,145.72,25.0,143.57,1.1399999999999864,65.0,62.0,1.0181846590855566,127,3.0,-46.0,0.02,144.0,4.0
2025-03-25 07:31:35,142.2,25.0,144.37,19.0,138.33,15.0,145.88,24.0,143.28,2.170000000000016,40.0,43.0,0.868147452911713,83,-3.0,-44.0,-0.04,143.0,4.0
2025-03-25 07:31:36,140.71,63.0,144.92,12.0,138.89,19.0,145.97,34.0,142.82,4.20999999999998,82.0,46.0,0.4328972164348529,128,36.0,45.0,0.28,143.0,
2025-03-25 07:31:37,142.0,168.0,144.0,11.0,139.09,22.0,145.98,41.0,143.0,2.0,190.0,52.0,0.3209049703526417,242,138.0,114.0,0.57,142.0,2.0
2025-03-25 07:31:38,140.5,28.0,145.82,11.0,136.12,34.0,153.68,25.0,143.16,5.319999999999993,62.0,36.0,0.2843940927604631,98,26.0,-144.0,0.27,144.0,1.0
2025-03-25 07:31:39,138.92,99.0,146.0,11.0,137.13,39.0,147.0,33.0,142.46,7.0800000000000125,138.0,44.0,0.3210607419120356,182,94.0,84.0,0.52,144.0,
2025-03-25 07:31:40,142.8,59.0,146.0,5.0,139.54,28.0,147.0,15.0,144.4,3.1999999999999886,87.0,20.0,0.7362879871334703,107,67.0,-75.0,0.63,144.0,
2025-03-25 07:31:41,144.52,149.0,146.94,16.0,142.4,30.0,177.74,38.0,145.73,2.4199999999999875,179.0,54.0,1.3150665382393845,233,125.0,126.0,0.54,146.0,1.0
2025-03-25 07:31:42,142.67,9.0,148.95,37.0,138.43,42.0,339.84,31.0,145.81,6.280000000000001,51.0,68.0,1.501622455877905,119,-17.0,-114.0,-0.14,142.5,4.0
2025-03-25 07:31:43,143.17,92.0,145.93,15.0,142.34,100.0,147.3,27.0,144.55,2.7600000000000198,192.0,42.0,1.3567055686466083,234,150.0,115.0,0.64,144.0,1.0
2025-03-25 07:31:44,144.0,14.0,145.0,7.0,143.0,84.0,148.0,21.0,144.5,1.0,98.0,28.0,0.7073683623096287,126,70.0,-108.0,0.56,144.0,
2025-03-25 07:31:45,145.27,52.0,148.0,24.0,143.33,12.0,461.94,32.0,146.63,2.7299999999999898,64.0,56.0,0.9100439549804688,120,8.0,-6.0,0.07,145.0,1.0
2025-03-25 07:31:46,146.74,149.0,148.08,39.0,145.38,48.0,236.0,24.0,147.41,1.3400000000000034,197.0,63.0,1.277849756425386,260,134.0,140.0,0.52,148.0,3.0
2025-03-25 07:31:48,144.23,26.0,212.78,27.0,142.48,25.0,645.09,34.0,178.5,68.55000000000001,51.0,61.0,66.11151162997251,112,-10.0,-63.0,-0.09,148.0,
2025-03-25 07:31:49,145.0,24.0,340.75,28.0,144.0,24.0,532.35,34.0,242.88,195.75,48.0,62.0,66.3714168147704,110,-14.0,-2.0,-0.13,148.0,
2025-03-25 07:31:50,145.88,16.0,206.75,20.0,144.0,16.0,456.33,24.0,176.31,60.870000000000005,32.0,44.0,61.215742501418575,76,-12.0,-34.0,-0.16,148.0,
2025-03-25 07:31:51,147.91,88.0,221.47,15.0,146.85,78.0,290.02,49.0,184.69,73.56,166.0,64.0,53.68135849622272,230,102.0,154.0,0.44,148.0,
2025-03-25 07:31:52,149.0,86.0,198.0,10.0,148.0,40.0,282.58,36.0,173.5,49.0,126.0,46.0,29.19542652539929,172,80.0,-58.0,0.47,149.0,4.0
2025-03-25 07:31:58,147.41,34.0,438.0,30.0,147.94,35.0,664.72,47.0,292.71,290.59000000000003,69.0,77.0,103.82840974415411,146,-8.0,71.0,-0.05,147.8,10.0
2025-03-25 07:31:59,143.0,132.0,327.73,49.0,142.0,11.0,430.11,36.0,235.37,184.73,143.0,85.0,85.51451145858202,228,58.0,82.0,0.25,147.8,
2025-03-25 07:32:00,143.0,63.0,298.67,45.0,140.44,9.0,438.0,27.0,220.83,155.67000000000002,72.0,72.0,69.986653870577,144,0.0,-84.0,0.0,143.0,5.0
2025-03-25 07:32:01,143.28,116.0,295.65,85.0,141.7,44.0,317.81,73.0,219.46,152.36999999999998,160.0,158.0,73.14957634873872,318,2.0,169.5,0.01,143.0,
2025-03-25 07:32:04,144.22,46.0,288.77,65.0,142.29,55.0,291.0,65.0,216.49,144.54999999999998,101.0,130.0,2.0918484648684776,231,-29.0,84.0,-0.13,145.91,11.0
2025-03-25 07:32:05,145.73,22.0,286.57,35.0,144.4,20.0,289.29,35.0,216.15,140.84,42.0,70.0,2.558779005692541,112,-28.0,-119.0,-0.25,145.91,
2025-03-25 07:32:06,145.76,21.0,279.74,58.0,142.43,42.0,519.5,40.0,212.75,133.98000000000002,63.0,98.0,3.7203655734313696,161,-35.0,49.0,-0.22,145.8,5.0
2025-03-25 07:32:07,142.31,39.0,182.31,45.0,140.42,57.0,182.0,31.0,162.31,40.0,96.0,76.0,24.409627608793564,172,20.0,11.0,0.12,146.0,1.0
2025-03-25 07:32:08,142.0,10.0,143.33,6.0,140.0,15.0,145.0,6.0,142.67,1.3300000000000125,25.0,12.0,35.03549171911224,37,13.0,-135.0,0.35,142.0,2.0
2025-03-25 07:32:09,142.0,16.0,143.05,37.0,140.0,40.0,144.5,16.0,142.53,1.0500000000000114,56.0,53.0,36.66931032893837,109,3.0,72.0,0.03,142.0,
2025-03-25 07:32:10,140.0,55.0,144.17,29.0,138.0,11.0,145.36,22.0,142.09,4.169999999999988,66.0,51.0,30.46757292598134,117,15.0,8.0,0.13,142.0,2.0
2025-03-25 07:32:11,140.0,55.0,142.36,33.0,138.0,11.0,144.91,22.0,141.18,2.3600000000000136,66.0,55.0,9.04909829762039,121,11.0,4.0,0.09,142.0,
2025-03-25 07:32:12,140.0,50.0,143.0,21.0,138.0,10.0,144.82,34.0,141.5,3.0,60.0,55.0,0.6442282204294633,115,5.0,-6.0,0.04,141.0,3.0
2025-03-25 07:32:13,142.11,37.0,145.69,26.0,142.38,48.0,249.75,16.0,143.9,3.579999999999984,85.0,42.0,1.0645891226185005,127,43.0,12.0,0.34,144.0,2.0
2025-03-25 07:32:14,144.09,11.0,234.33,9.0,143.06,53.0,429.86,21.0,189.21,90.24,64.0,30.0,21.064340246017537,94,34.0,-33.0,0.36,146.25,4.0
2025-03-25 07:32:15,144.0,90.0,176.78,9.0,143.0,90.0,394.5,12.0,160.39,32.78,180.0,21.0,20.588529087819573,201,159.0,107.0,0.79,146.25,
2025-03-25 07:32:16,144.0,48.0,147.8,10.0,143.0,90.0,296.89,9.0,145.9,3.8000000000000114,138.0,19.0,19.878909678349878,157,119.0,-44.0,0.76,146.25,
2025-03-25 07:32:17,144.0,70.0,147.0,20.0,143.0,100.0,148.7,10.0,145.5,3.0,170.0,30.0,19.209660330156595,200,140.0,43.0,0.7,146.25,
2025-03-25 07:32:18,144.0,42.0,147.0,12.0,143.0,60.0,149.0,6.0,145.5,3.0,102.0,18.0,18.94885352732433,120,84.0,-80.0,0.7,146.25,
2025-03-25 07:32:19,144.0,56.0,147.0,16.0,143.0,80.0,149.0,8.0,145.5,3.0,136.0,24.0,6.616556506219462,160,112.0,40.0,0.7,146.25,
2025-03-25 07:32:20,144.24,37.0,146.56,18.0,143.34,61.0,148.6,10.0,145.4,2.319999999999993,98.0,28.0,0.1949358868868697,126,70.0,-34.0,0.56,146.25,
2025-03-25 07:32:21,144.23,53.0,147.8,40.0,143.26,108.0,191.91,44.0,146.01,3.5700000000000216,161.0,84.0,0.2431460466393734,245,77.0,119.0,0.31,144.38,8.0
2025-03-25 07:32:22,144.0,26.0,147.27,15.0,143.0,130.0,160.1,20.0,145.63,3.2700000000000102,156.0,35.0,0.2391024884779456,191,121.0,-54.0,0.63,144.38,
2025-03-25 07:32:23,144.0,12.0,146.5,6.0,143.0,60.0,148.5,12.0,145.25,2.5,72.0,18.0,0.2883920941987945,90,54.0,-101.0,0.6,146.0,1.0
2025-03-25 07:32:24,143.2,79.0,145.0,14.0,142.69,116.0,148.69,26.0,144.1,1.8000000000000114,195.0,40.0,0.7181712887581123,235,155.0,145.0,0.66,146.0,
2025-03-25 07:32:25,143.0,121.0,146.91,11.0,142.0,66.0,148.84,19.0,144.95,3.9099999999999966,187.0,30.0,0.7272001100086036,217,157.0,-18.0,0.72,144.0,1.0
2025-03-25 07:32:26,143.0,66.0,147.62,8.0,142.0,36.0,148.91,11.0,145.31,4.6200000000000045,102.0,19.0,0.5823401068075122,121,83.0,-96.0,0.69,144.0,
2025-03-25 07:32:27,143.72,25.0,147.0,30.0,142.94,99.0,148.0,10.0,145.36,3.280000000000001,124.0,40.0,0.5245283595732536,164,84.0,43.0,0.51,143.4,5.0
2025-03-25 07:32:28,143.0,93.0,144.15,59.0,142.0,90.0,147.33,39.0,143.58,1.1500000000000057,183.0,98.0,0.7868608517372804,281,85.0,117.0,0.3,143.0,3.0
2025-03-25 07:32:29,143.0,44.0,144.0,44.0,142.0,66.0,147.0,22.0,143.5,1.0,110.0,66.0,0.9269034469656252,176,44.0,-105.0,0.25,143.0,
2025-03-25 07:32:30,142.62,32.0,144.0,28.0,141.5,36.0,147.0,14.0,143.31,1.3799999999999957,68.0,42.0,1.0299854367887291,110,26.0,-66.0,0.24,143.0,4.0
2025-03-25 07:32:31,142.0,90.0,143.47,30.0,138.74,53.0,146.93,30.0,142.73,1.4699999999999989,143.0,60.0,0.9877904636090836,203,83.0,93.0,0.41,143.5,4.0
2025-03-25 07:32:32,142.0,72.0,143.0,12.0,135.53,19.0,148.0,24.0,142.5,1.0,91.0,36.0,0.4817987131543979,127,55.0,-76.0,0.43,143.5,
2025-03-25 07:32:33,142.0,42.0,145.22,9.0,139.0,7.0,148.17,12.0,143.61,3.219999999999999,49.0,21.0,0.489029651449922,70,28.0,-57.0,0.4,143.0,1.0
2025-03-25 07:32:34,142.16,75.0,148.0,39.0,140.06,18.0,445.82,44.0,145.08,5.840000000000003,93.0,83.0,1.0152487379933728,176,10.0,106.0,0.06,143.0,
2025-03-25 07:32:35,142.0,36.0,148.0,18.0,138.54,13.0,448.33,24.0,145.0,6.0,49.0,42.0,1.2194383953267196,91,7.0,-85.0,0.08,146.0,3.0
2025-03-25 07:32:36,142.0,42.0,148.0,21.0,139.0,14.0,379.43,28.0,145.0,6.0,56.0,49.0,1.149486842028567,105,7.0,14.0,0.07,146.0,
2025-03-25 07:32:37,142.45,88.0,151.85,27.0,141.19,74.0,309.89,36.0,147.15,9.400000000000006,162.0,63.0,1.2668741058196806,225,99.0,120.0,0.44,148.0,1.0
2025-03-25 07:32:38,144.11,72.0,194.5,20.0,142.0,54.0,335.83,24.0,169.31,50.38999999999999,126.0,44.0,10.662207557536762,170,82.0,-55.0,0.48,148.0,2.0
2025-03-25 07:32:39,146.71,56.0,300.0,32.0,143.23,52.0,382.5,16.0,223.36,153.29,108.0,48.0,33.68397883267336,156,60.0,-14.0,0.38,148.0,
2025-03-25 07:32:40,146.67,55.0,300.0,44.0,143.73,74.0,403.0,32.0,223.34,153.33,129.0,76.0,39.25406564930542,205,53.0,49.0,0.26,148.67,9.0
2025-03-25 07:32:53,149.0,149.0,166.37,38.0,146.0,45.0,199.59,44.0,157.68,17.370000000000005,194.0,82.0,32.24213190842009,276,112.0,-51.0,0.41,149.0,4.0
2025-03-25 07:32:54,149.0,89.0,150.4,50.0,146.0,50.0,268.14,42.0,149.7,1.4000000000000057,139.0,92.0,41.35793357990666,231,47.0,-45.0,0.2,149.0,8.0
2025-03-25 07:32:55,149.0,23.0,151.71,35.0,146.0,35.0,506.47,19.0,150.36,2.710000000000008,58.0,54.0,41.5427343828013,112,4.0,-119.0,0.04,149.0,3.0
2025-03-25 07:32:56,149.0,16.0,152.0,40.0,146.0,40.0,190.71,21.0,150.5,3.0,56.0,61.0,33.67669669073841,117,-5.0,5.0,-0.04,149.0,
2025-03-25 07:32:58,147.13,23.0,152.0,30.0,145.25,24.0,373.67,18.0,149.57,4.8700000000000045,47.0,48.0,0.5849102495267924,95,-1.0,-73.0,-0.01,149.6,5.0
2025-03-25 07:32:59,147.0,12.0,150.88,24.0,146.0,30.0,263.38,24.0,148.94,3.879999999999996,42.0,48.0,0.8099382692536292,90,-6.0,-5.0,-0.07,149.6,
2025-03-25 07:33:00,147.14,14.0,151.56,27.0,146.0,35.0,266.52,29.0,149.35,4.420000000000016,49.0,56.0,0.844730726327425,105,-7.0,15.0,-0.07,149.6,
2025-03-25 07:33:01,146.91,22.0,150.38,24.0,145.25,40.0,152.0,40.0,148.64,3.469999999999999,62.0,64.0,0.9042842473480556,126,-2.0,21.0,-0.02,147.33,3.0
2025-03-25 07:33:02,146.0,36.0,148.26,31.0,144.0,45.0,151.66,41.0,147.13,2.259999999999991,81.0,72.0,0.962044697507447,153,9.0,27.0,0.06,147.33,
2025-03-25 07:33:03,144.48,33.0,146.88,25.0,143.4,25.0,150.74,31.0,145.68,2.4000000000000057,58.0,56.0,1.5199901315477438,114,2.0,-39.0,0.02,146.0,4.0
2025-03-25 07:33:04,144.22,45.0,146.0,16.0,143.42,36.0,151.0,50.0,145.11,1.7800000000000011,81.0,66.0,1.828789216941869,147,15.0,33.0,0.1,145.5,4.0
2025-03-25 07:33:05,144.0,14.0,146.0,6.0,143.0,18.0,151.0,30.0,145.0,2.0,32.0,36.0,1.5535668637053486,68,-4.0,-79.0,-0.06,144.0,4.0
2025-03-25 07:33:06,143.61,23.0,145.65,17.0,142.88,48.0,154.84,73.0,144.63,2.039999999999992,71.0,90.0,0.9807904975088588,161,-19.0,93.0,-0.12,144.0,1.0
2025-03-25 07:33:07,144.49,35.0,164.24,34.0,142.3,46.0,269.63,54.0,154.36,19.75,81.0,88.0,4.156059431721717,169,-7.0,8.0,-0.04,144.0,1.0
2025-03-25 07:33:08,145.0,18.0,150.0,18.0,142.0,36.0,458.0,27.0,147.5,5.0,54.0,45.0,4.095625715321515,99,9.0,-70.0,0.09,144.0,
2025-03-25 07:33:09,145.0,22.0,150.0,22.0,142.0,44.0,261.2,45.0,147.5,5.0,66.0,67.0,3.908403766245584,133,-1.0,34.0,-0.01,144.0,
2025-03-25 07:33:10,145.83,24.0,148.41,34.0,142.26,38.0,150.67,30.0,147.12,2.579999999999984,62.0,64.0,3.634366519766887,126,-2.0,-7.0,-0.02,144.0,
2025-03-25 07:33:11,144.6,10.0,148.0,24.0,142.15,26.0,150.0,16.0,146.3,3.4000000000000057,36.0,40.0,3.281322903952353,76,-4.0,-50.0,-0.05,145.67,3.0
2025-03-25 07:33:12,140.13,45.0,147.78,27.0,138.24,51.0,150.0,18.0,143.96,7.650000000000006,96.0,45.0,1.4893891365265024,141,51.0,65.0,0.36,142.33,3.0
2025-03-25 07:33:13,140.93,30.0,147.59,41.0,134.1,93.0,150.16,50.0,144.26,6.659999999999997,123.0,91.0,1.6306195141735,214,32.0,73.0,0.15,144.67,3.0
2025-03-25 07:33:14,140.18,17.0,148.0,13.0,136.82,98.0,149.0,26.0,144.09,7.819999999999993,115.0,39.0,1.46074638455951,154,76.0,-60.0,0.49,139.0,1.0
2025-03-25 07:33:15,137.32,66.0,146.27,11.0,125.95,57.0,148.83,18.0,141.8,8.950000000000017,123.0,29.0,1.5948103335519526,152,94.0,-2.0,0.62,144.0,1.0
2025-03-25 07:33:16,128.5,50.0,139.0,22.0,71.42,19.0,141.12,25.0,133.75,10.5,69.0,47.0,4.486197721902716,116,22.0,-36.0,0.19,138.0,1.0
2025-03-25 07:33:17,113.11,61.0,138.92,13.0,93.77,26.0,140.08,24.0,126.02,25.809999999999988,87.0,37.0,7.941934902780728,124,50.0,8.0,0.4,140.4,10.0
2025-03-25 07:33:18,106.55,11.0,142.0,8.0,85.16,19.0,144.0,16.0,124.27,35.45,30.0,24.0,8.959114353551277,54,6.0,-70.0,0.11,140.4,
2025-03-25 07:33:19,131.0,40.0,142.0,10.0,92.63,19.0,144.0,20.0,136.5,11.0,59.0,30.0,7.3104493705933775,89,29.0,35.0,0.33,140.4,
2025-03-25 07:33:20,140.05,20.0,143.41,17.0,136.86,42.0,144.75,40.0,141.73,3.359999999999985,62.0,57.0,7.288143110560401,119,5.0,30.0,0.04,142.0,1.0
2025-03-25 07:33:21,142.33,24.0,144.76,33.0,140.67,12.0,148.67,30.0,143.55,2.4299999999999784,36.0,63.0,8.869917136028292,99,-27.0,-20.0,-0.27,144.0,2.0
2025-03-25 07:33:22,139.44,32.0,144.42,59.0,136.35,40.0,152.81,31.0,141.93,4.97999999999999,72.0,90.0,7.9073876849441955,162,-18.0,63.0,-0.11,142.0,6.0
2025-03-25 07:33:23,135.0,84.0,138.0,70.0,126.38,26.0,140.81,27.0,136.5,3.0,110.0,97.0,3.309512048626837,207,13.0,45.0,0.06,142.0,
2025-03-25 07:33:24,135.0,78.0,138.0,65.0,119.3,43.0,139.0,13.0,136.5,3.0,121.0,78.0,3.309512048626837,199,43.0,-8.0,0.22,142.0,
2025-03-25 07:33:25,135.0,54.0,138.0,37.0,121.57,23.0,139.0,9.0,136.5,3.0,77.0,46.0,3.465448022984415,123,31.0,-76.0,0.25,138.0,1.0
2025-03-25 07:33:26,135.0,60.0,138.0,40.0,54.67,15.0,139.0,10.0,136.5,3.0,75.0,50.0,2.428369823566232,125,25.0,2.0,0.2,138.0,
2025-03-25 07:33:27,135.0,54.0,138.0,36.0,53.22,18.0,139.0,9.0,136.5,3.0,72.0,45.0,0.0,117,27.0,-8.0,0.23,138.0,
2025-03-25 07:33:28,135.31,48.0,138.0,40.0,116.77,44.0,139.0,10.0,136.66,2.6899999999999977,92.0,50.0,0.0715541753323087,142,42.0,25.0,0.3,138.0,
2025-03-25 07:33:29,133.0,54.0,138.0,30.0,131.12,96.0,139.0,12.0,135.5,5.0,150.0,42.0,0.4702339843179898,192,108.0,50.0,0.56,138.0,3.0
2025-03-25 07:33:30,131.61,46.0,138.78,9.0,130.15,82.0,139.93,30.0,135.19,7.169999999999988,128.0,39.0,0.6740178039248491,167,89.0,-25.0,0.53,138.0,1.0
2025-03-25 07:33:31,138.53,30.0,139.84,25.0,132.12,50.0,140.64,44.0,139.19,1.3100000000000025,80.0,69.0,1.5747602992225338,149,11.0,-18.0,0.07,139.5,2.0
2025-03-25 07:33:32,137.49,43.0,140.7,20.0,136.88,68.0,141.83,48.0,139.09,3.2099999999999795,111.0,68.0,1.9187574104110243,179,43.0,30.0,0.24,140.5,6.0
2025-03-25 07:33:33,138.0,10.0,141.0,10.0,135.8,20.0,142.0,50.0,139.5,3.0,30.0,60.0,2.1524474441916013,90,-30.0,-89.0,-0.33,140.5,
2025-03-25 07:33:34,138.35,17.0,140.0,68.0,135.06,34.0,141.0,17.0,139.18,1.6500000000000057,51.0,85.0,1.8178421273605188,136,-34.0,46.0,-0.25,139.0,1.0
2025-03-25 07:33:35,134.91,22.0,140.03,37.0,132.57,46.0,141.75,16.0,137.47,5.1200000000000045,68.0,53.0,0.8066163896217408,121,15.0,-15.0,0.12,140.0,1.0
2025-03-25 07:33:36,134.0,24.0,139.54,28.0,132.0,72.0,140.19,26.0,136.77,5.539999999999992,96.0,54.0,1.2058482491618203,150,42.0,29.0,0.28,139.0,2.0
2025-03-25 07:33:37,134.0,28.0,138.71,14.0,132.0,84.0,140.0,42.0,136.36,4.710000000000008,112.0,56.0,1.416167362993117,168,56.0,18.0,0.33,139.0,
2025-03-25 07:33:38,134.0,12.0,137.12,8.0,132.0,48.0,140.0,24.0,135.56,3.1200000000000045,60.0,32.0,1.3680533615350214,92,28.0,-76.0,0.3,134.0,1.0
2025-03-25 07:33:39,134.33,9.0,139.5,10.0,132.15,39.0,141.25,20.0,136.92,5.169999999999988,48.0,30.0,0.7117092102871059,78,18.0,-14.0,0.23,139.4,5.0
2025-03-25 07:33:40,136.02,92.0,139.0,22.0,135.69,29.0,141.0,11.0,137.51,2.9799999999999898,121.0,33.0,0.7238300905651032,154,88.0,76.0,0.57,139.4,
2025-03-25 07:33:41,138.41,102.0,140.45,22.0,137.41,17.0,142.78,45.0,139.43,2.039999999999992,119.0,67.0,1.460558112506056,186,52.0,32.0,0.28,139.0,4.0
2025-03-25 07:33:42,138.74,54.0,140.59,17.0,136.51,43.0,142.72,29.0,139.66,1.8499999999999943,97.0,46.0,1.731424269209303,143,51.0,-43.0,0.36,140.0,4.0
2025-03-25 07:33:43,138.0,77.0,141.0,14.0,130.0,28.0,143.0,35.0,139.5,3.0,105.0,49.0,1.287722796259592,154,56.0,11.0,0.36,140.0,
2025-03-25 07:33:44,139.19,72.0,141.09,22.0,132.92,50.0,142.94,48.0,140.14,1.9000000000000057,122.0,70.0,1.0102821388138583,192,52.0,38.0,0.27,141.0,2.0
2025-03-25 07:33:45,133.29,21.0,142.0,7.0,122.94,35.0,143.0,35.0,137.64,8.710000000000008,56.0,42.0,0.9545051073756946,98,14.0,-94.0,0.14,141.0,
2025-03-25 07:33:46,135.5,18.0,142.0,14.0,133.56,73.0,143.0,70.0,138.75,6.5,91.0,84.0,0.9749461523624492,175,7.0,77.0,0.04,141.0,
2025-03-25 07:33:47,138.85,20.0,142.0,8.0,135.33,18.0,143.0,40.0,140.43,3.1500000000000057,38.0,48.0,1.1269738240111362,86,-10.0,-89.0,-0.12,141.0,
2025-03-25 07:33:48,139.0,24.0,141.25,16.0,138.0,8.0,159.73,22.0,140.12,2.25,32.0,38.0,1.1880361947374471,70,-6.0,-16.0,-0.09,141.0,
2025-03-25 07:33:49,138.93,41.0,177.88,40.0,135.88,50.0,209.55,40.0,158.4,38.94999999999999,91.0,80.0,8.643325170326792,171,11.0,101.0,0.06,141.1,10.0
2025-03-25 07:33:50,139.06,47.0,200.26,53.0,135.46,54.0,446.53,47.0,169.66,61.19999999999999,101.0,100.0,13.887435688420004,201,1.0,30.0,0.0,142.0,5.0
2025-03-25 07:33:51,146.0,18.0,196.93,27.0,136.0,27.0,257.95,38.0,171.46,50.93000000000001,45.0,65.0,15.214840781289784,110,-20.0,-91.0,-0.18,142.0,
2025-03-25 07:34:00,149.0,30.0,188.8,75.0,146.0,30.0,195.46,71.0,168.9,39.80000000000001,60.0,146.0,1.6808123036175426,206,-86.0,97.0,-0.42,142.0,
2025-03-25 07:34:01,146.0,24.0,186.17,60.0,143.0,24.0,188.0,60.0,166.08,40.16999999999999,48.0,120.0,2.750559942992107,168,-72.0,-38.0,-0.43,149.0,2.0
2025-03-25 07:34:02,147.43,47.0,185.33,60.0,147.31,49.0,186.67,60.0,166.38,37.900000000000006,96.0,120.0,2.867127482340704,216,-24.0,48.0,-0.11,148.33,3.0
2025-03-25 07:34:03,148.0,57.0,184.79,70.0,146.0,28.0,202.0,68.0,166.39,36.78999999999999,85.0,138.0,2.333317380896552,223,-53.0,7.0,-0.24,148.0,1.0
2025-03-25 07:34:06,148.38,16.0,179.4,42.0,146.73,22.0,180.07,30.0,163.89,31.02000000000001,38.0,72.0,1.51217393179315,110,-34.0,-27.0,-0.31,149.0,3.0
2025-03-25 07:34:07,148.0,26.0,176.85,65.0,146.0,26.0,178.69,65.0,162.42,28.849999999999994,52.0,130.0,2.319359825468064,182,-78.0,72.0,-0.43,149.0,
2025-03-25 07:34:08,148.0,26.0,173.48,62.0,146.0,26.0,174.7,56.0,160.74,25.47999999999999,52.0,118.0,3.0718284457299854,170,-66.0,-12.0,-0.39,149.0,
2025-03-25 07:34:09,148.0,24.0,166.25,48.0,146.0,24.0,168.45,51.0,157.12,18.25,48.0,99.0,3.768564713521199,147,-51.0,-23.0,-0.35,149.0,
2025-03-25 07:34:10,148.6,30.0,162.55,33.0,146.67,18.0,163.91,33.0,155.57,13.950000000000015,48.0,66.0,3.5157460090283124,114,-18.0,-33.0,-0.16,149.0,
2025-03-25 07:34:11,149.0,72.0,157.18,45.0,148.0,24.0,159.1,39.0,153.09,8.180000000000007,96.0,84.0,3.794953227643233,180,12.0,66.0,0.07,149.0,
2025-03-25 07:34:12,149.0,84.0,152.35,51.0,148.0,28.0,153.57,28.0,150.68,3.3499999999999943,112.0,79.0,3.8441318915980567,191,33.0,11.0,0.17,149.0,
2025-03-25 07:34:15,143.52,89.0,147.85,26.0,143.07,30.0,188.94,62.0,145.68,4.329999999999984,119.0,88.0,2.672644757539756,207,31.0,106.0,0.15,144.5,12.0
2025-03-25 07:34:16,143.59,37.0,166.72,25.0,142.93,43.0,206.55,22.0,155.16,23.129999999999995,80.0,47.0,3.37500666666074,127,33.0,-80.0,0.26,144.0,3.0
2025-03-25 07:34:17,143.14,42.0,272.08,26.0,142.38,13.0,363.87,30.0,207.61,128.94,55.0,56.0,25.93186900321682,111,-1.0,-16.0,-0.01,144.0,
2025-03-25 07:34:18,146.0,18.0,277.27,33.0,143.0,80.0,344.64,28.0,211.64,131.26999999999998,98.0,61.0,32.743410787515536,159,37.0,48.0,0.23,144.0,
2025-03-25 07:34:19,144.41,17.0,287.58,43.0,142.87,23.0,342.62,13.0,216.0,143.17,40.0,56.0,33.88875949337744,96,-16.0,-63.0,-0.17,144.5,4.0
2025-03-25 07:34:20,143.0,27.0,186.0,9.0,139.67,27.0,302.51,39.0,164.5,43.0,54.0,48.0,28.78218059841848,102,6.0,6.0,0.06,144.5,
2025-03-25 07:34:21,139.55,88.0,240.29,35.0,138.56,54.0,390.35,34.0,189.92,100.73999999999998,142.0,69.0,21.15370133097215,211,73.0,109.0,0.35,146.2,5.0
2025-03-25 07:34:22,140.51,185.0,142.62,47.0,139.25,93.0,206.63,30.0,141.56,2.1100000000000136,278.0,77.0,31.629885867640773,355,201.0,144.0,0.57,141.2,5.0
2025-03-25 07:34:23,141.28,116.0,222.91,22.0,139.32,59.0,538.62,16.0,182.1,81.63,175.0,38.0,27.88230047897744,213,137.0,-142.0,0.64,143.0,4.0
2025-03-25 07:34:24,141.0,108.0,333.14,42.0,140.0,70.0,550.75,16.0,237.07,192.14,178.0,58.0,35.46752176287459,236,120.0,23.0,0.51,141.0,4.0
2025-03-25 07:34:25,145.35,69.0,316.32,38.0,140.92,88.0,581.12,32.0,230.83,170.97,157.0,70.0,39.02987868287542,227,87.0,-9.0,0.38,146.0,2.0
2025-03-25 07:34:26,146.75,60.0,252.9,50.0,141.62,72.0,254.0,50.0,199.82,106.15,132.0,100.0,38.87637110122255,232,32.0,5.0,0.14,146.0,3.0
2025-03-25 07:34:27,148.11,71.0,252.0,45.0,146.92,39.0,304.67,27.0,200.06,103.89,110.0,72.0,23.170654500897527,182,38.0,-50.0,0.21,146.0,
2025-03-25 07:34:28,149.0,24.0,232.0,15.0,148.0,54.0,260.59,27.0,190.5,83.0,78.0,42.0,20.830555201433334,120,36.0,-62.0,0.3,146.0,
2025-03-25 07:34:29,148.8,45.0,220.54,41.0,147.93,84.0,330.05,41.0,184.67,71.73999999999998,129.0,82.0,17.810593196184403,211,47.0,91.0,0.22,149.0,4.0
2025-03-25 07:34:30,148.0,117.0,217.54,65.0,146.0,39.0,448.23,65.0,182.77,69.53999999999999,156.0,130.0,8.159922181000129,286,26.0,75.0,0.09,149.0,
2025-03-25 07:34:31,148.0,48.0,215.88,40.0,146.0,24.0,374.18,22.0,181.94,67.88,72.0,62.0,7.530907647819149,134,10.0,-152.0,0.07,148.0,4.0
2025-03-25 07:34:32,148.0,20.0,214.0,25.0,146.0,15.0,480.0,25.0,181.0,66.0,35.0,50.0,3.784855347299838,85,-15.0,-49.0,-0.18,148.0,1.0
2025-03-25 07:34:33,148.0,18.0,213.14,35.0,146.0,21.0,480.0,35.0,180.57,65.13999999999999,39.0,70.0,1.6270986448233098,109,-31.0,24.0,-0.28,148.0,2.0
2025-03-25 07:34:34,148.0,14.0,206.56,27.0,146.0,21.0,293.12,33.0,177.28,58.56,35.0,60.0,2.0991117168905284,95,-25.0,-14.0,-0.26,148.0,
2025-03-25 07:34:35,148.0,16.0,210.75,24.0,146.0,24.0,212.0,40.0,179.38,62.75,40.0,64.0,1.7934268872713088,104,-24.0,9.0,-0.23,148.0,
2025-03-25 07:34:36,148.0,24.0,173.39,56.0,146.0,36.0,210.5,40.0,160.7,25.389999999999983,60.0,96.0,8.555827253982583,156,-36.0,52.0,-0.23,148.0,
2025-03-25 07:34:37,148.7,46.0,169.0,55.0,146.55,29.0,210.0,33.0,158.85,20.30000000000001,75.0,88.0,10.657468273468826,163,-13.0,7.0,-0.08,148.0,
2025-03-25 07:34:38,149.0,57.0,168.78,41.0,148.0,18.0,196.77,31.0,158.89,19.78,75.0,72.0,10.378166986515392,147,3.0,-16.0,0.02,149.0,3.0
2025-03-25 07:34:39,149.0,55.0,166.04,47.0,148.0,22.0,167.98,41.0,157.52,17.039999999999992,77.0,88.0,9.188529262074583,165,-11.0,18.0,-0.07,149.0,
2025-03-25 07:34:40,149.0,70.0,163.3,64.0,148.0,28.0,165.44,48.0,156.15,14.300000000000011,98.0,112.0,1.7005205085515576,210,-14.0,45.0,-0.07,149.0,
2025-03-25 07:34:41,149.0,40.0,160.0,24.0,148.0,16.0,161.0,40.0,154.5,11.0,56.0,64.0,1.8756252290917337,120,-8.0,-90.0,-0.07,149.0,
2025-03-25 07:34:46,149.0,52.0,150.51,41.0,148.0,24.0,155.56,43.0,149.76,1.509999999999991,76.0,84.0,1.585332772641036,160,-8.0,-64.0,-0.05,148.71,7.0
2025-03-25 07:34:47,145.54,52.0,150.07,42.0,143.44,158.0,272.88,68.0,147.8,4.530000000000001,210.0,110.0,1.9210882332705688,320,100.0,160.0,0.31,146.0,4.0
2025-03-25 07:34:48,143.03,198.0,148.82,33.0,141.86,71.0,159.0,11.0,145.92,5.789999999999992,269.0,44.0,2.394134499148228,313,225.0,-7.0,0.72,143.5,6.0
2025-03-25 07:34:49,143.2,123.0,146.31,48.0,142.39,183.0,383.73,44.0,144.75,3.1100000000000136,306.0,92.0,2.6119571206305854,398,214.0,85.0,0.54,143.8,5.0
2025-03-25 07:34:50,143.0,84.0,144.86,21.0,142.0,180.0,216.95,44.0,143.93,1.8600000000000136,264.0,65.0,2.3610527313073617,329,199.0,-69.0,0.6,143.0,3.0
2025-03-25 07:34:51,143.91,22.0,274.3,10.0,142.2,60.0,432.88,34.0,209.1,130.39,82.0,44.0,28.435250130779647,126,38.0,-170.5,0.3,143.0,1.0
2025-03-25 07:34:52,143.0,16.0,410.7,23.0,142.0,96.0,440.76,17.0,276.85,267.7,112.0,40.0,58.83733041190758,152,72.0,26.0,0.47,146.0,2.0
2025-03-25 07:34:53,143.0,16.0,435.25,20.0,139.0,42.0,576.7,20.0,289.12,292.25,58.0,40.0,69.48867137886549,98,18.0,-54.0,0.18,146.0,
2025-03-25 07:34:54,143.21,28.0,340.23,43.0,141.5,100.0,427.3,40.0,241.72,197.02,128.0,83.0,58.41516609580035,211,45.0,113.0,0.21,146.0,
2025-03-25 07:34:55,144.0,27.0,256.24,38.0,143.0,18.0,331.33,36.0,200.12,112.24,45.0,74.0,39.56542076106273,119,-29.0,-92.0,-0.24,146.0,
2025-03-25 07:34:56,144.11,27.0,256.0,61.0,143.0,24.0,258.0,36.0,200.06,111.89,51.0,97.0,41.67399044967898,148,-46.0,29.0,-0.31,146.0,
2025-03-25 07:34:57,145.25,36.0,254.08,60.0,143.0,24.0,256.0,24.0,199.67,108.83,60.0,84.0,39.58245975176314,144,-24.0,-4.0,-0.17,146.0,
2025-03-25 07:34:58,146.97,40.0,251.07,70.0,143.0,28.0,252.06,78.0,199.02,104.1,68.0,148.0,18.78919955719147,216,-80.0,72.0,-0.37,149.0,1.0
2025-03-25 07:34:59,149.0,28.0,164.25,57.0,142.22,100.0,250.07,70.0,156.62,15.25,128.0,127.0,19.27876863287641,255,1.0,39.0,0.0,149.0,
2025-03-25 07:35:00,143.26,70.0,153.25,60.0,140.98,50.0,154.22,59.0,148.25,9.990000000000007,120.0,119.0,25.995859862677907,239,1.0,-16.0,0.0,144.11,9.0
2025-03-25 07:35:01,143.86,169.0,153.0,65.0,141.88,145.0,154.0,65.0,148.43,9.139999999999986,314.0,130.0,26.64127005230788,444,184.0,169.5,0.41,144.11,
2025-03-25 07:35:02,144.0,133.0,152.1,50.0,142.0,120.0,154.0,50.0,148.05,8.099999999999994,253.0,100.0,22.071969327633767,353,153.0,-91.0,0.43,144.0,2.0
2025-03-25 07:35:03,144.0,72.0,150.72,29.0,142.0,72.0,152.0,30.0,147.36,6.719999999999999,144.0,59.0,3.866234602299068,203,85.0,-150.0,0.42,144.0,
2025-03-25 07:35:04,144.0,114.0,146.7,44.0,142.0,120.0,148.54,46.0,145.35,2.6999999999999886,234.0,90.0,1.262069728666604,324,144.0,121.0,0.44,144.0,2.0
2025-03-25 07:35:05,144.0,110.0,146.55,55.0,142.0,80.0,148.68,47.0,145.27,2.550000000000012,190.0,102.0,1.4944965707612323,292,88.0,-32.0,0.3,144.0,
2025-03-25 07:35:06,142.29,119.0,144.67,57.0,140.82,122.0,430.95,59.0,143.48,2.3799999999999955,241.0,116.0,1.824135411645176,357,125.0,65.0,0.35,142.67,3.0
2025-03-25 07:35:07,142.13,94.0,143.46,52.0,135.82,84.0,478.31,52.0,142.79,1.3300000000000125,178.0,104.0,1.7921355975535935,282,74.0,-75.0,0.26,142.5,8.0
2025-03-25 07:35:08,142.0,48.0,353.75,32.0,124.75,24.0,424.0,8.0,247.88,211.75,72.0,40.0,46.37044780892246,112,32.0,-170.0,0.29,143.0,4.0
2025-03-25 07:35:14,142.67,18.0,300.38,32.0,139.25,24.0,485.3,23.0,221.52,157.71,42.0,55.0,168.5564779829004,97,-13.0,18.0,-0.13,144.33,3.0
2025-03-25 07:35:15,142.0,21.0,144.0,20.0,131.0,21.0,146.0,21.0,143.0,2.0,42.0,41.0,160.0796571085782,83,1.0,-14.0,0.01,144.0,2.0
2025-03-25 07:35:16,142.0,12.0,143.5,8.0,136.6,20.0,145.2,10.0,142.75,1.5,32.0,18.0,149.7006625569839,50,14.0,-33.0,0.28,144.0,
2025-03-25 07:35:17,137.6,30.0,143.81,37.0,118.23,44.0,191.69,32.0,140.71,6.210000000000008,74.0,69.0,137.1019487461792,143,5.0,93.0,0.03,143.43,7.0
2025-03-25 07:35:18,131.0,30.0,139.4,25.0,91.42,48.0,144.94,16.0,135.2,8.400000000000006,78.0,41.0,36.40684866889758,119,37.0,-24.0,0.31,143.43,
2025-03-25 07:35:19,131.92,38.0,137.67,24.0,115.86,28.0,138.8,20.0,134.79,5.75,66.0,44.0,4.0227540317578345,110,22.0,-9.0,0.2,143.43,
2025-03-25 07:35:20,132.08,65.0,137.85,26.0,128.0,39.0,140.85,33.0,134.96,5.769999999999982,104.0,59.0,3.767846865256765,163,45.0,53.0,0.28,137.5,4.0
2025-03-25 07:35:21,133.83,60.0,138.0,24.0,128.0,36.0,141.0,36.0,135.92,4.169999999999988,96.0,60.0,2.4938384069595134,156,36.0,-7.0,0.23,137.5,
2025-03-25 07:35:22,135.84,19.0,138.19,21.0,134.68,47.0,141.36,33.0,137.02,2.3499999999999943,66.0,54.0,0.9140678311957956,120,12.0,-36.0,0.1,140.43,7.0
2025-03-25 07:35:23,138.0,40.0,142.0,12.0,137.0,8.0,179.23,22.0,140.0,4.0,48.0,34.0,2.1298638454197345,82,14.0,-38.0,0.17,139.75,4.0
2025-03-25 07:35:24,140.25,12.0,144.12,24.0,139.42,36.0,271.0,24.0,142.19,3.870000000000005,48.0,48.0,3.003451348036919,96,0.0,14.0,0.0,139.75,
2025-03-25 07:35:25,140.09,43.0,144.73,33.0,136.06,31.0,174.39,41.0,142.41,4.639999999999986,74.0,74.0,2.9546861085440947,148,0.0,52.0,0.0,143.0,3.0
2025-03-25 07:35:26,140.0,45.0,144.0,48.0,134.0,27.0,256.13,31.0,142.0,4.0,72.0,79.0,2.283841062776124,151,-7.0,3.0,-0.05,143.0,
2025-03-25 07:35:27,140.7,23.0,151.69,39.0,137.89,27.0,287.7,23.0,146.19,10.990000000000007,50.0,62.0,2.247414069552135,112,-12.0,-39.0,-0.11,144.0,6.0
2025-03-25 07:35:28,143.46,28.0,306.89,70.0,142.25,68.0,476.41,78.0,225.18,163.42999999999998,96.0,148.0,36.70466087569815,244,-52.0,132.0,-0.21,144.0,
2025-03-25 07:35:29,148.12,34.0,281.48,25.0,145.88,26.0,330.81,53.0,214.8,133.36,60.0,78.0,42.06925635187761,138,-18.0,-106.0,-0.13,146.25,4.0
2025-03-25 07:35:36,143.52,23.0,212.33,36.0,142.15,59.0,373.8,25.0,177.93,68.81,82.0,61.0,26.83168369670374,143,21.0,80.0,0.15,146.6,5.0
2025-03-25 07:35:37,143.0,30.0,153.47,38.0,142.0,80.0,204.0,42.0,148.24,10.47,110.0,80.0,42.20127817969461,190,30.0,47.0,0.16,146.6,
2025-03-25 07:35:38,145.0,9.0,151.89,45.0,143.0,35.0,177.28,29.0,148.44,6.889999999999986,44.0,74.0,47.40890528160275,118,-30.0,-72.0,-0.25,146.6,
2025-03-25 07:35:39,143.25,36.0,149.2,50.0,142.18,68.0,199.42,36.0,146.22,5.949999999999989,104.0,86.0,42.12647125027205,190,18.0,72.0,0.09,144.5,2.0
2025-03-25 07:35:40,144.3,37.0,149.5,60.0,142.23,48.0,281.5,44.0,146.9,5.199999999999989,85.0,104.0,13.662392909004486,189,-19.0,-1.0,-0.1,145.0,5.0
2025-03-25 07:35:41,143.49,63.0,149.04,83.0,142.13,87.0,150.48,31.0,146.26,5.549999999999983,150.0,114.0,1.0668270712827184,264,36.0,75.0,0.14,142.5,2.0
2025-03-25 07:35:42,144.55,20.0,148.86,37.0,142.29,56.0,324.12,17.0,146.71,4.310000000000002,76.0,54.0,0.9054722524859206,130,22.0,-134.0,0.17,147.0,1.0
2025-03-25 07:35:43,142.59,34.0,148.73,44.0,139.94,96.0,150.0,11.0,145.66,6.139999999999986,130.0,55.0,0.4830113870525311,185,75.0,55.0,0.41,143.0,4.0
2025-03-25 07:35:44,142.38,29.0,147.45,44.0,140.19,91.0,148.15,26.0,144.92,5.069999999999993,120.0,70.0,0.8098147936550922,190,50.0,5.0,0.26,143.0,
2025-03-25 07:35:45,143.01,75.0,145.11,18.0,141.92,36.0,150.6,30.0,144.06,2.1000000000000227,111.0,48.0,1.0576956083973963,159,63.0,-31.0,0.4,143.6,5.0
2025-03-25 07:35:46,143.0,60.0,144.0,10.0,142.0,30.0,176.78,27.0,143.5,1.0,90.0,37.0,1.2742841127565114,127,53.0,-32.0,0.42,143.6,
2025-03-25 07:35:47,142.0,30.0,184.68,22.0,139.0,10.0,269.8,30.0,163.34,42.68000000000001,40.0,52.0,8.450046153721331,92,-12.0,-35.0,-0.13,144.0,1.0
2025-03-25 07:35:48,145.35,20.0,321.91,22.0,143.33,9.0,517.19,16.0,233.63,176.56000000000003,29.0,38.0,38.77116196350072,67,-9.0,-25.0,-0.13,146.0,3.0
2025-03-25 07:35:49,146.17,24.0,217.16,43.0,145.0,12.0,318.89,38.0,181.66,70.99000000000001,36.0,81.0,37.25519587923272,117,-45.0,50.0,-0.38,146.0,
2025-03-25 07:35:50,148.43,28.0,289.36,33.0,147.08,26.0,505.64,28.0,218.9,140.93,54.0,61.0,37.6339471753892,115,-7.0,-2.0,-0.06,146.0,
2025-03-25 07:35:51,148.51,51.0,370.83,36.0,147.56,41.0,499.92,24.0,259.67,222.32,92.0,60.0,38.969985245057046,152,32.0,37.0,0.21,148.75,8.0
2025-03-25 07:35:52,148.0,36.0,230.0,27.0,145.0,9.0,578.0,18.0,189.0,82.0,45.0,45.0,32.14379986871433,90,0.0,-62.0,0.0,148.75,
2025-03-25 07:35:53,148.0,40.0,210.31,26.0,145.0,10.0,428.25,24.0,179.15,62.31,50.0,50.0,34.090732318329124,100,0.0,10.0,0.0,148.75,
2025-03-25 07:35:54,147.55,22.0,165.8,10.0,143.67,9.0,454.0,16.0,156.67,18.25,31.0,26.0,39.839151220877866,57,5.0,-43.0,0.09,147.4,5.0
2025-03-25 07:35:55,143.0,12.0,165.0,6.0,142.0,24.0,166.0,12.0,154.0,22.0,36.0,18.0,42.87488857128362,54,18.0,-3.0,0.33,147.4,
2025-03-25 07:35:56,143.0,26.0,162.82,17.0,142.0,52.0,163.84,31.0,152.91,19.819999999999997,78.0,48.0,16.611147762873156,126,30.0,72.0,0.24,147.4,
2025-03-25 07:35:57,143.0,18.0,160.73,11.0,142.0,36.0,162.92,25.0,151.86,17.72999999999999,54.0,36.0,11.45082398781907,90,18.0,-36.0,0.2,147.4,
2025-03-25 07:35:58,143.77,52.0,150.0,45.0,142.29,34.0,160.22,23.0,146.88,6.22999999999999,86.0,68.0,3.598420486827331,154,18.0,64.0,0.12,147.4,
2025-03-25 07:35:59,143.98,45.0,145.0,40.0,142.78,18.0,160.0,24.0,144.49,1.0200000000000102,63.0,64.0,4.123659782283326,127,-1.0,-27.0,-0.01,143.89,9.0
2025-03-25 07:36:00,143.0,7.0,144.22,23.0,142.0,28.0,146.36,33.0,143.61,1.2199999999999989,35.0,56.0,4.23797711178611,91,-21.0,-36.0,-0.23,143.89,
2025-03-25 07:36:01,143.0,5.0,144.0,15.0,142.0,20.0,145.0,25.0,143.5,1.0,25.0,40.0,3.511875567275239,65,-15.0,-26.0,-0.23,143.89,
2025-03-25 07:36:02,143.0,16.0,144.33,45.0,142.0,36.0,164.36,33.0,143.67,1.3300000000000125,52.0,78.0,1.4248684149865465,130,-26.0,65.0,-0.2,143.89,
2025-03-25 07:36:03,142.12,32.0,143.56,45.0,140.6,15.0,145.0,45.0,142.84,1.4399999999999975,47.0,90.0,0.5878520222190672,137,-43.0,7.0,-0.31,143.0,2.0
2025-03-25 07:36:04,141.18,33.0,143.82,55.0,106.67,24.0,200.92,49.0,142.5,2.6399999999999864,57.0,104.0,0.5233832248242455,161,-47.0,24.0,-0.29,141.4,5.0
2025-03-25 07:36:05,137.82,34.0,145.36,33.0,110.94,34.0,184.46,39.0,141.59,7.54000000000002,68.0,72.0,0.8367496638946518,140,-4.0,-21.0,-0.03,139.0,2.0
2025-03-25 07:36:06,139.21,38.0,144.59,34.0,118.44,36.0,158.52,46.0,141.9,5.379999999999996,74.0,80.0,0.8174044286814973,154,-6.0,14.0,-0.04,143.0,1.0
2025-03-25 07:36:07,139.0,18.0,146.0,15.0,58.43,14.0,256.14,7.0,142.5,7.0,32.0,22.0,0.5074248713143314,54,10.0,-100.0,0.19,143.0,
2025-03-25 07:36:08,139.87,46.0,144.39,49.0,128.38,26.0,198.91,22.0,142.13,4.519999999999982,72.0,71.0,0.393103039963446,143,1.0,89.0,0.01,141.67,6.0
2025-03-25 07:36:09,140.0,28.0,145.0,7.0,139.0,14.0,146.0,35.0,142.5,5.0,42.0,42.0,0.393103039963446,84,0.0,-59.0,0.0,141.67,
2025-03-25 07:36:10,140.75,48.0,146.07,29.0,139.33,30.0,149.18,49.0,143.41,5.319999999999993,78.0,78.0,0.5753868264290886,156,0.0,72.0,0.0,144.0,1.0
2025-03-25 07:36:11,144.88,34.0,147.0,45.0,142.6,20.0,211.84,19.0,145.94,2.1200000000000045,54.0,64.0,1.55165395627612,118,-10.0,-38.0,-0.08,144.0,
2025-03-25 07:36:12,145.29,45.0,146.78,46.0,143.42,62.0,414.54,35.0,146.04,1.490000000000009,107.0,81.0,1.8721725347912344,188,26.0,70.0,0.14,146.5,8.0
2025-03-25 07:36:13,145.0,24.0,147.5,12.0,142.0,45.0,364.0,21.0,146.25,2.5,69.0,33.0,1.743407582874941,102,36.0,-86.0,0.35,145.0,2.0
2025-03-25 07:36:14,145.0,12.0,149.0,6.0,139.0,24.0,311.33,18.0,147.0,4.0,36.0,24.0,1.3606873263262909,60,12.0,-42.0,0.2,145.0,
2025-03-25 07:36:15,145.0,22.0,149.0,11.0,143.8,25.0,264.18,33.0,147.0,4.0,47.0,44.0,0.5179575272397519,91,3.0,31.0,0.03,145.0,
2025-03-25 07:36:16,146.91,47.0,149.0,10.0,144.9,20.0,324.0,30.0,147.96,2.0900000000000034,67.0,40.0,0.7571657678632588,107,27.0,16.0,0.25,145.0,
2025-03-25 07:36:17,146.65,34.0,149.0,7.0,144.14,21.0,378.0,21.0,147.82,2.3499999999999943,55.0,28.0,0.6971943775043129,83,27.0,-24.0,0.33,145.0,
2025-03-25 07:36:18,144.11,54.0,189.06,34.0,143.12,68.0,410.0,42.0,166.58,44.94999999999999,122.0,76.0,8.569137646229057,198,46.0,115.0,0.23,146.0,4.0
2025-03-25 07:36:19,144.75,28.0,181.55,29.0,143.18,49.0,335.69,26.0,163.15,36.80000000000001,77.0,55.0,9.544538752607018,132,22.0,-66.0,0.17,144.0,1.0
2025-03-25 07:36:20,144.88,24.0,250.26,19.0,143.12,72.0,385.21,29.0,197.57,105.38,96.0,48.0,20.319328975141065,144,48.0,12.0,0.33,151.0,1.0
2025-03-25 07:36:21,144.0,42.0,147.65,34.0,143.0,126.0,285.1,40.0,145.82,3.6500000000000057,168.0,74.0,20.775297109789012,242,94.0,98.0,0.39,151.0,
2025-03-25 07:36:22,143.19,78.0,146.36,33.0,142.27,231.0,212.67,36.0,144.78,3.170000000000016,309.0,69.0,21.40889184427836,378,240.0,136.0,0.63,144.0,3.0
2025-03-25 07:36:23,143.0,40.0,144.82,17.0,142.0,192.0,217.9,20.0,143.91,1.8199999999999927,232.0,37.0,22.959125201104957,269,195.0,-109.0,0.72,143.0,4.0
2025-03-25 07:36:24,143.0,32.0,145.0,24.0,142.0,240.0,147.1,20.0,144.0,2.0,272.0,44.0,23.689029739523228,316,228.0,47.0,0.72,143.0,3.0
2025-03-25 07:36:25,142.0,96.0,146.0,8.0,139.0,16.0,148.0,8.0,144.0,4.0,112.0,16.0,0.8168353567430372,128,96.0,-170.5,0.75,143.0,2.0
2025-03-25 07:36:26,142.0,192.0,146.0,16.0,139.0,32.0,148.0,16.0,144.0,4.0,224.0,32.0,0.3609986149915943,256,192.0,128.0,0.75,143.0,
2025-03-25 07:36:27,142.0,248.0,147.18,22.0,139.0,44.0,198.79,28.0,144.59,5.180000000000007,292.0,50.0,0.2766767066919149,342,242.0,86.0,0.71,143.33,6.0
2025-03-25 07:36:28,142.66,61.0,146.38,26.0,141.88,190.0,190.58,31.0,144.52,3.719999999999999,251.0,57.0,0.3049918032108074,308,194.0,-34.0,0.63,145.0,2.0
2025-03-25 07:36:29,144.0,9.0,147.0,27.0,142.04,104.0,236.0,27.0,145.5,3.0,113.0,54.0,0.6136122554394795,167,59.0,-141.0,0.35,145.0,
2025-03-25 07:36:30,144.4,50.0,213.6,30.0,143.62,24.0,213.83,30.0,179.0,69.19999999999999,74.0,60.0,15.37015029204398,134,14.0,-33.0,0.1,145.0,6.0
2025-03-25 07:36:31,143.85,20.0,252.47,47.0,142.59,61.0,538.78,18.0,198.16,108.62,81.0,65.0,24.88386786655182,146,16.0,12.0,0.11,144.0,5.0
2025-03-25 07:36:32,145.33,12.0,433.4,30.0,143.0,48.0,678.29,42.0,289.37,288.06999999999994,60.0,72.0,59.37609451622753,132,-12.0,-14.0,-0.09,144.0,
2025-03-25 07:36:33,146.0,12.0,424.69,32.0,144.72,58.0,442.89,46.0,285.34,278.69,70.0,78.0,64.78496106350579,148,-8.0,16.0,-0.05,144.0,
2025-03-25 07:36:34,146.8,10.0,281.5,30.0,145.0,50.0,296.4,30.0,214.15,134.7,60.0,60.0,50.99507946851293,120,0.0,-28.0,0.0,144.0,
2025-03-25 07:36:35,148.0,11.0,279.25,24.0,145.0,55.0,288.91,32.0,213.62,131.25,66.0,56.0,43.61118858733322,122,10.0,2.0,0.08,144.0,
2025-03-25 07:36:36,145.23,39.0,252.62,26.0,143.87,39.0,258.21,28.0,198.92,107.39,78.0,54.0,43.4292925339562,132,24.0,10.0,0.18,146.5,2.0
2025-03-25 07:36:37,145.0,48.0,227.12,25.0,144.0,12.0,228.69,26.0,186.06,82.12,60.0,51.0,38.535058323557294,111,9.0,-21.0,0.08,146.5,
2025-03-25 07:36:38,145.67,60.0,214.33,30.0,144.48,42.0,215.82,33.0,180.0,68.66000000000003,102.0,63.0,15.578064706502614,165,39.0,54.0,0.24,146.5,
2025-03-25 07:36:39,147.33,60.0,211.15,41.0,145.0,60.0,212.81,31.0,179.24,63.81999999999999,120.0,72.0,14.63283021154788,192,48.0,27.0,0.25,148.0,2.0
2025-03-25 07:36:40,149.0,18.0,207.3,20.0,145.0,36.0,208.32,25.0,178.15,58.30000000000001,54.0,45.0,8.64012036953158,99,9.0,-93.0,0.09,148.0,
2025-03-25 07:36:42,144.03,31.0,204.1,41.0,142.67,36.0,205.12,34.0,174.06,60.06999999999999,67.0,75.0,2.305250528684579,142,-8.0,77.0,-0.06,145.75,8.0
2025-03-25 07:36:49,147.0,12.0,179.44,36.0,143.09,33.0,180.35,26.0,163.22,32.44,45.0,62.0,3.746073944813251,107,-17.0,27.0,-0.16,150.0,2.0
2025-03-25 07:36:50,143.0,40.0,176.7,23.0,142.0,16.0,177.3,33.0,159.85,33.69999999999999,56.0,56.0,4.2710338326933,112,0.0,5.0,0.0,144.0,1.0
2025-03-25 07:36:51,144.26,38.0,174.84,19.0,143.37,27.0,175.89,18.0,159.55,30.580000000000013,65.0,37.0,3.811472156531199,102,28.0,-10.0,0.27,144.0,
2025-03-25 07:36:52,145.57,28.0,173.37,41.0,143.37,49.0,174.24,29.0,159.47,27.80000000000001,77.0,70.0,3.0240039682536746,147,7.0,45.0,0.05,146.6,5.0
2025-03-25 07:36:53,144.09,22.0,169.88,32.0,142.75,40.0,171.51,35.0,156.98,25.789999999999992,62.0,67.0,2.226079513408157,129,-5.0,-18.0,-0.04,143.8,5.0
2025-03-25 07:36:54,143.75,16.0,163.73,60.0,142.86,28.0,165.04,48.0,153.74,19.97999999999999,44.0,108.0,2.6048166922102416,152,-64.0,23.0,-0.42,143.8,
2025-03-25 07:36:55,146.01,109.0,157.81,72.0,145.3,27.0,159.19,64.0,151.91,11.800000000000011,136.0,136.0,3.423996203271624,272,0.0,120.0,0.0,146.0,4.0
2025-03-25 07:36:56,147.92,52.0,152.94,48.0,146.25,32.0,154.42,48.0,150.43,5.02000000000001,84.0,96.0,3.6980305569343312,180,-12.0,-92.0,-0.07,146.0,
2025-03-25 07:36:57,147.83,29.0,149.07,54.0,144.58,31.0,150.77,35.0,148.45,1.239999999999981,60.0,89.0,3.257586529936236,149,-29.0,-31.0,-0.19,148.0,6.0
2025-03-25 07:36:58,144.48,25.0,148.0,45.0,143.67,30.0,267.76,17.0,146.24,3.5200000000000102,55.0,62.0,2.925838341403016,117,-7.0,-32.0,-0.06,145.5,2.0
2025-03-25 07:36:59,144.0,26.0,145.96,26.0,143.0,14.0,239.0,19.0,144.98,1.960000000000008,40.0,45.0,2.863803415045371,85,-5.0,-32.0,-0.06,144.0,2.0
2025-03-25 07:37:00,144.0,12.0,145.33,15.0,143.0,12.0,167.58,26.0,144.67,1.3300000000000125,24.0,41.0,2.446616030362512,65,-17.0,-20.0,-0.26,144.0,
2025-03-25 07:37:01,143.33,30.0,145.75,60.0,141.5,20.0,161.41,41.0,144.54,2.4199999999999875,50.0,101.0,1.6393687809726751,151,-51.0,86.0,-0.34,144.0,2.0
2025-03-25 07:37:02,134.95,95.0,156.14,44.0,96.24,58.0,227.32,19.0,145.54,21.19,153.0,63.0,0.7003427732391923,216,90.0,65.0,0.42,142.67,9.0
2025-03-25 07:37:03,144.0,58.0,179.0,16.0,142.0,24.0,194.33,15.0,161.5,35.0,82.0,31.0,7.419230418313311,113,51.0,-103.0,0.45,144.0,1.0
2025-03-25 07:37:04,144.22,65.0,179.0,22.0,142.68,41.0,280.7,20.0,161.61,34.78,106.0,42.0,9.121379829829602,148,64.0,35.0,0.43,144.0,
2025-03-25 07:37:09,144.83,58.0,172.89,18.0,143.71,68.0,582.67,18.0,158.86,28.05999999999997,126.0,36.0,2.4799758063357675,162,90.0,-18.0,0.56,147.0,4.0
2025-03-25 07:37:10,144.0,90.0,165.55,22.0,143.0,36.0,496.0,18.0,154.77,21.55000000000001,126.0,40.0,4.107471241532042,166,86.0,4.0,0.52,147.0,
2025-03-25 07:37:11,144.0,70.0,166.67,12.0,143.0,28.0,408.86,14.0,155.33,22.669999999999987,98.0,26.0,4.076227422509025,124,72.0,-42.0,0.58,147.0,
2025-03-25 07:37:12,145.23,78.0,147.0,9.0,143.83,72.0,170.0,18.0,146.12,1.7700000000000102,150.0,27.0,6.215901382745543,177,123.0,53.0,0.69,147.0,
2025-03-25 07:37:13,146.0,76.0,147.0,14.0,144.0,42.0,313.84,43.0,146.5,1.0,118.0,57.0,5.704088884302311,175,61.0,-2.0,0.35,146.0,6.0
2025-03-25 07:37:14,146.0,16.0,147.0,8.0,144.0,24.0,286.28,32.0,146.5,1.0,40.0,40.0,4.759057679837845,80,0.0,-95.0,0.0,146.0,
2025-03-25 07:37:15,146.0,20.0,147.0,10.0,144.0,30.0,148.0,30.0,146.5,1.0,50.0,40.0,3.994771582960054,90,10.0,10.0,0.11,146.0,
2025-03-25 07:37:16,143.0,99.0,147.0,9.0,142.0,37.0,148.0,27.0,145.0,4.0,136.0,36.0,0.6495229018496167,172,100.0,82.0,0.58,144.8,5.0
2025-03-25 07:37:17,143.0,33.0,147.0,3.0,142.0,12.0,148.0,9.0,145.0,4.0,45.0,12.0,0.8215838362744,57,33.0,-115.0,0.58,144.8,
2025-03-25 07:37:18,143.0,87.0,147.0,13.0,142.0,52.0,148.0,39.0,145.0,4.0,139.0,52.0,0.8215838362745673,191,87.0,134.0,0.46,144.8,
2025-03-25 07:37:19,143.15,80.0,146.56,9.0,142.76,67.0,147.88,17.0,144.85,3.4099999999999966,147.0,26.0,0.6906518660135038,173,121.0,-18.0,0.7,144.8,
2025-03-25 07:37:20,144.41,32.0,146.29,21.0,143.48,109.0,175.94,34.0,145.35,1.8799999999999957,141.0,55.0,0.1850675553092328,196,86.0,23.0,0.44,144.75,4.0
2025-03-25 07:37:21,144.8,40.0,148.0,34.0,143.44,100.0,405.48,50.0,146.4,3.1999999999999886,140.0,84.0,0.6310705190609904,224,56.0,28.0,0.25,148.0,2.0
2025-03-25 07:37:22,144.0,14.0,147.0,35.0,143.0,28.0,148.0,7.0,145.5,3.0,42.0,42.0,0.6068360569608751,84,0.0,-140.0,0.0,148.0,
2025-03-25 07:37:23,143.62,42.0,146.0,52.0,142.5,56.0,148.0,14.0,144.81,2.3799999999999955,98.0,66.0,0.6444920480718541,164,32.0,80.0,0.2,145.67,3.0
2025-03-25 07:37:24,143.0,20.0,146.74,19.0,142.0,36.0,220.11,18.0,144.87,3.740000000000009,56.0,37.0,0.6404139286647735,93,19.0,-71.0,0.2,143.0,2.0
2025-03-25 07:37:25,143.45,40.0,146.35,37.0,142.21,56.0,182.57,70.0,144.9,2.9000000000000057,96.0,107.0,0.6772960947974901,203,-11.0,110.0,-0.05,145.0,1.0
2025-03-25 07:37:26,143.25,24.0,147.0,60.0,142.14,42.0,298.75,36.0,145.12,3.75,66.0,96.0,0.2825774230687139,162,-30.0,-41.0,-0.19,145.0,
2025-03-25 07:37:27,144.0,24.0,146.38,52.0,143.0,24.0,255.0,14.0,145.19,2.3799999999999955,48.0,66.0,0.1666433317844145,114,-18.0,-48.0,-0.16,145.0,
2025-03-25 07:37:28,144.86,28.0,146.0,40.0,143.29,28.0,147.0,14.0,145.43,1.1399999999999864,56.0,54.0,0.2292814864486362,110,2.0,-4.0,0.02,146.0,2.0
2025-03-25 07:37:29,142.23,26.0,146.0,18.0,139.7,10.0,147.0,9.0,144.12,3.77000000000001,36.0,27.0,0.5020657327763393,63,9.0,-47.0,0.14,143.6,5.0
2025-03-25 07:37:30,143.57,23.0,145.64,28.0,141.89,37.0,146.71,17.0,144.6,2.069999999999993,60.0,45.0,0.5271337591430683,105,15.0,42.0,0.14,144.0,3.0
2025-03-25 07:37:31,144.0,10.0,146.0,12.0,142.0,30.0,148.0,10.0,145.0,2.0,40.0,22.0,0.5167881577864621,62,18.0,-43.0,0.29,146.0,1.0
2025-03-25 07:37:32,144.0,7.0,145.43,7.0,142.0,21.0,147.05,19.0,144.71,1.4300000000000068,28.0,26.0,0.4856644932753663,54,2.0,-8.0,0.04,146.0,
2025-03-25 07:37:33,140.67,46.0,144.94,16.0,138.74,102.0,152.25,24.0,142.81,4.27000000000001,148.0,40.0,0.864158550283983,188,108.0,134.0,0.57,141.33,6.0
2025-03-25 07:37:34,136.28,106.0,141.6,20.0,117.9,82.0,146.73,44.0,138.94,5.319999999999993,188.0,64.0,2.538655155792122,252,124.0,64.0,0.49,141.33,
2025-03-25 07:37:35,139.29,21.0,141.47,19.0,136.68,79.0,146.83,53.0,140.38,2.180000000000007,100.0,72.0,2.660407863473336,172,28.0,-80.0,0.16,140.0,3.0
2025-03-25 07:37:36,137.4,50.0,141.55,11.0,135.63,79.0,146.98,51.0,139.47,4.150000000000006,129.0,62.0,2.432379493424464,191,67.0,19.0,0.35,139.0,3.0
2025-03-25 07:37:37,137.0,74.0,142.11,9.0,129.0,17.0,146.59,17.0,139.56,5.110000000000014,91.0,26.0,1.5304803167740677,117,65.0,-74.0,0.56,141.0,1.0
2025-03-25 07:37:38,137.0,8.0,146.0,8.0,116.94,18.0,147.0,40.0,141.5,9.0,26.0,48.0,0.9984988733259068,74,-22.0,-43.0,-0.3,141.0,
2025-03-25 07:37:39,139.57,14.0,142.0,15.0,136.2,10.0,146.83,30.0,140.79,2.430000000000007,24.0,45.0,0.8536685539673649,69,-21.0,-5.0,-0.3,143.0,3.0
2025-03-25 07:37:40,137.0,11.0,140.0,14.0,136.0,7.0,145.0,41.0,138.5,3.0,18.0,55.0,1.1823831866332946,73,-37.0,4.0,-0.51,143.0,
2025-03-25 07:37:41,137.67,36.0,140.71,21.0,113.77,30.0,155.04,52.0,139.19,3.0400000000000205,66.0,73.0,1.2177314975121394,139,-7.0,66.0,-0.05,140.0,2.0
2025-03-25 07:37:42,135.64,36.0,144.72,58.0,130.9,40.0,214.6,25.0,140.18,9.080000000000013,76.0,83.0,1.2049356829445457,159,-7.0,20.0,-0.04,140.0,
2025-03-25 07:37:43,136.08,12.0,141.45,44.0,135.0,55.0,144.86,35.0,138.77,5.369999999999976,67.0,79.0,0.9688291903290048,146,-12.0,-13.0,-0.08,140.0,
2025-03-25 07:37:44,135.33,61.0,139.58,72.0,133.73,52.0,140.76,37.0,137.46,4.25,113.0,109.0,0.9925976022710304,222,4.0,76.0,0.02,140.0,1.0
2025-03-25 07:37:45,136.0,24.0,138.88,24.0,134.5,40.0,140.0,24.0,137.44,2.8799999999999955,64.0,48.0,1.1745509780483825,112,16.0,-110.0,0.14,140.0,
2025-03-25 07:37:46,136.0,21.0,138.0,21.0,133.0,35.0,140.0,37.0,137.0,2.0,56.0,58.0,1.3044155779638789,114,-2.0,2.0,-0.02,140.0,
2025-03-25 07:37:47,136.45,33.0,139.41,51.0,132.63,59.0,140.29,41.0,137.93,2.960000000000008,92.0,92.0,0.6728670002573051,184,0.0,70.0,0.0,138.5,4.0
2025-03-25 07:37:48,137.0,30.0,138.5,32.0,133.86,14.0,140.71,34.0,137.75,1.5,44.0,66.0,0.3540197735091183,110,-22.0,-74.0,-0.2,140.0,2.0
2025-03-25 07:37:49,137.0,18.0,140.18,22.0,135.0,6.0,141.33,12.0,138.59,3.180000000000007,24.0,34.0,0.5908214620638325,58,-10.0,-52.0,-0.17,138.0,3.0
2025-03-25 07:37:50,135.12,34.0,140.35,34.0,132.22,59.0,141.06,47.0,137.74,5.22999999999999,93.0,81.0,0.5672477413222462,174,12.0,116.0,0.07,137.0,3.0
2025-03-25 07:37:51,133.0,18.0,140.8,30.0,132.0,56.0,222.89,27.0,136.9,7.800000000000011,74.0,57.0,0.6032163791171476,131,17.0,-43.0,0.13,140.0,2.0
2025-03-25 07:37:52,136.4,15.0,140.9,40.0,133.48,29.0,230.06,35.0,138.65,4.5,44.0,75.0,0.721685527106563,119,-31.0,-12.0,-0.26,140.0,
2025-03-25 07:37:53,138.33,12.0,140.0,12.0,134.5,24.0,141.0,59.0,139.17,1.6699999999999875,36.0,71.0,0.8939519002915188,107,-35.0,-12.0,-0.33,140.0,
2025-03-25 07:37:54,133.78,23.0,140.87,23.0,132.43,21.0,170.16,31.0,137.33,7.090000000000003,44.0,54.0,0.9366269268150637,98,-10.0,-9.0,-0.1,140.0,1.0
2025-03-25 07:37:55,133.84,31.0,141.0,55.0,133.37,19.0,194.0,44.0,137.42,7.159999999999997,50.0,99.0,0.9657277049122518,149,-49.0,51.0,-0.33,137.0,2.0
2025-03-25 07:37:56,133.0,45.0,140.2,25.0,132.0,9.0,147.62,32.0,136.6,7.199999999999989,54.0,57.0,1.0486801228378166,111,-3.0,-38.0,-0.03,137.0,
2025-03-25 07:37:57,133.05,37.0,139.64,25.0,132.59,17.0,140.17,24.0,136.35,6.589999999999975,54.0,49.0,1.1042327653332422,103,5.0,-8.0,0.05,137.0,
2025-03-25 07:37:58,134.58,12.0,138.59,27.0,133.14,44.0,139.79,33.0,136.59,4.009999999999991,56.0,60.0,0.483497673247666,116,-4.0,13.0,-0.03,137.0,1.0
2025-03-25 07:37:59,132.89,27.0,139.0,40.0,131.7,30.0,141.0,10.0,135.94,6.110000000000014,57.0,50.0,0.5405090193846253,107,7.0,-9.0,0.07,135.0,4.0
2025-03-25 07:38:00,132.0,56.0,138.63,19.0,130.5,30.0,139.19,31.0,135.32,6.629999999999996,86.0,50.0,0.5405090193849442,136,36.0,29.0,0.26,135.0,
2025-03-25 07:38:01,132.0,56.0,138.3,10.0,128.0,7.0,139.08,25.0,135.15,6.300000000000011,63.0,35.0,0.6274153329627014,98,28.0,-38.0,0.29,138.67,6.0
2025-03-25 07:38:02,132.0,40.0,139.0,14.0,128.0,5.0,140.0,20.0,135.5,7.0,45.0,34.0,0.5780570906379704,79,11.0,-19.0,0.14,139.0,1.0
2025-03-25 07:38:03,132.0,43.0,139.0,10.0,128.0,5.0,140.0,20.0,135.5,7.0,48.0,30.0,0.2944825971717412,78,18.0,-1.0,0.23,139.0,
2025-03-25 07:38:04,132.0,55.0,139.0,10.0,128.0,7.0,140.0,20.0,135.5,7.0,62.0,30.0,0.1570986952112904,92,32.0,14.0,0.35,139.0,
2025-03-25 07:38:05,132.0,77.0,139.0,10.0,128.0,7.0,140.0,28.0,135.5,7.0,84.0,38.0,0.1565247585433655,122,46.0,30.0,0.38,139.0,1.0
2025-03-25 07:38:06,132.0,55.0,139.0,5.0,128.0,5.0,140.0,20.0,135.5,7.0,60.0,25.0,0.0,85,35.0,-37.0,0.41,139.0,
2025-03-25 07:38:07,132.0,55.0,139.0,5.0,128.0,5.0,140.0,20.0,135.5,7.0,60.0,25.0,0.0,85,35.0,0.0,0.41,139.0,
2025-03-25 07:38:08,132.0,55.0,139.0,15.0,128.0,5.0,140.0,20.0,135.5,7.0,60.0,35.0,0.0,95,25.0,10.0,0.26,139.0,
2025-03-25 07:38:09,132.35,17.0,139.0,15.0,131.88,34.0,140.0,16.0,135.68,6.650000000000006,51.0,31.0,0.0804984474196197,82,20.0,-13.0,0.24,139.0,
2025-03-25 07:38:10,134.3,20.0,139.0,60.0,132.51,68.0,140.0,40.0,136.65,4.699999999999989,88.0,100.0,0.5002799216806341,188,-12.0,106.0,-0.06,139.0,
2025-03-25 07:38:11,135.0,12.0,139.0,33.0,133.0,30.0,140.0,30.0,137.0,4.0,42.0,63.0,0.7076581095674233,105,-21.0,-83.0,-0.2,139.0,
2025-03-25 07:38:12,133.08,26.0,138.76,33.0,125.31,42.0,139.64,55.0,135.92,5.679999999999978,68.0,88.0,0.6459102105064404,156,-20.0,51.0,-0.13,138.0,2.0
2025-03-25 07:38:13,132.66,53.0,136.93,14.0,127.64,36.0,139.0,70.0,134.79,4.27000000000001,89.0,84.0,0.86531497157774,173,5.0,17.0,0.03,138.0,
2025-03-25 07:38:14,134.4,30.0,136.0,9.0,133.86,42.0,138.16,38.0,135.2,1.5999999999999943,72.0,47.0,0.9346496670071952,119,25.0,-54.0,0.21,138.0,
2025-03-25 07:38:15,136.06,48.0,138.0,52.0,134.14,43.0,139.0,78.0,137.03,1.9399999999999975,91.0,130.0,1.021112138815618,221,-39.0,102.0,-0.18,136.0,1.0
2025-03-25 07:38:16,137.0,54.0,138.0,36.0,136.0,9.0,139.0,49.0,137.5,1.0,63.0,85.0,1.160030172037149,148,-22.0,-73.0,-0.15,138.0,1.0
2025-03-25 07:38:17,133.87,46.0,138.19,27.0,128.76,58.0,139.2,75.0,136.03,4.319999999999993,104.0,102.0,1.1570868593310188,206,2.0,58.0,0.01,137.5,6.0
2025-03-25 07:38:18,133.19,37.0,138.97,113.0,131.33,39.0,139.96,116.0,136.08,5.780000000000001,76.0,229.0,0.9056875841239846,305,-153.0,99.0,-0.5,138.25,4.0
2025-03-25 07:38:19,137.12,17.0,139.0,64.0,133.56,25.0,140.0,60.0,138.06,1.8799999999999957,42.0,124.0,0.8865382112666795,166,-82.0,-139.0,-0.49,139.0,2.0
2025-03-25 07:38:20,135.91,11.0,139.0,47.0,133.0,66.0,140.0,66.0,137.45,3.0900000000000034,77.0,113.0,0.9165860570813092,190,-36.0,24.0,-0.19,139.0,3.0
2025-03-25 07:38:21,137.86,43.0,139.0,16.0,133.65,23.0,140.0,48.0,138.43,1.1399999999999864,66.0,64.0,1.1110580543048718,130,2.0,-60.0,0.02,138.0,5.0
2025-03-25 07:38:22,135.33,45.0,190.64,22.0,132.48,33.0,213.14,56.0,162.98,55.30999999999997,78.0,78.0,11.42779287526825,156,0.0,26.0,0.0,140.23,13.0
2025-03-25 07:38:23,137.71,68.0,249.74,38.0,133.65,31.0,430.56,50.0,193.72,112.03,99.0,88.0,24.640656850011595,187,11.0,31.0,0.06,142.0,4.0
2025-03-25 07:38:24,143.88,34.0,173.82,22.0,142.91,44.0,461.59,41.0,158.85,29.94,78.0,63.0,22.947329474255177,141,15.0,-46.0,0.11,142.0,
2025-03-25 07:38:25,144.0,24.0,172.75,16.0,143.0,32.0,195.0,25.0,158.38,28.75,56.0,41.0,19.903370820039928,97,15.0,-44.0,0.15,142.0,
2025-03-25 07:38:26,144.0,20.0,145.77,13.0,143.0,28.0,176.76,17.0,144.88,1.7700000000000102,48.0,30.0,18.081184142638893,78,18.0,-19.0,0.23,144.5,2.0
2025-03-25 07:38:27,144.0,11.0,194.46,26.0,143.0,28.0,413.39,31.0,169.23,50.46000000000001,39.0,57.0,18.22904193862132,96,-18.0,18.0,-0.19,144.0,1.0
2025-03-25 07:38:28,145.33,140.0,317.65,85.0,144.68,77.0,673.06,68.0,231.49,172.31999999999996,217.0,153.0,34.05529518298158,370,64.0,169.5,0.17,144.0,
2025-03-25 07:38:29,147.78,78.0,430.27,37.0,145.31,39.0,590.0,20.0,289.03,282.49,117.0,57.0,60.46780275485447,174,60.0,-170.5,0.34,147.0,5.0
2025-03-25 07:38:30,149.0,70.0,268.83,29.0,148.0,21.0,307.26,27.0,208.91,119.82999999999998,91.0,56.0,56.132009762701145,147,35.0,-27.0,0.24,147.0,
2025-03-25 07:38:31,149.0,83.0,255.0,33.0,148.0,33.0,256.0,55.0,202.0,106.0,116.0,88.0,44.50183951254113,204,28.0,57.0,0.14,149.0,3.0
2025-03-25 07:38:32,149.0,32.0,216.82,40.0,148.0,33.0,247.57,37.0,182.91,67.82,65.0,77.0,40.86162649724022,142,-12.0,-62.0,-0.08,149.0,5.0
2025-03-25 07:38:33,148.13,15.0,217.43,21.0,145.5,8.0,291.12,24.0,182.78,69.30000000000001,23.0,45.0,43.979728625810935,68,-22.0,-74.0,-0.32,148.67,3.0
2025-03-25 07:38:34,148.0,24.0,230.14,37.0,144.0,12.0,318.55,58.0,189.07,82.13999999999999,36.0,95.0,11.787066216832493,131,-59.0,63.0,-0.45,148.67,
2025-03-25 07:38:37,144.0,11.0,233.27,22.0,143.0,44.0,236.0,33.0,188.64,89.27000000000001,55.0,55.0,5.773986491151527,110,0.0,-17.0,0.0,148.67,
2025-03-25 07:38:38,144.0,11.0,230.21,28.0,143.0,44.0,233.78,27.0,187.11,86.21000000000001,55.0,55.0,5.392019102340002,110,0.0,0.0,0.0,148.67,
2025-03-25 07:38:39,143.75,4.0,229.0,12.0,142.75,16.0,231.0,8.0,186.38,85.25,20.0,20.0,5.310837975310488,40,0.0,-70.0,0.0,143.25,4.0
2025-03-25 07:38:40,143.0,6.0,228.23,13.0,142.0,24.0,229.24,17.0,185.62,85.22999999999999,30.0,30.0,3.88328211697288,60,0.0,20.0,0.0,143.25,
2025-03-25 07:38:41,143.0,7.0,212.78,18.0,142.0,28.0,226.86,14.0,177.89,69.78,35.0,32.0,4.197043006689537,67,3.0,7.0,0.04,143.25,
2025-03-25 07:38:42,144.16,19.0,195.0,24.0,142.21,29.0,209.07,28.0,169.58,50.84,48.0,52.0,7.5367453187702305,100,-4.0,33.0,-0.04,143.25,
2025-03-25 07:38:43,146.29,126.0,192.6,35.0,144.75,110.0,193.92,24.0,169.45,46.31,236.0,59.0,8.247219531454721,295,177.0,169.5,0.6,148.0,4.0
2025-03-25 07:38:44,148.92,24.0,172.54,26.0,146.19,53.0,176.75,24.0,160.73,23.620000000000005,77.0,50.0,9.45290590242032,127,27.0,-168.0,0.21,148.2,5.0
2025-03-25 07:38:45,149.0,30.0,159.2,30.0,148.0,15.0,160.53,17.0,154.1,10.199999999999989,45.0,47.0,9.14960928127637,92,-2.0,-35.0,-0.02,148.2,
2025-03-25 07:38:48,144.61,79.0,150.75,16.0,146.64,14.0,152.2,20.0,147.68,6.139999999999986,93.0,36.0,4.737010660746961,129,57.0,69.0,0.44,149.0,4.0
2025-03-25 07:38:49,144.0,154.0,149.16,19.0,143.0,80.0,151.09,32.0,146.58,5.159999999999997,234.0,51.0,3.353598067752457,285,183.0,156.0,0.64,149.0,
2025-03-25 07:38:50,143.44,54.0,146.12,17.0,142.88,102.0,269.36,22.0,144.78,2.680000000000007,156.0,39.0,3.5467421671210877,195,117.0,-90.0,0.6,144.0,3.0
2025-03-25 07:38:51,143.42,31.0,146.0,13.0,142.93,118.0,281.67,30.0,144.71,2.5800000000000125,149.0,43.0,2.8742616443247453,192,106.0,-3.0,0.55,144.0,
2025-03-25 07:38:53,143.0,97.0,230.19,27.0,142.0,10.0,368.3,20.0,186.59,87.19,107.0,47.0,66.67064683952003,154,60.0,-43.0,0.39,144.0,
2025-03-25 07:38:54,143.0,81.0,300.33,9.0,142.0,9.0,302.0,36.0,221.67,157.32999999999998,90.0,45.0,64.44455229109741,135,45.0,-19.0,0.33,144.0,
2025-03-25 07:38:55,143.0,144.0,229.4,20.0,142.0,16.0,346.02,47.0,186.2,86.4,160.0,67.0,58.00756605823055,227,93.0,92.0,0.41,144.0,
2025-03-25 07:38:56,143.0,135.0,156.0,15.0,142.0,15.0,157.67,15.0,149.5,13.0,150.0,30.0,56.73292386260363,180,120.0,-47.0,0.67,144.0,
2025-03-25 07:38:57,143.0,117.0,150.0,13.0,142.0,13.0,151.08,13.0,146.5,7.0,130.0,26.0,31.0344755070874,156,104.0,-24.0,0.67,143.0,5.0
2025-03-25 07:38:58,143.0,56.0,146.43,14.0,142.0,14.0,147.93,14.0,144.71,3.430000000000007,70.0,28.0,33.704264270267274,98,42.0,-58.0,0.43,143.0,
2025-03-25 07:38:59,140.75,48.0,144.0,9.0,139.16,57.0,147.0,9.0,142.38,3.25,105.0,18.0,18.265867622427105,123,87.0,25.0,0.71,143.57,7.0
2025-03-25 07:39:00,140.0,84.0,231.32,31.0,139.0,126.0,329.18,33.0,185.66,91.32,210.0,64.0,18.026866061521368,274,146.0,151.0,0.53,143.57,
2025-03-25 07:39:01,139.31,26.0,178.05,21.0,138.95,74.0,258.52,29.0,158.68,38.74000000000001,100.0,50.0,17.953130089208102,150,50.0,-124.0,0.33,140.0,6.0
2025-03-25 07:39:02,140.58,72.0,341.97,35.0,139.36,42.0,563.84,31.0,241.28,201.39,114.0,66.0,41.08988951068149,180,48.0,30.0,0.27,146.0,3.0
2025-03-25 07:39:03,142.0,15.0,295.67,18.0,139.0,63.0,421.8,20.0,218.83,153.67000000000002,78.0,38.0,41.006828455758445,116,40.0,-64.0,0.34,142.0,1.0
2025-03-25 07:39:04,140.64,33.0,171.0,10.0,138.71,21.0,346.0,15.0,155.82,30.360000000000014,54.0,25.0,37.44249964946248,79,29.0,-37.0,0.37,142.0,
2025-03-25 07:39:18,149.0,136.0,155.51,57.0,148.0,80.0,156.32,74.0,152.25,6.509999999999991,216.0,131.0,2.359783888416182,347,85.0,83.0,0.24,149.0,4.0
2025-03-25 07:39:19,149.0,21.0,153.67,15.0,148.0,30.0,154.93,27.0,151.33,4.669999999999988,51.0,42.0,2.256269044247518,93,9.0,-170.5,0.1,149.0,3.0
2025-03-25 07:39:20,148.79,24.0,151.51,47.0,147.88,64.0,152.54,39.0,150.15,2.719999999999999,88.0,86.0,1.9917153411144628,174,2.0,81.0,0.01,149.0,2.0
2025-03-25 07:39:21,146.91,44.0,149.45,44.0,144.65,34.0,150.25,32.0,148.18,2.539999999999992,78.0,76.0,2.0769809821064427,154,2.0,-20.0,0.01,148.0,5.0
2025-03-25 07:39:22,143.6,30.0,146.38,40.0,142.71,28.0,149.0,16.0,144.99,2.780000000000001,58.0,56.0,2.887230506910261,114,2.0,-40.0,0.02,146.0,4.0
2025-03-25 07:39:23,143.5,20.0,146.07,29.0,142.86,29.0,228.5,20.0,144.78,2.569999999999993,49.0,49.0,2.962571518129906,98,0.0,-16.0,0.0,144.0,2.0
2025-03-25 07:39:24,143.0,67.0,151.47,34.0,142.0,30.0,190.81,42.0,147.24,8.469999999999999,97.0,76.0,2.253767956120419,173,21.0,75.0,0.12,143.5,4.0
2025-03-25 07:39:25,143.86,70.0,164.22,32.0,142.6,20.0,310.2,45.0,154.04,20.359999999999985,90.0,77.0,3.755047270013322,167,13.0,-6.0,0.08,143.0,1.0
2025-03-25 07:39:26,144.0,120.0,160.54,28.0,143.0,12.0,220.67,18.0,152.27,16.539999999999992,132.0,46.0,4.257819864676499,178,86.0,11.0,0.48,143.0,
2025-03-25 07:39:27,144.95,81.0,163.0,33.0,144.42,77.0,517.31,35.0,153.98,18.05000000000001,158.0,68.0,4.216446371060849,226,90.0,48.0,0.4,143.0,
2025-03-25 07:39:28,147.0,25.0,162.0,15.0,146.0,20.0,440.65,23.0,154.5,15.0,45.0,38.0,3.009913620028069,83,7.0,-143.0,0.08,143.0,
2025-03-25 07:39:29,147.86,43.0,160.06,35.0,146.96,47.0,188.82,33.0,153.96,12.199999999999989,90.0,68.0,0.8564461454343293,158,22.0,75.0,0.14,143.0,
2025-03-25 07:39:32,149.0,33.0,151.0,36.0,148.0,36.0,152.0,27.0,150.0,2.0,69.0,63.0,2.055402636962095,132,6.0,-98.0,0.05,149.0,4.0
2025-03-25 07:39:33,148.53,34.0,150.04,25.0,147.2,40.0,153.95,37.0,149.28,1.509999999999991,74.0,62.0,1.992209828314219,136,12.0,4.0,0.09,149.0,3.0
2025-03-25 07:39:34,148.0,23.0,149.35,26.0,146.0,40.0,185.16,43.0,148.67,1.3499999999999943,63.0,69.0,1.565461593279391,132,-6.0,-4.0,-0.05,148.0,2.0
2025-03-25 07:39:35,144.36,101.0,255.5,42.0,143.98,82.0,521.23,47.0,199.93,111.14,183.0,89.0,22.52880445119144,272,94.0,140.0,0.35,146.67,6.0
2025-03-25 07:39:36,144.0,134.0,146.73,22.0,143.0,20.0,266.09,44.0,145.36,2.7299999999999898,154.0,66.0,23.14563825000348,220,88.0,-52.0,0.4,144.0,4.0
2025-03-25 07:39:37,144.0,95.0,146.0,8.0,143.0,16.0,361.5,34.0,145.0,2.0,111.0,42.0,23.713721133555257,153,69.0,-67.0,0.45,144.0,3.0
2025-03-25 07:39:38,144.0,88.0,193.07,15.0,142.65,17.0,352.86,28.0,168.53,49.06999999999999,105.0,43.0,23.577766433655693,148,62.0,-5.0,0.42,144.0,1.0
2025-03-25 07:39:39,144.0,69.0,233.89,36.0,143.0,18.0,427.0,3.0,188.94,89.88999999999999,87.0,39.0,24.939002987289054,126,48.0,-22.0,0.38,144.0,2.0
2025-03-25 07:39:40,144.0,56.0,304.94,16.0,143.0,16.0,323.7,23.0,224.47,160.94,72.0,39.0,33.393625888783134,111,33.0,-15.0,0.3,144.0,
2025-03-25 07:39:41,144.0,84.0,158.56,16.0,143.0,24.0,160.71,28.0,151.28,14.560000000000002,108.0,44.0,32.18707085150816,152,64.0,41.0,0.42,144.0,
2025-03-25 07:39:42,144.33,42.0,156.33,30.0,143.83,59.0,157.64,22.0,150.33,12.0,101.0,52.0,30.98423873520221,153,49.0,1.0,0.32,144.0,
2025-03-25 07:39:47,148.94,51.0,192.23,26.0,144.2,80.0,215.35,51.0,170.59,43.28999999999999,131.0,77.0,8.057704387728972,208,54.0,68.0,0.26,146.77,13.0
2025-03-25 07:39:48,144.0,24.0,214.47,51.0,143.0,120.0,331.27,49.0,179.24,70.47,144.0,100.0,12.649277845000531,244,44.0,36.0,0.18,146.77,
2025-03-25 07:39:49,144.0,18.0,294.43,42.0,143.0,90.0,408.59,22.0,219.21,150.43,108.0,64.0,27.26535072211629,172,44.0,-72.0,0.26,146.77,
2025-03-25 07:39:50,144.0,14.0,325.0,35.0,143.0,70.0,405.25,16.0,234.5,181.0,84.0,51.0,34.453774394106524,135,33.0,-37.0,0.24,146.77,
2025-03-25 07:39:51,143.64,28.0,304.16,44.0,142.98,92.0,472.12,34.0,223.9,160.52000000000004,120.0,78.0,28.617385799544564,198,42.0,63.0,0.21,146.77,
2025-03-25 07:39:52,143.72,71.0,245.18,55.0,142.96,94.0,417.72,29.0,194.45,101.46,165.0,84.0,22.726230439735712,249,81.0,51.0,0.33,144.0,2.0
2025-03-25 07:39:53,144.32,76.0,278.22,72.0,143.11,146.0,302.0,60.0,211.27,133.90000000000003,222.0,132.0,14.996013803673398,354,90.0,105.0,0.25,144.0,
2025-03-25 07:39:54,145.73,66.0,238.94,53.0,144.0,44.0,260.96,46.0,192.34,93.21,110.0,99.0,18.30576876287825,209,11.0,-145.0,0.05,144.0,
2025-03-25 07:39:55,146.0,66.0,232.31,54.0,144.0,44.0,233.73,55.0,189.16,86.31,110.0,109.0,14.836405561994445,219,1.0,10.0,0.0,144.0,
2025-03-25 07:39:56,147.0,36.0,214.5,20.0,144.0,24.0,229.64,28.0,180.75,67.5,60.0,48.0,11.173349095056038,108,12.0,-111.0,0.11,144.0,
2025-03-25 07:39:57,147.0,66.0,197.5,28.0,144.0,44.0,228.41,49.0,172.25,50.5,110.0,77.0,14.62566682240487,187,33.0,79.0,0.18,144.0,
2025-03-25 07:39:58,147.0,20.0,227.64,53.0,144.0,48.0,229.36,55.0,187.32,80.63999999999999,68.0,108.0,7.986959997395746,176,-40.0,-11.0,-0.23,147.0,5.0
2025-03-25 07:40:01,145.0,29.0,206.49,49.0,144.35,49.0,207.6,50.0,175.74,61.49000000000001,78.0,99.0,5.835537678740963,177,-21.0,23.0,-0.12,146.2,10.0
2025-03-25 07:40:02,143.24,58.0,200.08,59.0,142.92,37.0,205.32,50.0,171.66,56.84,95.0,109.0,6.021538009512655,204,-14.0,27.0,-0.07,146.2,
2025-03-25 07:40:03,146.27,11.0,173.73,55.0,144.0,22.0,203.09,55.0,160.0,27.45999999999998,33.0,110.0,8.773010885665883,143,-77.0,-61.0,-0.54,146.2,
2025-03-25 07:40:04,148.98,54.0,196.8,55.0,145.36,44.0,197.79,57.0,172.89,47.82000000000002,98.0,112.0,7.401222871932336,210,-14.0,67.0,-0.07,146.2,
2025-03-25 07:40:08,149.0,88.0,169.57,54.0,146.0,22.0,182.7,50.0,159.29,20.569999999999997,110.0,104.0,5.52873584104162,214,6.0,-39.0,0.03,146.2,
2025-03-25 07:40:09,149.0,112.0,152.14,70.0,146.0,28.0,153.36,70.0,150.57,3.1399999999999864,140.0,140.0,9.182237200161168,280,0.0,66.0,0.0,146.2,
2025-03-25 07:40:10,149.0,107.0,150.7,50.0,146.0,28.0,151.64,70.0,149.85,1.6999999999999886,135.0,120.0,9.952241958474929,255,15.0,-25.0,0.06,149.0,1.0
2025-03-25 07:40:11,148.6,25.0,149.85,41.0,146.4,20.0,152.0,50.0,149.23,1.25,45.0,91.0,8.400897571095262,136,-46.0,-119.0,-0.34,149.0,7.0
2025-03-25 07:40:12,146.8,20.0,148.9,20.0,144.2,80.0,153.0,50.0,147.85,2.0999999999999943,100.0,70.0,4.545494472556247,170,30.0,34.0,0.18,148.0,2.0
2025-03-25 07:40:13,144.62,52.0,147.28,25.0,143.71,136.0,154.72,57.0,145.95,2.6599999999999966,188.0,82.0,1.8292621463428265,270,106.0,100.0,0.39,144.67,6.0
2025-03-25 07:40:14,144.0,97.0,145.67,36.0,143.0,140.0,242.82,39.0,144.83,1.6699999999999875,237.0,75.0,2.1307557344858266,312,162.0,42.0,0.52,144.0,3.0
2025-03-25 07:40:15,144.0,55.0,263.03,32.0,143.0,150.0,449.2,51.0,203.52,119.02999999999996,205.0,83.0,25.34894632918754,288,122.0,-24.0,0.42,144.0,2.0
2025-03-25 07:40:16,144.14,35.0,166.18,38.0,143.13,115.0,496.47,34.0,155.16,22.04000000000002,150.0,72.0,24.955573926480408,222,78.0,-66.0,0.35,144.0,
2025-03-25 07:40:17,144.0,70.0,168.1,50.0,143.0,100.0,248.92,26.0,156.05,24.099999999999994,170.0,76.0,24.26148119963055,246,94.0,24.0,0.38,145.0,1.0
2025-03-25 07:40:18,144.0,48.0,167.25,40.0,143.0,80.0,340.4,30.0,155.62,23.25,128.0,70.0,23.109766982815376,198,58.0,-48.0,0.29,144.0,5.0
2025-03-25 07:40:19,144.65,43.0,165.27,55.0,143.34,61.0,323.78,45.0,154.96,20.620000000000005,104.0,100.0,21.50282121025102,204,4.0,6.0,0.02,144.0,3.0
2025-03-25 07:40:20,145.0,48.0,164.25,60.0,144.0,36.0,173.75,60.0,154.62,19.25,84.0,120.0,0.5614445654146181,204,-36.0,0.0,-0.18,144.0,
2025-03-25 07:40:21,145.85,52.0,162.92,65.0,144.0,39.0,164.85,65.0,154.38,17.069999999999993,91.0,130.0,0.6960459755172883,221,-39.0,17.0,-0.18,144.0,
2025-03-25 07:40:22,145.03,39.0,159.69,65.0,142.42,71.0,162.69,65.0,152.36,14.659999999999997,110.0,130.0,1.2259363768298652,240,-20.0,19.0,-0.08,145.6,5.0
2025-03-25 07:40:23,144.66,41.0,157.83,60.0,142.34,59.0,158.83,60.0,151.25,13.170000000000016,100.0,120.0,1.6218446288211026,220,-20.0,-20.0,-0.09,145.0,3.0
2025-03-25 07:40:24,145.0,45.0,154.93,75.0,144.0,30.0,158.0,75.0,149.97,9.930000000000009,75.0,150.0,2.000657391968242,225,-75.0,5.0,-0.33,145.0,
2025-03-25 07:40:25,144.8,30.0,151.07,70.0,143.31,52.0,152.36,70.0,147.94,6.269999999999982,82.0,140.0,2.428940098075481,222,-58.0,-3.0,-0.26,144.75,4.0
2025-03-25 07:40:26,144.0,14.0,149.79,70.0,143.0,84.0,155.47,62.0,146.89,5.789999999999992,98.0,132.0,2.2662237312412272,230,-34.0,8.0,-0.15,144.75,
2025-03-25 07:40:27,144.0,13.0,148.33,49.0,143.0,78.0,151.75,61.0,146.16,4.3300000000000125,91.0,110.0,2.1264924171138158,201,-19.0,-29.0,-0.09,144.75,
2025-03-25 07:40:28,143.97,76.0,145.26,19.0,142.88,50.0,155.0,63.0,144.62,1.289999999999992,126.0,82.0,2.001207135716935,208,44.0,7.0,0.21,143.73,15.0
2025-03-25 07:40:29,144.42,24.0,213.25,12.0,143.0,23.0,346.24,21.0,178.83,68.83000000000001,47.0,33.0,14.552249654264342,80,14.0,-128.0,0.17,145.0,1.0
2025-03-25 07:40:31,146.0,27.0,314.78,23.0,141.47,57.0,569.23,13.0,230.39,168.77999999999997,84.0,36.0,70.30190345929454,120,48.0,17.0,0.4,145.6,5.0
2025-03-25 07:40:32,142.11,37.0,224.33,12.0,138.73,33.0,253.23,22.0,183.22,82.22,70.0,34.0,64.62451106197987,104,36.0,-16.0,0.35,141.5,4.0
2025-03-25 07:40:33,143.96,25.0,266.0,24.0,142.9,29.0,507.0,8.0,204.98,122.04,54.0,32.0,54.219853098288105,86,22.0,-18.0,0.26,141.5,
2025-03-25 07:40:34,144.44,27.0,192.0,27.0,143.38,32.0,331.44,9.0,168.22,47.56,59.0,36.0,56.482786581399694,95,23.0,9.0,0.24,145.0,3.0
2025-03-25 07:40:35,144.0,18.0,231.67,6.0,143.0,24.0,332.0,8.0,187.83,87.66999999999999,42.0,14.0,23.76642737139889,56,28.0,-39.0,0.5,145.0,
2025-03-25 07:40:36,144.0,24.0,251.25,8.0,143.0,32.0,347.22,18.0,197.62,107.25,56.0,26.0,14.091585432448245,82,30.0,26.0,0.37,145.0,
2025-03-25 07:40:37,144.0,33.0,309.6,10.0,143.0,40.0,517.0,13.0,226.8,165.60000000000002,73.0,23.0,21.58959008411174,96,50.0,14.0,0.52,145.0,
2025-03-25 07:40:38,144.0,36.0,393.55,11.0,143.0,36.0,548.32,25.0,268.77,249.55,72.0,36.0,39.13559466776962,108,36.0,12.0,0.33,145.0,
2025-03-25 07:40:39,145.29,56.0,268.0,35.0,143.55,44.0,268.86,29.0,206.64,122.71,100.0,64.0,32.049027598352296,164,36.0,56.0,0.22,145.0,
2025-03-25 07:40:40,146.0,60.0,264.71,14.0,144.0,40.0,266.96,46.0,205.36,118.70999999999998,100.0,60.0,28.779546904007063,160,40.0,-4.0,0.25,145.0,
2025-03-25 07:40:41,146.0,30.0,264.0,25.0,144.0,20.0,265.0,5.0,205.0,118.0,50.0,30.0,27.43615825876394,80,20.0,-80.0,0.25,145.0,
2025-03-25 07:40:42,146.0,6.0,263.91,22.0,144.0,24.0,264.29,14.0,204.95,117.91000000000004,30.0,36.0,28.30905738451824,66,-6.0,-14.0,-0.09,146.0,5.0
2025-03-25 07:40:43,146.0,6.0,262.83,6.0,144.0,24.0,264.0,30.0,204.42,116.82999999999998,30.0,36.0,0.834074337193602,66,-6.0,0.0,-0.09,146.0,
2025-03-25 07:40:44,146.0,7.0,252.0,7.0,144.0,28.0,263.9,31.0,199.0,106.0,35.0,38.0,2.6742251214075177,73,-3.0,7.0,-0.04,146.0,
2025-03-25 07:40:51,144.77,48.0,160.16,57.0,143.5,64.0,160.95,60.0,152.46,15.389999999999986,112.0,117.0,3.954962705263754,229,-5.0,6.0,-0.02,146.62,8.0
2025-03-25 07:40:52,142.7,43.0,144.13,30.0,140.53,34.0,159.47,30.0,143.42,1.4300000000000068,77.0,60.0,7.396081394903122,137,17.0,-92.0,0.12,144.0,4.0
2025-03-25 07:40:53,140.0,16.0,142.22,9.0,137.0,6.0,192.07,14.0,141.11,2.219999999999999,22.0,23.0,8.623592638804151,45,-1.0,-92.0,-0.02,141.0,2.0
2025-03-25 07:40:54,143.75,32.0,263.81,21.0,139.82,17.0,444.08,26.0,203.78,120.06,49.0,47.0,25.527462662787823,96,2.0,51.0,0.02,143.5,4.0
2025-03-25 07:40:55,144.58,12.0,202.0,22.0,143.78,37.0,232.38,16.0,173.29,57.41999999999999,49.0,38.0,26.183753932544175,87,11.0,-9.0,0.13,143.5,
2025-03-25 07:40:56,144.28,25.0,188.51,49.0,143.35,43.0,209.34,47.0,166.4,44.22999999999999,68.0,96.0,25.540169341647275,164,-28.0,77.0,-0.17,144.33,3.0
2025-03-25 07:40:57,144.0,30.0,172.91,22.0,140.0,26.0,173.71,28.0,158.45,28.91,56.0,50.0,23.039047940399268,106,6.0,-58.0,0.06,144.33,
2025-03-25 07:40:58,140.71,34.0,169.71,31.0,124.88,25.0,171.24,34.0,155.21,29.0,59.0,65.0,19.409094002554895,124,-6.0,18.0,-0.05,144.0,3.0
2025-03-25 07:40:59,140.0,18.0,167.67,9.0,113.0,9.0,169.0,36.0,153.83,27.669999999999987,27.0,45.0,8.226316308046048,72,-18.0,-52.0,-0.25,144.0,
2025-03-25 07:41:00,140.0,18.0,166.33,18.0,107.62,29.0,168.78,27.0,153.17,26.330000000000013,47.0,45.0,5.420693682549256,92,2.0,20.0,0.02,144.0,
2025-03-25 07:41:01,140.0,24.0,164.03,33.0,121.69,52.0,165.15,27.0,152.02,24.03,76.0,60.0,2.473273134943429,136,16.0,44.0,0.12,144.0,
2025-03-25 07:41:02,126.75,40.0,157.54,35.0,108.52,63.0,160.16,38.0,142.15,30.789999999999992,103.0,73.0,5.230294446781831,176,30.0,40.0,0.17,139.67,3.0
2025-03-25 07:41:03,133.61,36.0,155.88,33.0,128.13,122.0,158.35,34.0,144.74,22.269999999999985,158.0,67.0,5.355900484516063,225,91.0,49.0,0.4,139.0,2.0
2025-03-25 07:41:04,143.73,44.0,153.77,31.0,138.39,162.0,154.72,36.0,148.75,10.04000000000002,206.0,67.0,4.694787535133046,273,139.0,48.0,0.51,144.0,4.0
2025-03-25 07:41:05,142.0,150.0,149.23,52.0,107.5,80.0,149.84,32.0,145.62,7.22999999999999,230.0,84.0,3.814633665247876,314,146.0,41.0,0.46,144.0,
2025-03-25 07:41:06,142.0,90.0,144.09,35.0,140.0,9.0,145.14,28.0,143.04,2.0900000000000034,99.0,63.0,2.568102412296764,162,36.0,-152.0,0.22,144.0,
2025-03-25 07:41:07,137.75,89.0,143.35,37.0,120.94,16.0,173.0,31.0,140.55,5.599999999999994,105.0,68.0,3.0455130930673677,173,37.0,11.0,0.21,142.2,15.0
2025-03-25 07:41:08,109.73,59.0,144.89,27.0,92.26,57.0,200.0,26.0,127.31,35.15999999999998,116.0,53.0,8.263965755014262,169,63.0,-4.0,0.37,141.0,5.0
2025-03-25 07:41:11,108.82,22.0,297.8,30.0,40.61,18.0,481.0,28.0,203.31,188.98,40.0,58.0,39.63873484358475,98,-18.0,22.0,-0.18,141.0,
2025-03-25 07:41:12,107.0,6.0,296.6,15.0,81.71,14.0,368.43,21.0,201.8,189.6,20.0,36.0,38.7835087376066,56,-16.0,-42.0,-0.29,141.0,
2025-03-25 07:41:13,122.2,15.0,222.19,31.0,113.36,11.0,374.62,32.0,172.2,99.99,26.0,63.0,27.129372827251228,89,-37.0,33.0,-0.42,141.0,
2025-03-25 07:41:14,134.17,52.0,170.86,49.0,131.38,26.0,308.0,48.0,152.52,36.690000000000026,78.0,97.0,25.94011083245425,175,-19.0,86.0,-0.11,140.0,5.0
2025-03-25 07:41:15,137.25,53.0,187.77,60.0,136.97,29.0,206.86,37.0,162.51,50.52000000000001,82.0,97.0,23.06919742860613,179,-15.0,4.0,-0.08,140.0,
2025-03-25 07:41:16,147.77,86.0,179.23,65.0,146.33,30.0,180.2,61.0,163.5,31.45999999999998,116.0,126.0,18.83281922602179,242,-10.0,63.0,-0.04,148.0,4.0
2025-03-25 07:41:17,148.0,72.0,175.79,57.0,144.25,24.0,177.04,53.0,161.89,27.789999999999992,96.0,110.0,6.983189099546401,206,-14.0,-36.0,-0.07,148.0,
2025-03-25 07:41:18,148.0,66.0,171.88,52.0,145.0,55.0,173.15,47.0,159.94,23.879999999999995,121.0,99.0,4.417303476106909,220,22.0,14.0,0.1,148.0,
2025-03-25 07:41:19,148.0,66.0,169.11,54.0,145.0,55.0,170.96,45.0,158.56,21.110000000000014,121.0,99.0,2.000462446542054,220,22.0,0.0,0.1,148.0,
2025-03-25 07:41:20,148.0,45.0,165.49,37.0,147.0,9.0,167.09,44.0,156.74,17.49000000000001,54.0,81.0,2.666810829441447,135,-27.0,-85.0,-0.2,148.0,3.0
2025-03-25 07:41:21,148.0,60.0,159.9,93.0,147.0,20.0,160.89,98.0,153.95,11.900000000000006,80.0,191.0,3.039988486824933,271,-111.0,136.0,-0.41,148.0,
2025-03-25 07:41:22,146.43,23.0,154.18,55.0,145.55,11.0,156.0,44.0,150.31,7.75,34.0,99.0,3.8455623776023455,133,-65.0,-138.0,-0.49,146.83,6.0
2025-03-25 07:41:23,145.0,32.0,150.04,54.0,143.0,36.0,151.42,55.0,147.52,5.039999999999992,68.0,109.0,4.533346446063144,177,-41.0,44.0,-0.23,145.0,2.0
2025-03-25 07:41:24,143.28,29.0,145.79,53.0,142.29,48.0,147.11,53.0,144.53,2.509999999999991,77.0,106.0,4.882033387845321,183,-29.0,6.0,-0.16,143.33,6.0
2025-03-25 07:41:25,142.17,24.0,146.07,61.0,141.03,125.0,148.54,65.0,144.12,3.9000000000000057,149.0,126.0,4.123933801607297,275,23.0,92.0,0.08,143.33,
2025-03-25 07:41:26,141.71,17.0,143.21,53.0,139.84,86.0,144.91,46.0,142.46,1.5,103.0,99.0,3.1180394481214866,202,4.0,-73.0,0.02,142.0,2.0
2025-03-25 07:41:27,139.0,51.0,148.67,24.0,77.44,9.0,408.17,24.0,143.83,9.669999999999987,60.0,48.0,1.8625171140269132,108,12.0,-94.0,0.11,139.5,4.0
2025-03-25 07:41:28,139.35,43.0,145.54,26.0,132.89,72.0,147.17,24.0,142.44,6.189999999999998,115.0,50.0,0.9690871994017136,165,65.0,57.0,0.39,140.0,1.0
2025-03-25 07:41:29,140.67,15.0,143.45,58.0,137.42,99.0,144.34,29.0,142.06,2.780000000000001,114.0,87.0,0.92607775053978,201,27.0,36.0,0.13,143.0,3.0
2025-03-25 07:41:30,138.6,15.0,142.0,9.0,136.15,53.0,144.0,18.0,140.3,3.4000000000000057,68.0,27.0,1.2659067896356582,95,41.0,-106.0,0.43,141.0,1.0
2025-03-25 07:41:31,139.11,36.0,140.58,12.0,136.33,46.0,144.0,24.0,139.85,1.4699999999999989,82.0,36.0,1.6276148193126725,118,46.0,23.0,0.39,141.0,
2025-03-25 07:41:32,136.2,10.0,139.0,4.0,102.5,18.0,374.67,12.0,137.6,2.800000000000012,28.0,16.0,1.940180403995344,44,12.0,-74.0,0.27,138.0,2.0
2025-03-25 07:41:33,135.18,11.0,139.0,4.0,79.0,15.0,539.29,14.0,137.09,3.819999999999993,26.0,18.0,2.0409679076479024,44,8.0,0.0,0.18,138.0,
2025-03-25 07:41:34,135.65,23.0,138.58,12.0,105.74,35.0,317.29,35.0,137.12,2.930000000000007,58.0,47.0,1.557777262656534,105,11.0,61.0,0.1,137.0,1.0
2025-03-25 07:41:35,134.0,12.0,138.45,11.0,109.92,26.0,139.79,19.0,136.23,4.449999999999989,38.0,30.0,1.3626701728777018,68,8.0,-37.0,0.12,138.0,2.0
2025-03-25 07:41:36,131.0,18.0,139.0,9.0,87.65,37.0,140.0,27.0,135.0,8.0,55.0,36.0,1.025558384516254,91,19.0,23.0,0.21,138.0,
2025-03-25 07:41:37,131.0,8.0,139.5,6.0,127.0,20.0,149.85,13.0,135.25,8.5,28.0,19.0,0.9953240678553352,47,9.0,-44.0,0.19,139.0,1.0
2025-03-25 07:41:38,131.0,8.0,162.29,14.0,67.0,20.0,218.5,16.0,146.64,31.289999999999992,28.0,30.0,4.876163450916095,58,-2.0,11.0,-0.03,140.0,3.0
2025-03-25 07:41:39,131.0,50.0,257.1,40.0,90.1,50.0,362.5,40.0,194.05,126.10000000000002,100.0,80.0,25.40799933092013,180,20.0,122.0,0.11,140.0,
2025-03-25 07:41:40,131.0,22.0,196.51,41.0,99.91,55.0,332.91,46.0,163.76,65.50999999999999,77.0,87.0,24.807127000118975,164,-10.0,-16.0,-0.06,140.0,
2025-03-25 07:41:41,131.0,43.0,141.65,69.0,104.7,66.0,308.06,68.0,136.33,10.650000000000006,109.0,137.0,24.54561529072008,246,-28.0,82.0,-0.11,137.0,5.0
2025-03-25 07:41:42,131.8,20.0,138.0,31.0,69.78,23.0,205.0,35.0,134.9,6.199999999999989,43.0,66.0,24.617149103826613,109,-23.0,-137.0,-0.21,138.0,1.0
2025-03-25 07:41:43,133.88,32.0,138.0,30.0,131.0,16.0,205.0,40.0,135.94,4.1200000000000045,48.0,70.0,25.968358246143204,118,-22.0,9.0,-0.19,138.0,1.0
2025-03-25 07:41:44,135.0,24.0,138.0,18.0,131.0,12.0,205.0,30.0,136.5,3.0,36.0,48.0,12.46704776601281,84,-12.0,-34.0,-0.14,138.0,
2025-03-25 07:41:45,135.91,44.0,177.73,37.0,131.0,22.0,265.54,41.0,156.82,41.81999999999999,66.0,78.0,9.368522829136213,144,-12.0,60.0,-0.08,138.75,4.0
2025-03-25 07:41:46,143.53,30.0,367.0,35.0,140.11,18.0,427.11,37.0,255.27,223.47,48.0,72.0,51.89442147283294,120,-24.0,-24.0,-0.2,138.75,
2025-03-25 07:41:47,145.28,43.0,331.0,70.0,142.75,24.0,398.0,70.0,238.14,185.72,67.0,140.0,57.69292140288965,207,-73.0,87.0,-0.35,146.2,5.0
2025-03-25 07:41:48,144.29,7.0,368.71,35.0,143.0,7.0,422.6,50.0,256.5,224.42,14.0,85.0,57.49930069139954,99,-71.0,-108.0,-0.72,144.0,1.0
2025-03-25 07:41:49,145.11,18.0,393.91,44.0,143.33,12.0,489.75,60.0,269.51,248.8,30.0,104.0,45.23750512572454,134,-74.0,35.0,-0.55,144.0,
2025-03-25 07:41:50,147.09,70.0,366.43,30.0,146.86,63.0,383.93,54.0,256.76,219.34,133.0,84.0,11.179688278298933,217,49.0,83.0,0.23,147.0,5.0
2025-03-25 07:41:51,148.0,18.0,287.85,13.0,147.0,72.0,354.85,41.0,217.92,139.85000000000002,90.0,54.0,20.08369936042516,144,36.0,-73.0,0.25,147.0,
2025-03-25 07:41:52,147.38,32.0,286.0,10.0,146.85,52.0,371.5,50.0,216.69,138.62,84.0,60.0,24.46659620789018,144,24.0,0.0,0.17,147.4,5.0
2025-03-25 07:41:53,147.0,40.0,257.5,30.0,144.0,8.0,262.67,24.0,202.25,110.5,48.0,54.0,28.87820683491197,102,-6.0,-42.0,-0.06,147.4,
2025-03-25 07:41:54,147.0,35.0,255.31,16.0,143.0,8.0,257.23,22.0,201.16,108.31,43.0,38.0,22.534077083385725,81,5.0,-21.0,0.06,147.0,3.0
2025-03-25 07:41:55,143.13,62.0,252.4,35.0,141.45,31.0,254.04,25.0,197.76,109.27,93.0,60.0,9.42160442812058,153,33.0,72.0,0.22,144.2,5.0
2025-03-25 07:41:56,142.0,71.0,247.74,27.0,141.0,33.0,249.0,27.0,194.87,105.74,104.0,54.0,8.424489895535862,158,50.0,5.0,0.32,144.2,
2025-03-25 07:41:57,142.0,60.0,186.58,26.0,141.0,30.0,214.08,36.0,164.29,44.58000000000001,90.0,62.0,15.797190573010012,152,28.0,-6.0,0.18,144.2,
2025-03-25 07:41:58,142.0,78.0,167.31,13.0,141.0,39.0,246.0,39.0,154.65,25.31,117.0,52.0,21.455163248039053,169,65.0,17.0,0.38,144.2,
2025-03-25 07:41:59,142.0,66.0,163.1,21.0,141.0,45.0,174.65,23.0,152.55,21.099999999999994,111.0,44.0,21.920245892781757,155,67.0,-14.0,0.43,144.2,
2025-03-25 07:42:00,142.0,78.0,158.43,35.0,141.0,39.0,159.62,37.0,150.21,16.430000000000007,117.0,72.0,18.434865879632135,189,45.0,34.0,0.24,144.2,
2025-03-25 07:42:01,142.0,72.0,157.0,20.0,141.0,36.0,158.12,32.0,149.5,15.0,108.0,52.0,5.97359188428827,160,56.0,-29.0,0.35,144.2,
2025-03-25 07:42:02,143.3,37.0,155.24,58.0,142.67,127.0,156.04,50.0,149.27,11.939999999999998,164.0,108.0,2.308328399521558,272,56.0,112.0,0.21,144.2,
2025-03-25 07:42:03,145.0,13.0,153.62,16.0,143.42,24.0,154.94,32.0,149.31,8.620000000000005,37.0,48.0,1.3842398636214888,85,-11.0,-170.5,-0.13,144.2,
2025-03-25 07:42:04,145.0,13.0,152.7,30.0,143.56,16.0,153.44,16.0,148.85,7.699999999999989,29.0,46.0,0.4974133090695995,75,-17.0,-10.0,-0.23,145.0,1.0
2025-03-25 07:42:05,145.0,10.0,150.5,10.0,143.0,70.0,151.85,26.0,147.75,5.5,80.0,36.0,0.7041874750661627,116,44.0,41.0,0.38,145.0,
2025-03-25 07:42:06,143.03,66.0,147.85,26.0,141.35,40.0,148.33,18.0,145.44,4.819999999999993,106.0,44.0,1.627169321257277,150,62.0,34.0,0.41,143.67,3.0
2025-03-25 07:42:07,143.0,71.0,144.69,16.0,142.0,28.0,145.62,40.0,143.84,1.6899999999999975,99.0,56.0,2.330937579610811,155,43.0,5.0,0.28,143.0,4.0
2025-03-25 07:42:08,143.0,30.0,144.93,27.0,142.0,28.0,266.69,26.0,143.96,1.9300000000000068,58.0,53.0,2.253923246262597,111,5.0,-44.0,0.05,144.0,4.0
2025-03-25 07:42:09,142.33,18.0,146.0,9.0,141.25,24.0,351.6,25.0,144.17,3.669999999999988,42.0,34.0,1.6482627217903836,76,8.0,-35.0,0.11,143.0,2.0
2025-03-25 07:42:10,142.0,10.0,146.0,5.0,141.0,15.0,408.0,15.0,144.0,4.0,25.0,20.0,0.6580425518494655,45,5.0,-31.0,0.11,143.0,
2025-03-25 07:42:11,142.0,26.0,145.31,13.0,141.0,39.0,258.71,28.0,143.65,3.3100000000000023,65.0,41.0,0.1934683437797825,106,24.0,61.0,0.23,143.0,
2025-03-25 07:42:12,142.0,20.0,223.88,17.0,141.0,30.0,268.05,22.0,182.94,81.88,50.0,39.0,17.44010407079148,89,11.0,-17.0,0.12,143.0,1.0
2025-03-25 07:42:13,144.54,35.0,297.73,22.0,141.78,32.0,303.14,28.0,221.14,153.19000000000003,67.0,50.0,34.57055322091365,117,17.0,28.0,0.15,141.5,4.0
2025-03-25 07:42:14,145.0,45.0,193.11,18.0,143.0,45.0,251.33,27.0,169.06,48.110000000000014,90.0,45.0,32.13512284090445,135,45.0,18.0,0.33,141.5,
2025-03-25 07:42:15,145.0,60.0,178.55,44.0,143.0,60.0,232.71,28.0,161.77,33.55000000000001,120.0,72.0,29.07983614121675,192,48.0,57.0,0.25,141.5,
2025-03-25 07:42:16,145.15,26.0,177.33,36.0,143.48,33.0,369.05,19.0,161.24,32.18000000000001,59.0,55.0,25.01066172655199,114,4.0,-78.0,0.04,145.0,3.0
2025-03-25 07:42:17,146.9,31.0,175.67,60.0,145.5,20.0,263.27,22.0,161.28,28.769999999999985,51.0,82.0,26.061178407739288,133,-31.0,19.0,-0.23,147.0,3.0
2025-03-25 07:42:18,147.5,12.0,173.72,29.0,144.27,15.0,176.71,28.0,160.61,26.22,27.0,57.0,3.5280405326509485,84,-30.0,-49.0,-0.36,147.0,4.0
2025-03-25 07:42:19,145.78,41.0,171.79,58.0,143.16,49.0,173.16,64.0,158.79,26.00999999999999,90.0,122.0,1.1642465374781763,212,-32.0,128.0,-0.15,147.0,
2025-03-25 07:42:20,146.03,94.0,167.93,57.0,145.0,13.0,169.0,62.0,156.98,21.90000000000001,107.0,119.0,1.863504762545787,226,-12.0,14.0,-0.05,146.0,5.0
2025-03-25 07:42:21,147.12,24.0,166.12,32.0,145.0,8.0,168.0,40.0,156.62,19.0,32.0,72.0,2.090198555169269,104,-40.0,-122.0,-0.38,146.0,
2025-03-25 07:42:22,146.0,40.0,161.4,25.0,141.57,56.0,165.0,34.0,153.7,15.400000000000006,96.0,59.0,2.5832634399211347,155,37.0,51.0,0.24,146.4,5.0
2025-03-25 07:42:23,143.0,40.0,161.7,10.0,141.0,120.0,165.0,40.0,152.35,18.69999999999999,160.0,50.0,2.610300748962594,210,110.0,55.0,0.52,146.4,
2025-03-25 07:42:24,142.89,37.0,159.56,25.0,109.0,14.0,161.62,16.0,151.23,16.670000000000016,51.0,41.0,2.5531999530072187,92,10.0,-118.0,0.11,143.0,4.0
2025-03-25 07:42:25,141.9,62.0,155.48,62.0,105.4,25.0,156.73,73.0,148.69,13.579999999999984,87.0,135.0,2.939569696407552,222,-48.0,130.0,-0.22,143.0,
2025-03-25 07:42:26,141.71,31.0,150.84,19.0,137.11,19.0,151.7,43.0,146.28,9.129999999999995,50.0,62.0,2.969318103544897,112,-12.0,-110.0,-0.11,143.0,
2025-03-25 07:42:27,143.64,58.0,147.97,60.0,138.68,25.0,149.19,57.0,145.8,4.3300000000000125,83.0,117.0,2.9088399749798657,200,-34.0,88.0,-0.17,143.0,
2025-03-25 07:42:28,143.92,62.0,145.4,50.0,142.29,14.0,147.88,41.0,144.66,1.4800000000000182,76.0,91.0,2.6283017330668472,167,-15.0,-33.0,-0.09,144.57,7.0
2025-03-25 07:42:31,121.27,63.0,138.11,36.0,102.39,70.0,169.0,44.0,129.69,16.840000000000018,133.0,80.0,21.5954666539082,213,53.0,112.0,0.25,135.0,1.0
2025-03-25 07:42:32,130.0,14.0,139.0,40.0,123.45,11.0,328.4,5.0,134.5,9.0,25.0,45.0,19.34691396579989,70,-20.0,-143.0,-0.29,135.0,
2025-03-25 07:42:33,138.0,20.0,139.0,80.0,122.0,10.0,288.16,25.0,138.5,1.0,30.0,105.0,17.729508735440582,135,-75.0,65.0,-0.56,135.0,
2025-03-25 07:42:34,138.0,18.0,139.0,72.0,122.0,9.0,238.71,21.0,138.5,1.0,27.0,93.0,14.735969598233352,120,-66.0,-15.0,-0.55,135.0,
2025-03-25 07:42:35,138.0,16.0,139.0,41.0,124.43,14.0,158.24,29.0,138.5,1.0,30.0,70.0,3.898617703757544,100,-40.0,-20.0,-0.4,139.0,4.0
2025-03-25 07:42:36,138.0,30.0,139.0,32.0,103.0,8.0,416.25,32.0,138.5,1.0,38.0,64.0,1.7888543820138942,102,-26.0,2.0,-0.25,138.0,1.0
2025-03-25 07:42:37,138.0,127.0,139.0,32.0,111.78,81.0,261.33,36.0,138.5,1.0,208.0,68.0,0.0,276,140.0,169.5,0.51,138.4,5.0
2025-03-25 07:42:38,110.0,23.0,138.33,18.0,62.15,67.0,148.83,24.0,124.17,28.330000000000013,90.0,42.0,6.408570823518452,132,48.0,-144.0,0.36,137.33,3.0
2025-03-25 07:42:39,105.86,37.0,137.88,32.0,80.28,89.0,139.0,16.0,121.87,32.02,126.0,48.0,8.517650497646326,174,78.0,42.0,0.45,137.33,
2025-03-25 07:42:42,110.47,70.0,289.57,28.0,112.97,134.0,329.12,17.0,200.02,179.1,204.0,45.0,36.32441231458607,249,159.0,114.0,0.64,136.5,8.0
2025-03-25 07:42:43,145.68,73.0,316.0,28.0,143.0,7.0,515.0,7.0,230.84,170.32,80.0,35.0,54.67133709723985,115,45.0,-134.0,0.39,146.0,1.0
2025-03-25 07:42:44,147.0,44.0,256.5,8.0,143.0,5.0,484.41,17.0,201.75,109.5,49.0,25.0,53.546409590186535,74,24.0,-41.0,0.32,147.0,3.0
2025-03-25 07:42:45,147.0,35.0,197.0,5.0,143.0,5.0,342.8,20.0,172.0,50.0,40.0,25.0,42.07804914679398,65,15.0,-9.0,0.23,147.0,
2025-03-25 07:42:46,147.46,26.0,354.33,9.0,146.73,30.0,440.0,24.0,250.9,206.87,56.0,33.0,30.465991203307127,89,23.0,24.0,0.26,147.0,
2025-03-25 07:42:47,148.0,27.0,427.33,30.0,147.0,63.0,586.59,27.0,287.67,279.33,90.0,57.0,44.48609299545165,147,33.0,58.0,0.22,147.0,
2025-03-25 07:42:48,148.54,39.0,189.18,44.0,147.18,51.0,284.97,33.0,168.86,40.640000000000015,90.0,77.0,51.758000637582434,167,13.0,20.0,0.08,147.0,
2025-03-25 07:42:49,149.0,53.0,153.88,40.0,148.0,24.0,291.53,38.0,151.44,4.879999999999996,77.0,78.0,59.57772385715984,155,-1.0,-12.0,-0.01,149.0,1.0
2025-03-25 07:42:50,149.0,24.0,252.5,20.0,148.0,12.0,427.0,20.0,200.75,103.5,36.0,40.0,56.77646017497029,76,-4.0,-79.0,-0.05,149.0,
2025-03-25 07:42:51,149.0,16.0,435.57,28.0,148.0,18.0,582.29,28.0,292.29,286.57,34.0,56.0,66.12715909518555,90,-22.0,14.0,-0.24,149.0,4.0
2025-03-25 07:42:52,141.83,41.0,337.47,51.0,109.16,79.0,445.4,50.0,239.65,195.64,120.0,101.0,56.69284408106537,221,19.0,131.0,0.09,145.7,10.0
2025-03-25 07:42:53,131.0,36.0,323.69,26.0,43.0,14.0,482.0,30.0,227.35,192.69,50.0,56.0,51.74617647710775,106,-6.0,-115.0,-0.06,136.0,1.0
2025-03-25 07:42:54,143.75,44.0,224.0,45.0,141.67,27.0,225.0,45.0,183.88,80.25,71.0,90.0,41.69955851085204,161,-19.0,55.0,-0.12,136.0,
2025-03-25 07:42:55,147.17,30.0,224.0,30.0,145.0,18.0,330.75,40.0,185.58,76.83000000000001,48.0,70.0,44.69358846635584,118,-22.0,-43.0,-0.19,136.0,
2025-03-25 07:42:56,148.0,45.0,219.67,45.0,146.35,37.0,318.56,45.0,183.83,71.66999999999999,82.0,90.0,27.23539920764872,172,-8.0,54.0,-0.05,136.0,
2025-03-25 07:42:57,148.17,60.0,171.0,60.0,147.08,60.0,223.0,60.0,159.58,22.830000000000013,120.0,120.0,24.47615635674862,240,0.0,68.0,0.0,136.0,
2025-03-25 07:42:59,148.0,36.0,150.5,32.0,147.0,40.0,152.0,40.0,149.25,2.5,76.0,72.0,17.78221949026683,148,4.0,-84.0,0.03,148.0,2.0
2025-03-25 07:43:00,148.0,33.0,149.0,34.0,147.0,55.0,249.87,54.0,148.5,1.0,88.0,88.0,14.942718962760152,176,0.0,28.0,0.0,149.0,1.0
2025-03-25 07:43:01,147.0,20.0,162.71,14.0,145.0,12.0,268.0,20.0,154.86,15.710000000000008,32.0,34.0,4.650234402698052,66,-2.0,-110.0,-0.03,148.0,3.0
2025-03-25 07:43:02,147.0,45.0,162.0,18.0,145.0,27.0,316.89,45.0,154.5,15.0,72.0,63.0,2.97805305527577,135,9.0,69.0,0.07,148.0,
2025-03-25 07:43:03,146.02,49.0,160.76,29.0,143.38,66.0,238.68,56.0,153.39,14.73999999999998,115.0,85.0,3.0051705442514907,200,30.0,65.0,0.15,147.0,5.0
2025-03-25 07:43:04,145.06,32.0,157.42,24.0,143.08,73.0,158.87,31.0,151.24,12.359999999999983,105.0,55.0,2.6433539301494284,160,50.0,-40.0,0.31,147.0,
2025-03-25 07:43:05,146.81,32.0,153.91,34.0,145.0,48.0,155.17,30.0,150.36,7.099999999999994,80.0,64.0,1.990251240430736,144,16.0,-16.0,0.11,147.0,
2025-03-25 07:43:06,144.21,53.0,147.88,26.0,143.02,124.0,149.08,24.0,146.05,3.669999999999988,177.0,50.0,3.2738921790489166,227,127.0,83.0,0.56,145.33,6.0
2025-03-25 07:43:07,143.0,76.0,165.29,34.0,142.0,50.0,240.8,15.0,154.15,22.289999999999992,126.0,49.0,3.1857918952809414,175,77.0,-52.0,0.44,143.5,10.0
2025-03-25 07:43:08,143.0,27.0,191.0,45.0,142.0,45.0,344.22,18.0,167.0,48.0,72.0,63.0,7.949908804510599,135,9.0,-40.0,0.07,143.5,
2025-03-25 07:43:09,143.0,21.0,208.36,14.0,142.0,35.0,265.47,17.0,175.68,65.36000000000001,56.0,31.0,12.323529121158044,87,25.0,-48.0,0.29,143.5,
2025-03-25 07:43:11,148.0,54.0,251.0,9.0,143.0,27.0,268.26,39.0,199.5,103.0,81.0,48.0,20.43095249859905,129,33.0,-35.0,0.26,143.5,
2025-03-25 07:43:12,148.0,48.0,250.62,8.0,143.0,24.0,270.0,40.0,199.31,102.62,72.0,48.0,15.946971499316176,120,24.0,-9.0,0.2,143.5,
2025-03-25 07:43:13,148.0,36.0,226.0,8.0,143.0,18.0,268.18,22.0,187.0,78.0,54.0,30.0,10.93644823514466,84,24.0,-36.0,0.29,143.5,
2025-03-25 07:43:14,148.0,84.0,201.6,20.0,143.0,42.0,229.13,23.0,174.8,53.6,126.0,43.0,11.276009045757233,169,83.0,85.0,0.49,143.5,
2025-03-25 07:43:15,148.0,72.0,201.0,12.0,143.0,42.0,309.86,14.0,174.5,53.0,114.0,26.0,12.378142833236494,140,88.0,-29.0,0.63,143.5,
2025-03-25 07:43:16,148.0,54.0,191.1,10.0,143.57,35.0,442.9,41.0,169.55,43.1,89.0,51.0,12.073146648658325,140,38.0,0.0,0.27,148.0,3.0
2025-03-25 07:43:17,146.0,30.0,179.53,19.0,142.31,58.0,371.71,42.0,162.76,33.53,88.0,61.0,8.883181862374357,149,27.0,9.0,0.18,146.0,5.0
2025-03-25 07:43:18,143.0,22.0,172.47,15.0,142.0,55.0,173.64,11.0,157.73,29.47,77.0,26.0,7.478901657330605,103,51.0,-46.0,0.5,146.0,
2025-03-25 07:43:19,143.33,24.0,171.0,16.0,142.09,44.0,171.64,14.0,157.17,27.669999999999987,68.0,30.0,7.5492893705319055,98,38.0,-5.0,0.39,146.0,
2025-03-25 07:43:20,144.27,22.0,167.12,16.0,143.75,32.0,167.86,14.0,155.7,22.849999999999994,54.0,30.0,5.674025907592417,84,24.0,-14.0,0.29,146.0,
2025-03-25 07:43:21,147.13,15.0,165.33,12.0,145.54,26.0,166.38,21.0,156.23,18.200000000000017,41.0,33.0,2.819959219569081,74,8.0,-10.0,0.11,147.0,2.0
2025-03-25 07:43:22,145.75,20.0,164.08,24.0,145.71,28.0,165.56,18.0,154.92,18.330000000000013,48.0,42.0,1.124566583192947,90,6.0,16.0,0.07,147.33,3.0
2025-03-25 07:43:23,143.0,39.0,160.85,13.0,141.38,26.0,164.0,26.0,151.92,17.849999999999994,65.0,39.0,2.001741741592924,104,26.0,14.0,0.25,147.33,
2025-03-25 07:43:24,143.0,39.0,155.76,33.0,141.82,22.0,156.9,21.0,149.38,12.759999999999993,61.0,54.0,2.902395562296267,115,7.0,11.0,0.06,147.33,
2025-03-25 07:43:25,143.44,16.0,150.97,40.0,142.85,20.0,152.62,21.0,147.21,7.530000000000001,36.0,61.0,3.748702442184325,97,-25.0,-18.0,-0.26,147.33,
2025-03-25 07:43:26,143.11,101.0,147.98,44.0,142.6,25.0,149.87,52.0,145.54,4.869999999999976,126.0,96.0,3.732985400459101,222,30.0,125.0,0.14,145.0,1.0
2025-03-25 07:43:27,143.0,186.0,146.07,45.0,142.0,12.0,146.29,34.0,144.53,3.069999999999993,198.0,79.0,2.9826213303137887,277,119.0,55.0,0.43,145.0,
2025-03-25 07:43:28,143.0,105.0,144.45,22.0,142.0,8.0,252.0,30.0,143.73,1.4499999999999886,113.0,52.0,2.257403375572117,165,61.0,-112.0,0.37,143.44,9.0
2025-03-25 07:43:29,143.0,78.0,363.12,25.0,142.0,9.0,529.62,29.0,253.06,220.12,87.0,54.0,48.23048859383477,141,33.0,-24.0,0.23,143.0,3.0
