DateTime,Bid1_Price,Bid1_Volume,Ask1_Price,Ask1_Volume,Bid2_Price,Bid2_Volume,Ask2_Price,Ask2_Volume,Mid-Price,Bid_Ask_Spread,Market_Depth_Bid,Market_Depth_Ask,Historical_Volatility,Total_volume,Cumulative_Volume_Difference,Total_Volume_Change_Corrected,Order_imbalance,Weighted_Avg_Price,Trade_Volume
2025-03-04 07:30:09,220.14,107.0,297.0,30.0,215.45,31.0,316.0,18.0,258.57,76.86000000000001,138.0,48.0,7.345520403620119,186,90.0,31.0,0.48,280.0,2.0
2025-03-04 07:30:11,229.1,49.0,281.81,21.0,229.14,57.0,280.84,61.0,255.46,52.71000000000001,106.0,82.0,2.501693426461342,188,24.0,97.0,0.13,280.0,
2025-03-04 07:30:12,236.87,15.0,268.0,9.0,235.92,97.0,271.0,45.0,252.43,31.129999999999995,112.0,54.0,2.449781622920679,166,58.0,-22.0,0.35,280.0,
2025-03-04 07:30:13,241.88,8.0,268.0,6.0,240.29,94.0,271.0,30.0,254.94,26.120000000000005,102.0,36.0,2.499685980278308,138,66.0,-28.0,0.48,280.0,
2025-03-04 07:30:14,260.57,14.0,287.74,34.0,248.62,63.0,292.0,30.0,274.15,27.170000000000016,77.0,64.0,8.697226569429988,141,13.0,3.0,0.09,270.5,6.0
2025-03-04 07:30:22,279.0,2.0,293.0,10.0,278.0,2.0,296.0,14.0,286.0,14.0,4.0,24.0,1.824719156471436,28,-20.0,-44.0,-0.71,270.5,
2025-03-04 07:31:04,279.06,157.0,281.12,51.0,278.79,133.0,288.37,27.0,280.09,2.0600000000000023,290.0,78.0,1.1387800489965358,368,212.0,169.5,0.58,280.0,2.0
2025-03-04 07:31:05,279.0,225.0,280.27,55.0,278.0,44.0,286.98,47.0,279.64,1.2699999999999818,269.0,102.0,1.180876792892685,371,167.0,3.0,0.45,279.0,2.0
2025-03-04 07:31:06,279.5,192.0,287.5,72.0,278.58,96.0,291.17,60.0,283.5,8.0,288.0,132.0,1.5021218326063217,420,156.0,49.0,0.37,279.0,5.0
2025-03-04 07:31:25,279.2,66.0,291.24,50.0,277.66,116.0,293.08,25.0,285.22,12.04000000000002,182.0,75.0,2.2394351966499357,257,107.0,72.0,0.42,279.5,6.0
2025-03-04 07:31:26,278.0,98.0,291.0,48.0,271.5,24.0,293.75,24.0,284.5,13.0,122.0,72.0,2.3031782388678628,194,50.0,-63.0,0.26,279.5,
2025-03-04 07:31:27,278.0,99.0,290.29,42.0,273.0,22.0,293.08,26.0,284.14,12.29000000000002,121.0,68.0,2.065676644587504,189,53.0,-5.0,0.28,279.5,
2025-03-04 07:31:28,278.0,108.0,289.25,48.0,273.0,24.0,290.27,44.0,283.62,11.25,132.0,92.0,0.8482806139444911,224,40.0,35.0,0.18,279.5,
2025-03-04 07:31:29,278.0,95.0,285.6,60.0,273.0,30.0,286.93,60.0,281.8,7.600000000000023,125.0,120.0,1.2882856826008675,245,5.0,21.0,0.02,278.0,4.0
2025-03-04 07:31:30,278.0,29.0,285.0,36.0,270.22,18.0,286.0,36.0,281.5,7.0,47.0,72.0,1.3748890864337708,119,-25.0,-126.0,-0.21,278.0,
2025-03-04 07:31:31,278.0,13.0,283.38,52.0,271.45,69.0,284.46,52.0,280.69,5.379999999999996,82.0,104.0,1.4660832172816929,186,-22.0,67.0,-0.12,278.0,
2025-03-04 07:31:32,273.05,40.0,281.4,40.0,273.14,14.0,284.0,40.0,277.23,8.349999999999966,54.0,80.0,2.3483121598279264,134,-26.0,-52.0,-0.19,277.5,2.0
2025-03-04 07:31:33,272.0,88.0,277.75,32.0,268.0,16.0,280.0,32.0,274.88,5.75,104.0,64.0,3.033619949828346,168,40.0,34.0,0.24,277.5,
2025-03-04 07:31:34,272.0,154.0,275.79,56.0,268.0,28.0,278.08,48.0,273.89,3.790000000000021,182.0,104.0,3.3930178307809378,286,78.0,118.0,0.27,277.5,
2025-03-04 07:31:35,272.0,95.0,273.78,36.0,268.0,18.0,274.8,30.0,272.89,1.7799999999999727,113.0,66.0,3.116581460510574,179,47.0,-107.0,0.26,272.0,4.0
2025-03-04 07:31:36,277.28,50.0,279.46,26.0,271.62,29.0,285.96,106.0,278.37,2.180000000000007,79.0,132.0,2.2916631515121115,211,-53.0,32.0,-0.25,276.64,11.0
2025-03-04 07:31:49,273.51,55.0,283.33,18.0,268.47,95.0,284.94,32.0,278.42,9.819999999999991,150.0,50.0,1.7883176451615177,200,100.0,134.0,0.5,279.0,2.0
2025-03-04 07:32:10,279.64,84.0,288.0,32.0,278.75,146.0,292.63,43.0,283.82,8.360000000000014,230.0,75.0,0.97830465602213,305,155.0,53.0,0.51,280.0,4.0
2025-03-04 07:32:12,279.16,116.0,288.48,23.0,278.19,162.0,288.95,19.0,283.82,9.319999999999991,278.0,42.0,0.9154780172097674,320,236.0,64.0,0.74,282.0,2.0
2025-03-04 07:32:13,279.0,84.0,287.0,9.0,278.0,108.0,288.0,18.0,283.0,8.0,192.0,27.0,1.1711618163151936,219,165.0,-101.0,0.75,279.0,1.0
2025-03-04 07:32:14,279.0,136.0,284.21,19.0,278.0,192.0,286.1,29.0,281.61,5.20999999999998,328.0,48.0,1.3644962440385693,376,280.0,157.0,0.74,279.0,2.0
2025-03-04 07:32:15,279.0,77.0,282.64,11.0,278.0,132.0,287.24,21.0,280.82,3.6399999999999855,209.0,32.0,1.7921634970046214,241,177.0,-135.0,0.73,285.0,3.0
2025-03-04 07:32:16,279.0,63.0,280.0,9.0,278.0,108.0,287.56,9.0,279.5,1.0,171.0,18.0,1.7171487996084176,189,153.0,-52.0,0.81,285.0,
2025-03-04 07:32:17,279.0,98.0,284.0,26.0,278.0,168.0,290.03,35.0,281.5,5.0,266.0,61.0,1.274315502533406,327,205.0,138.0,0.63,285.0,
2025-03-04 07:32:18,279.0,84.0,283.9,42.0,278.0,144.0,284.48,25.0,281.45,4.899999999999977,228.0,67.0,0.8809256495284866,295,161.0,-32.0,0.55,285.0,
2025-03-04 07:32:19,279.0,84.0,281.62,16.0,278.0,144.0,284.83,24.0,280.31,2.6200000000000045,228.0,40.0,0.8378126282154987,268,188.0,-27.0,0.7,281.8,5.0
2025-03-04 07:32:20,279.0,77.0,284.95,19.0,278.0,132.0,290.4,35.0,281.97,5.949999999999989,209.0,54.0,1.0130301081395343,263,155.0,-5.0,0.59,280.0,1.0
2025-03-04 07:32:21,279.0,42.0,286.0,34.0,278.0,72.0,290.56,18.0,282.5,7.0,114.0,52.0,0.8106972307814524,166,62.0,-97.0,0.37,280.0,
2025-03-04 07:32:22,279.0,119.0,283.47,87.0,278.0,204.0,288.57,21.0,281.24,4.470000000000027,323.0,108.0,0.8226360069901847,431,215.0,169.5,0.5,280.0,
2025-03-04 07:32:23,278.86,85.0,281.0,75.0,277.83,178.0,288.0,15.0,279.93,2.1399999999999864,263.0,90.0,1.0827049459557292,353,173.0,-78.0,0.49,279.0,5.0
2025-03-04 07:32:24,278.0,169.0,280.31,65.0,275.0,130.0,288.0,13.0,279.15,2.3100000000000023,299.0,78.0,1.3970576222895046,377,221.0,24.0,0.59,279.0,
2025-03-04 07:32:25,278.0,124.0,280.0,50.0,275.0,100.0,285.6,10.0,279.0,2.0,224.0,60.0,1.487659235173717,284,164.0,-93.0,0.58,278.0,2.0
2025-03-04 07:32:26,278.0,106.0,279.88,34.0,275.0,100.0,285.48,46.0,278.94,1.8799999999999957,206.0,80.0,0.9725070693821234,286,126.0,2.0,0.44,278.0,1.0
2025-03-04 07:32:27,278.0,110.0,289.23,65.0,275.0,110.0,291.18,49.0,283.62,11.230000000000018,220.0,114.0,1.9920768057476663,334,106.0,48.0,0.32,280.0,5.0
2025-03-04 07:32:29,278.25,81.0,290.0,66.0,274.73,52.0,292.0,55.0,284.12,11.75,133.0,121.0,3.059980392093412,254,12.0,1.0,0.05,281.25,4.0
2025-03-04 07:32:30,278.0,117.0,290.0,78.0,273.0,26.0,292.0,65.0,284.0,12.0,143.0,143.0,2.504691597781117,286,0.0,32.0,0.0,281.25,
2025-03-04 07:32:31,278.0,63.0,290.0,42.0,273.0,14.0,292.0,35.0,284.0,12.0,77.0,77.0,0.7247896246460037,154,0.0,-132.0,0.0,281.25,
2025-03-04 07:33:02,279.0,24.0,285.8,46.0,278.0,96.0,286.67,48.0,282.4,6.800000000000011,120.0,94.0,0.8017605627579203,214,26.0,22.0,0.12,281.25,
2025-03-04 07:33:03,278.62,42.0,281.71,62.0,277.93,112.0,282.82,55.0,280.16,3.089999999999975,154.0,117.0,1.6181409085719682,271,37.0,57.0,0.14,279.0,2.0
2025-03-04 07:33:04,278.5,48.0,280.28,72.0,277.89,108.0,286.38,61.0,279.39,1.7799999999999727,156.0,133.0,2.148296999950057,289,23.0,18.0,0.08,279.0,
2025-03-04 07:33:05,279.57,28.0,284.43,67.0,278.0,112.0,286.72,50.0,282.0,4.860000000000014,140.0,117.0,1.9800707058068756,257,23.0,-32.0,0.09,280.0,5.0
2025-03-04 07:33:08,277.61,92.0,278.8,50.0,274.65,46.0,280.76,38.0,278.2,1.1899999999999975,138.0,88.0,1.6307145672970995,226,50.0,-127.0,0.22,278.0,5.0
2025-03-04 07:33:09,277.0,32.0,285.88,25.0,271.0,16.0,286.52,33.0,281.44,8.879999999999995,48.0,58.0,1.5355389933163006,106,-10.0,-120.0,-0.09,278.75,4.0
2025-03-04 07:33:10,277.65,17.0,289.0,65.0,276.64,39.0,292.0,77.0,283.32,11.350000000000025,56.0,142.0,1.8501675599779464,198,-86.0,92.0,-0.43,279.0,1.0
2025-03-04 07:33:11,273.5,48.0,289.0,30.0,269.87,30.0,292.0,70.0,281.25,15.5,78.0,100.0,1.8457843861065564,178,-22.0,-20.0,-0.12,275.6,5.0
2025-03-04 07:33:12,270.0,90.0,287.06,34.0,268.0,29.0,289.64,70.0,278.53,17.060000000000002,119.0,104.0,2.153942896177832,223,15.0,45.0,0.07,275.6,
2025-03-04 07:33:13,271.76,50.0,286.0,18.0,268.92,26.0,288.0,36.0,278.88,14.240000000000007,76.0,54.0,1.9833380952310948,130,22.0,-93.0,0.17,275.6,
2025-03-04 07:33:14,270.06,68.0,286.0,28.0,268.29,14.0,288.0,56.0,278.03,15.939999999999998,82.0,84.0,2.2294102359133383,166,-2.0,36.0,-0.01,275.6,
2025-03-04 07:33:15,272.0,12.0,283.92,24.0,270.67,24.0,288.0,48.0,277.96,11.920000000000016,36.0,72.0,1.3505369302597732,108,-36.0,-58.0,-0.33,275.6,
2025-03-04 07:33:16,272.0,5.0,283.0,10.0,271.0,20.0,288.0,30.0,277.5,11.0,25.0,40.0,0.5352102390609756,65,-15.0,-43.0,-0.23,275.6,
2025-03-04 07:33:17,272.0,7.0,287.0,30.0,271.0,28.0,288.4,30.0,279.5,15.0,35.0,60.0,0.802732832264664,95,-25.0,30.0,-0.26,275.6,
2025-03-04 07:33:18,272.0,13.0,281.79,39.0,271.0,52.0,287.1,71.0,276.9,9.79000000000002,65.0,110.0,0.9630783976373865,175,-45.0,80.0,-0.26,278.0,1.0
2025-03-04 07:33:19,272.0,11.0,276.73,55.0,271.0,44.0,282.91,11.0,274.36,4.730000000000018,55.0,66.0,1.8777326753284165,121,-11.0,-54.0,-0.09,278.0,
2025-03-04 07:33:20,272.0,12.0,276.0,60.0,271.0,48.0,286.33,12.0,274.0,4.0,60.0,72.0,2.290091701219904,132,-12.0,11.0,-0.09,278.0,
2025-03-04 07:33:21,272.24,49.0,274.42,50.0,270.94,34.0,275.56,62.0,273.33,2.180000000000007,83.0,112.0,2.556798779723689,195,-29.0,63.0,-0.15,274.0,4.0
2025-03-04 07:33:22,271.0,32.0,282.18,33.0,269.0,8.0,280.79,19.0,276.59,11.180000000000009,40.0,52.0,1.6070252020415503,92,-12.0,-103.0,-0.13,274.75,4.0
2025-03-04 07:33:23,271.58,48.0,282.52,46.0,270.14,21.0,285.08,25.0,277.05,10.939999999999998,69.0,71.0,1.6513115999098098,140,-2.0,48.0,-0.01,282.0,5.0
2025-03-04 07:33:24,272.98,90.0,284.73,33.0,271.88,42.0,285.5,48.0,278.85,11.75,132.0,81.0,2.27461645118389,213,51.0,73.0,0.24,282.0,
2025-03-04 07:33:25,276.0,20.0,284.0,16.0,274.0,70.0,285.27,30.0,280.0,8.0,90.0,46.0,2.545953652366024,136,44.0,-77.0,0.32,282.0,
2025-03-04 07:33:26,277.89,55.0,283.89,18.0,275.2,35.0,303.64,14.0,280.89,6.0,90.0,32.0,1.8493458302857488,122,58.0,-14.0,0.48,282.0,
2025-03-04 07:33:27,279.5,44.0,283.0,11.0,278.24,42.0,284.0,11.0,281.25,3.5,86.0,22.0,1.703766415913537,108,64.0,-14.0,0.59,280.0,1.0
2025-03-04 07:33:34,279.0,102.0,286.56,50.0,278.0,119.0,289.31,55.0,282.78,7.560000000000002,221.0,105.0,2.036504357960918,326,116.0,169.5,0.36,280.0,
2025-03-04 07:33:35,279.0,54.0,284.0,18.0,278.0,63.0,287.07,43.0,281.5,5.0,117.0,61.0,1.6829587041855167,178,56.0,-148.0,0.31,280.0,
2025-03-04 07:33:36,279.0,48.0,283.93,15.0,278.0,56.0,286.84,37.0,281.47,4.930000000000007,104.0,52.0,1.9593953148851584,156,52.0,-22.0,0.33,280.0,
2025-03-04 07:33:37,279.0,60.0,282.69,16.0,278.0,84.0,285.13,46.0,280.84,3.6899999999999977,144.0,62.0,1.5563000995933571,206,82.0,50.0,0.4,279.0,3.0
2025-03-04 07:33:38,278.1,93.0,281.57,21.0,274.17,69.0,285.76,51.0,279.83,3.4699999999999704,162.0,72.0,1.0759321539923477,234,90.0,28.0,0.38,279.0,3.0
2025-03-04 07:33:39,278.0,66.0,280.71,24.0,271.0,72.0,285.2,30.0,279.35,2.7099999999999795,138.0,54.0,0.9720956743010504,192,84.0,-42.0,0.44,278.0,3.0
2025-03-04 07:33:40,278.0,44.0,281.0,11.0,271.0,66.0,286.73,44.0,279.5,3.0,110.0,55.0,0.9181339771487336,165,55.0,-27.0,0.33,278.0,
2025-03-04 07:33:41,278.09,44.0,282.74,23.0,272.42,79.0,287.28,65.0,280.42,4.650000000000034,123.0,88.0,0.6290230520378525,211,35.0,46.0,0.17,279.0,1.0
2025-03-04 07:33:42,272.73,104.0,284.08,52.0,270.69,71.0,285.39,71.0,278.4,11.349999999999966,175.0,123.0,0.7395606804009947,298,52.0,87.0,0.17,276.6,5.0
2025-03-04 07:33:51,279.08,24.0,282.0,13.0,277.96,117.0,289.0,52.0,280.54,2.920000000000016,141.0,65.0,1.3907480001762729,206,76.0,43.0,0.37,278.67,3.0
2025-03-04 07:33:52,279.0,42.0,280.63,51.0,278.0,120.0,288.1,42.0,279.81,1.6299999999999957,162.0,93.0,1.3833401606238007,255,69.0,49.0,0.27,279.0,1.0
2025-03-04 07:33:53,278.0,87.0,282.15,39.0,269.81,37.0,288.75,48.0,280.08,4.149999999999977,124.0,87.0,1.16066791115933,211,37.0,-44.0,0.18,278.8,5.0
2025-03-04 07:33:54,278.02,66.0,288.29,56.0,270.48,83.0,291.8,110.0,283.15,10.27000000000004,149.0,166.0,1.3323400466828563,315,-17.0,104.0,-0.05,278.8,
2025-03-04 07:33:55,279.0,14.0,289.0,56.0,278.0,70.0,291.0,42.0,284.0,10.0,84.0,98.0,1.9212834252120692,182,-14.0,-133.0,-0.08,278.8,
2025-03-04 07:33:56,279.0,4.0,289.0,16.0,278.0,20.0,291.0,12.0,284.0,10.0,24.0,28.0,2.0969430130536004,52,-4.0,-130.0,-0.08,278.8,
2025-03-04 07:33:57,272.75,24.0,287.12,48.0,270.49,79.0,290.0,52.0,279.94,14.370000000000005,103.0,100.0,2.060262119244616,203,3.0,151.0,0.01,277.29,7.0
2025-03-04 07:33:58,270.0,84.0,271.0,14.0,267.43,126.0,288.36,56.0,270.5,1.0,210.0,70.0,5.737387907401356,280,140.0,77.0,0.5,277.29,
2025-03-04 07:33:59,270.0,66.0,271.0,11.0,268.0,99.0,288.0,44.0,270.5,1.0,165.0,55.0,6.856363467611425,220,110.0,-60.0,0.5,277.29,
2025-03-04 07:34:00,270.0,84.0,271.0,14.0,268.0,126.0,288.0,56.0,270.5,1.0,210.0,70.0,6.444278082143712,280,140.0,60.0,0.5,277.29,
2025-03-04 07:34:01,270.0,66.0,271.0,11.0,266.97,93.0,277.62,26.0,270.5,1.0,159.0,37.0,4.221696341519502,196,122.0,-84.0,0.62,272.33,3.0
2025-03-04 07:34:02,273.73,67.0,287.89,72.0,267.95,86.0,288.86,56.0,280.81,14.159999999999968,153.0,128.0,4.6107721696044734,281,25.0,85.0,0.09,272.33,
2025-03-04 07:34:07,268.21,161.0,290.75,48.0,265.22,82.0,292.0,84.0,279.48,22.54000000000002,243.0,132.0,1.7800084269449643,375,111.0,79.0,0.3,279.5,4.0
2025-03-04 07:34:20,278.5,16.0,282.41,17.0,270.29,56.0,288.09,33.0,280.46,3.910000000000025,72.0,50.0,2.017932109857744,122,22.0,-30.0,0.18,280.67,3.0
2025-03-04 07:34:21,278.0,24.0,288.04,23.0,269.0,96.0,290.06,17.0,283.02,10.04000000000002,120.0,40.0,1.7749788731122838,160,80.0,38.0,0.5,280.67,
2025-03-04 07:34:22,278.73,22.0,288.0,14.0,273.67,18.0,289.0,7.0,283.36,9.269999999999982,40.0,21.0,1.4563825046995724,61,19.0,-99.0,0.31,280.67,
2025-03-04 07:34:39,279.62,32.0,280.65,85.0,278.59,34.0,282.0,85.0,280.14,1.0299999999999727,66.0,170.0,1.4211368688465429,236,-104.0,136.0,-0.44,279.67,3.0
2025-03-04 07:34:40,278.71,7.0,280.33,30.0,274.29,17.0,283.52,29.0,279.52,1.6200000000000043,24.0,59.0,1.4622140746125516,83,-35.0,-153.0,-0.42,279.0,1.0
2025-03-04 07:34:41,278.0,24.0,281.86,58.0,273.69,64.0,290.8,50.0,279.93,3.8600000000000136,88.0,108.0,1.2383981589113706,196,-20.0,113.0,-0.1,279.0,
2025-03-04 07:34:42,275.11,57.0,279.26,38.0,269.37,82.0,280.0,50.0,277.18,4.149999999999977,139.0,88.0,1.4988095275902025,227,51.0,31.0,0.22,278.0,2.0
2025-03-04 07:34:43,275.0,65.0,279.86,57.0,269.28,64.0,289.15,52.0,277.43,4.860000000000014,129.0,109.0,1.4216363810747237,238,20.0,11.0,0.08,277.6,5.0
2025-03-04 07:34:44,277.84,82.0,290.98,53.0,272.63,107.0,291.93,56.0,284.41,13.140000000000043,189.0,109.0,2.9057064545468565,298,80.0,60.0,0.27,283.33,3.0
2025-03-04 07:34:45,278.0,96.0,290.0,40.0,273.0,132.0,291.62,52.0,284.0,12.0,228.0,92.0,3.4738235418620818,320,136.0,22.0,0.42,283.33,
2025-03-04 07:34:46,278.25,48.0,290.0,40.0,274.23,73.0,292.0,40.0,284.12,11.75,121.0,80.0,3.767753972859047,201,41.0,-119.0,0.2,278.0,2.0
2025-03-04 07:35:41,277.14,28.0,290.31,29.0,270.65,20.0,292.7,33.0,283.73,13.170000000000016,48.0,62.0,1.4056564302823824,110,-14.0,2.0,-0.13,276.2,5.0
2025-03-04 07:35:42,278.0,30.0,290.86,35.0,270.0,15.0,292.33,30.0,284.43,12.860000000000014,45.0,65.0,1.2434106320898486,110,-20.0,0.0,-0.18,276.2,
2025-03-04 07:36:41,278.0,13.0,294.39,46.0,277.0,18.0,295.44,54.0,286.2,16.389999999999986,31.0,100.0,1.430723593149478,131,-69.0,-40.0,-0.53,278.0,1.0
2025-03-04 07:36:42,278.0,12.0,292.38,37.0,277.0,24.0,293.54,72.0,285.19,14.379999999999995,36.0,109.0,1.428793197070369,145,-73.0,14.0,-0.5,278.0,
2025-03-04 07:36:43,279.07,15.0,287.5,32.0,277.08,24.0,288.39,46.0,283.28,8.430000000000007,39.0,78.0,1.4789759970988725,117,-39.0,-28.0,-0.33,282.0,2.0
2025-03-04 07:36:44,279.53,72.0,282.52,66.0,277.13,39.0,283.97,60.0,281.02,2.990000000000009,111.0,126.0,2.259595096470729,237,-15.0,120.0,-0.06,282.0,
2025-03-04 07:37:12,279.53,43.0,287.0,12.0,278.85,33.0,289.0,24.0,283.27,7.470000000000027,76.0,36.0,1.029781530226564,112,40.0,-43.0,0.36,282.0,
2025-03-04 07:37:19,279.29,28.0,281.28,18.0,278.76,21.0,288.0,16.0,280.28,1.9899999999999525,49.0,34.0,1.1737120600879576,83,15.0,-65.0,0.18,280.33,3.0
2025-03-04 07:37:20,279.6,30.0,282.0,12.0,278.92,39.0,290.0,24.0,280.8,2.3999999999999773,69.0,36.0,0.633150850900591,105,33.0,22.0,0.31,280.0,2.0
2025-03-04 07:37:21,279.0,54.0,284.88,26.0,278.0,18.0,290.12,49.0,281.94,5.879999999999996,72.0,75.0,0.6246759159725638,147,-3.0,42.0,-0.02,279.0,4.0
2025-03-04 07:37:22,279.0,36.0,288.67,18.0,278.0,12.0,291.9,42.0,283.83,9.670000000000016,48.0,60.0,1.431128925008453,108,-12.0,-39.0,-0.11,279.0,
2025-03-04 07:37:23,279.0,36.0,285.94,33.0,278.0,12.0,287.78,27.0,282.47,6.939999999999998,48.0,60.0,1.4035063234612524,108,-12.0,0.0,-0.11,279.0,
2025-03-04 07:37:24,277.25,28.0,279.5,10.0,275.91,32.0,287.68,37.0,278.38,2.25,60.0,47.0,2.048567792384685,107,13.0,-1.0,0.12,278.75,4.0
2025-03-04 07:37:25,276.0,55.0,278.91,11.0,275.0,33.0,287.64,44.0,277.45,2.910000000000025,88.0,55.0,2.7544200841549444,143,33.0,36.0,0.23,278.75,
2025-03-04 07:37:26,277.68,37.0,285.62,64.0,276.1,73.0,287.26,54.0,281.65,7.939999999999998,110.0,118.0,2.7277059958866814,228,-8.0,85.0,-0.04,277.0,1.0
2025-03-04 07:37:28,273.18,110.0,284.44,48.0,266.94,170.0,286.42,76.0,278.81,11.259999999999993,280.0,124.0,2.284749439215683,404,156.0,169.5,0.39,278.0,2.0
2025-03-04 07:37:29,273.58,52.0,285.0,42.0,271.92,50.0,289.0,70.0,279.29,11.420000000000016,102.0,112.0,2.175389620274108,214,-10.0,-170.5,-0.05,282.2,5.0
2025-03-04 07:37:30,275.18,33.0,286.0,33.0,272.12,34.0,291.0,66.0,280.59,10.819999999999991,67.0,99.0,1.644347895062406,166,-32.0,-48.0,-0.19,282.2,
2025-03-04 07:37:31,277.64,33.0,286.0,33.0,271.77,35.0,291.0,66.0,281.82,8.360000000000014,68.0,99.0,1.6723336987563724,167,-31.0,1.0,-0.19,282.2,
2025-03-04 07:37:57,279.01,143.0,290.33,36.0,277.18,66.0,291.69,32.0,284.67,11.319999999999991,209.0,68.0,1.3772980795729763,277,141.0,-2.0,0.51,282.2,
2025-03-04 07:37:59,279.44,36.0,289.0,30.0,278.58,83.0,291.88,69.0,284.22,9.560000000000002,119.0,99.0,1.3153630677480312,218,20.0,30.0,0.09,279.67,3.0
2025-03-04 07:38:00,279.0,40.0,288.61,23.0,278.0,50.0,290.83,29.0,283.8,9.610000000000014,90.0,52.0,0.6596969000956332,142,38.0,-76.0,0.27,279.67,
2025-03-04 07:38:01,279.0,60.0,286.82,39.0,278.0,75.0,287.69,45.0,282.91,7.819999999999993,135.0,84.0,0.8537388359422216,219,51.0,77.0,0.23,279.67,
2025-03-04 07:38:02,279.0,28.0,283.52,21.0,278.0,45.0,286.35,34.0,281.26,4.519999999999982,73.0,55.0,1.4712171831501843,128,18.0,-91.0,0.14,279.0,1.0
2025-03-04 07:38:03,278.48,58.0,280.71,48.0,277.48,104.0,281.72,58.0,279.6,2.2299999999999613,162.0,106.0,1.914633124125088,268,56.0,140.0,0.21,279.0,3.0
2025-03-04 07:38:04,277.46,50.0,279.0,20.0,276.33,81.0,284.3,37.0,278.23,1.5400000000000205,131.0,57.0,2.294591466905944,188,74.0,-80.0,0.39,278.0,5.0
2025-03-04 07:38:05,277.0,82.0,278.3,20.0,274.0,60.0,289.64,56.0,277.65,1.3000000000000114,142.0,76.0,2.170633548067971,218,66.0,30.0,0.3,277.0,6.0
2025-03-04 07:38:06,277.14,29.0,289.36,25.0,274.16,57.0,290.53,17.0,283.25,12.220000000000027,86.0,42.0,2.289403852534125,128,44.0,-90.0,0.34,277.0,
2025-03-04 07:38:08,279.57,28.0,283.29,14.0,278.13,23.0,284.29,14.0,281.43,3.7200000000000273,51.0,28.0,2.607224577975169,79,23.0,-1.0,0.29,279.4,5.0
2025-03-04 07:38:09,273.79,39.0,283.42,12.0,269.68,62.0,288.5,12.0,278.61,9.629999999999995,101.0,24.0,2.521800943769701,125,77.0,46.0,0.62,276.8,5.0
2025-03-04 07:38:10,272.0,60.0,282.29,28.0,268.94,102.0,289.22,32.0,277.14,10.29000000000002,162.0,60.0,2.684319280562157,222,102.0,97.0,0.46,276.8,
2025-03-04 07:38:11,272.0,60.0,286.2,44.0,268.98,100.0,286.12,41.0,279.1,14.199999999999989,160.0,85.0,2.297818530693385,245,75.0,23.0,0.31,281.83,6.0
2025-03-04 07:38:12,273.0,33.0,285.0,48.0,269.65,69.0,286.0,45.0,279.0,12.0,102.0,93.0,1.5419889753166678,195,9.0,-50.0,0.05,283.0,1.0
2025-03-04 07:38:13,267.33,75.0,285.0,48.0,249.95,21.0,286.38,16.0,276.17,17.670000000000016,96.0,64.0,1.291367492233934,160,32.0,-35.0,0.2,283.0,
2025-03-04 07:38:14,267.31,29.0,285.0,36.0,264.42,38.0,286.0,12.0,276.16,17.689999999999998,67.0,48.0,1.4580054869577033,115,19.0,-45.0,0.17,283.0,
2025-03-04 07:38:15,268.0,24.0,280.5,42.0,267.0,108.0,284.46,41.0,274.25,12.5,132.0,83.0,2.082457682643049,215,49.0,100.0,0.23,275.0,1.0
2025-03-04 07:38:16,268.0,78.0,272.27,33.0,267.0,99.0,275.0,11.0,270.14,4.269999999999982,177.0,44.0,3.270814883175147,221,133.0,6.0,0.6,275.0,
2025-03-04 07:38:17,268.0,70.0,270.6,15.0,267.0,63.0,272.23,13.0,269.3,2.6000000000000227,133.0,28.0,3.288560475344973,161,105.0,-60.0,0.65,275.0,
2025-03-04 07:38:18,268.0,100.0,276.64,22.0,267.0,90.0,272.57,28.0,272.32,8.639999999999986,190.0,50.0,2.8407006178056857,240,140.0,79.0,0.58,271.4,5.0
2025-03-04 07:38:19,268.83,58.0,281.0,14.0,267.87,69.0,282.0,49.0,274.91,12.170000000000016,127.0,63.0,2.46035160088995,190,64.0,-50.0,0.34,271.4,
2025-03-04 07:38:20,269.08,52.0,281.0,16.0,268.25,64.0,282.0,46.0,275.04,11.920000000000016,116.0,62.0,2.644658768159261,178,54.0,-12.0,0.3,271.4,
2025-03-04 07:38:21,270.33,33.0,281.0,49.0,269.69,75.0,282.0,55.0,275.67,10.670000000000016,108.0,104.0,2.649881129409569,212,4.0,34.0,0.02,271.4,
2025-03-04 07:38:22,273.82,39.0,281.0,55.0,273.0,64.0,282.0,55.0,277.41,7.180000000000007,103.0,110.0,1.8319798033820884,213,-7.0,1.0,-0.03,271.4,
2025-03-04 07:38:23,278.22,36.0,281.0,87.0,277.5,16.0,282.0,60.0,279.61,2.7799999999999727,52.0,147.0,1.990281387140754,199,-95.0,-14.0,-0.48,271.4,
2025-03-04 07:38:24,279.43,7.0,281.0,28.0,277.86,7.0,282.0,20.0,280.21,1.5699999999999932,14.0,48.0,2.300330411049309,62,-34.0,-137.0,-0.55,281.0,2.0
2025-03-04 07:38:26,279.29,17.0,281.24,34.0,277.82,17.0,282.2,50.0,280.26,1.9499999999999889,34.0,84.0,1.266281959121716,118,-50.0,-16.0,-0.42,281.0,5.0
2025-03-04 07:38:27,279.33,6.0,282.0,12.0,277.8,5.0,283.0,15.0,280.67,2.670000000000016,11.0,27.0,0.4031749000083635,38,-16.0,-80.0,-0.42,280.0,2.0
2025-03-04 07:38:28,279.54,26.0,282.0,43.0,277.95,19.0,283.0,50.0,280.77,2.4599999999999795,45.0,93.0,0.2459064862840872,138,-48.0,100.0,-0.35,280.0,2.0
2025-03-04 07:38:30,276.63,38.0,290.57,30.0,272.86,42.0,371.64,22.0,283.6,13.939999999999998,80.0,52.0,1.3352340618767835,132,28.0,48.0,0.21,280.3,10.0
2025-03-04 07:38:31,277.38,26.0,282.33,12.0,275.56,81.0,305.91,22.0,279.86,4.949999999999989,107.0,34.0,1.4194541204265936,141,73.0,9.0,0.52,280.3,
2025-03-04 07:38:32,278.0,18.0,281.5,10.0,276.0,72.0,295.16,19.0,279.75,3.5,90.0,29.0,1.555226671580775,119,61.0,-22.0,0.51,280.0,1.0
2025-03-04 07:38:33,278.0,12.0,282.0,6.0,276.0,48.0,283.0,12.0,280.0,4.0,60.0,18.0,1.619975308452681,78,42.0,-41.0,0.54,280.0,
2025-03-04 07:38:34,279.2,25.0,282.84,19.0,276.67,60.0,325.47,34.0,281.02,3.6399999999999855,85.0,53.0,1.6204875809448078,138,32.0,60.0,0.23,280.5,2.0
2025-03-04 07:38:35,276.0,56.0,285.0,14.0,269.0,14.0,738.57,28.0,280.5,9.0,70.0,42.0,0.5284694882364079,112,28.0,-26.0,0.25,278.67,3.0
2025-03-04 07:38:36,279.0,16.0,285.0,18.0,276.17,36.0,626.33,36.0,282.0,6.0,52.0,54.0,0.8964262379005203,106,-2.0,-6.0,-0.02,278.67,
2025-03-04 07:38:38,276.38,32.0,285.0,14.0,270.86,14.0,286.0,21.0,280.69,8.620000000000005,46.0,35.0,1.237707558349595,81,11.0,25.0,0.14,277.11,9.0
2025-03-04 07:38:39,276.0,16.0,283.75,16.0,268.0,16.0,285.33,18.0,279.88,7.75,32.0,34.0,1.4454687820897147,66,-2.0,-15.0,-0.03,277.11,
2025-03-04 07:38:40,268.0,20.0,283.0,20.0,267.0,50.0,285.0,20.0,275.5,15.0,70.0,40.0,3.0206588685246825,110,30.0,44.0,0.27,276.0,2.0
2025-03-04 07:38:41,269.0,14.0,282.33,36.0,268.0,62.0,284.88,32.0,275.67,13.329999999999984,76.0,68.0,3.435399540082331,144,8.0,34.0,0.06,276.0,
2025-03-04 07:38:42,275.82,100.0,281.0,34.0,269.63,62.0,282.29,34.0,278.41,5.180000000000007,162.0,68.0,2.3776564091556094,230,94.0,86.0,0.41,276.0,
2025-03-04 07:38:43,276.57,173.0,281.0,24.0,268.56,36.0,282.0,24.0,278.78,4.430000000000007,209.0,48.0,1.960247433361166,257,161.0,27.0,0.63,276.0,
2025-03-04 07:38:44,278.0,93.0,281.0,20.0,277.0,140.0,282.0,20.0,279.5,3.0,233.0,40.0,1.8567094549226373,273,193.0,16.0,0.71,276.0,
2025-03-04 07:38:45,278.0,132.0,280.0,22.0,277.0,154.0,282.0,22.0,279.0,2.0,286.0,44.0,1.5071064992224694,330,242.0,57.0,0.73,276.0,
2025-03-04 07:38:46,278.0,98.0,280.5,20.0,277.0,140.0,284.25,40.0,279.25,2.5,238.0,60.0,0.4207968631039556,298,178.0,-32.0,0.6,278.0,6.0
2025-03-04 07:38:47,278.0,66.0,282.0,22.0,277.0,190.0,285.0,66.0,280.0,4.0,256.0,88.0,0.4724193052764903,344,168.0,46.0,0.49,278.0,
2025-03-04 07:38:48,278.0,60.0,282.84,25.0,277.0,168.0,286.0,57.0,280.42,4.839999999999975,228.0,82.0,0.5742647473053623,310,146.0,-34.0,0.47,282.0,2.0
2025-03-04 07:38:49,278.0,30.0,284.78,27.0,277.0,70.0,329.24,17.0,281.39,6.779999999999973,100.0,44.0,0.957898742037701,144,56.0,-166.0,0.39,283.0,3.0
2025-03-04 07:38:50,279.2,75.0,285.0,78.0,277.11,158.0,438.7,47.0,282.1,5.800000000000011,233.0,125.0,1.1273730527190204,358,108.0,169.5,0.3,283.0,
2025-03-04 07:38:51,278.79,76.0,284.95,63.0,277.07,166.0,342.42,57.0,281.87,6.159999999999968,242.0,120.0,0.9129238741519612,362,122.0,4.0,0.34,284.0,5.0
2025-03-04 07:38:52,278.0,48.0,284.0,36.0,277.0,112.0,285.0,48.0,281.0,6.0,160.0,84.0,0.6748555400946784,244,76.0,-118.0,0.31,284.0,
2025-03-04 07:38:53,278.0,92.0,283.0,14.0,275.51,151.0,284.0,56.0,280.5,5.0,243.0,70.0,0.6475106176708457,313,173.0,69.0,0.55,284.0,
2025-03-04 07:38:54,278.0,196.0,283.0,22.0,268.56,64.0,284.82,44.0,280.5,5.0,260.0,66.0,0.7547714885954835,326,194.0,13.0,0.6,284.0,
2025-03-04 07:38:55,278.0,170.0,282.15,20.0,277.0,28.0,283.58,31.0,280.07,4.149999999999977,198.0,51.0,0.6886726363062403,249,147.0,-77.0,0.59,278.0,2.0
2025-03-04 07:38:56,278.0,168.0,280.79,14.0,277.0,28.0,283.75,32.0,279.39,2.7900000000000205,196.0,46.0,0.6022208897052912,242,150.0,-7.0,0.62,278.0,
2025-03-04 07:38:57,278.0,120.0,279.09,35.0,277.0,130.0,286.87,53.0,278.54,1.089999999999975,250.0,88.0,0.8379439122028796,338,162.0,96.0,0.48,278.0,6.0
2025-03-04 07:38:58,278.0,46.0,282.78,51.0,277.0,154.0,287.31,26.0,280.39,4.779999999999973,200.0,77.0,0.816131116915585,277,123.0,-61.0,0.44,278.0,4.0
2025-03-04 07:39:03,279.57,61.0,282.08,36.0,277.85,13.0,283.29,35.0,280.83,2.509999999999991,74.0,71.0,1.489271634053236,145,3.0,-13.0,0.02,280.0,3.0
2025-03-04 07:39:15,279.06,54.0,289.0,32.0,277.62,42.0,290.0,40.0,284.03,9.939999999999998,96.0,72.0,1.2894843930787712,168,24.0,-170.5,0.14,278.0,3.0
2025-03-04 07:39:18,278.0,60.0,288.57,28.0,277.0,57.0,289.71,28.0,283.29,10.569999999999991,117.0,56.0,0.7551291280265744,173,61.0,37.0,0.35,279.0,3.0
2025-03-04 07:39:19,278.0,100.0,287.6,50.0,277.0,120.0,288.23,52.0,282.8,9.600000000000025,220.0,102.0,0.9530739740409973,322,118.0,149.0,0.37,279.0,
2025-03-04 07:39:21,278.0,162.0,281.44,57.0,277.0,101.0,283.09,45.0,279.72,3.4399999999999977,263.0,102.0,1.9086461170145297,365,161.0,80.0,0.44,278.0,4.0
2025-03-04 07:39:22,277.8,44.0,279.74,19.0,276.96,94.0,281.35,40.0,278.77,1.9399999999999975,138.0,59.0,2.0258208212956728,197,79.0,-168.0,0.4,278.56,9.0
2025-03-04 07:39:23,277.0,108.0,278.25,20.0,276.0,48.0,282.67,12.0,277.62,1.25,156.0,32.0,2.2812123969493547,188,124.0,-9.0,0.66,278.56,
2025-03-04 07:39:24,277.0,95.0,278.05,20.0,276.0,36.0,280.64,11.0,277.52,1.0500000000000114,131.0,31.0,2.028854356526302,162,100.0,-26.0,0.62,277.0,2.0
2025-03-04 07:39:25,278.5,50.0,288.83,24.0,276.68,31.0,289.43,28.0,283.67,10.329999999999984,81.0,52.0,2.52076377314411,133,29.0,-29.0,0.22,278.0,1.0
2025-03-04 07:39:33,278.65,62.0,281.26,23.0,277.44,99.0,290.5,20.0,279.95,2.6100000000000136,161.0,43.0,1.540357101452518,204,118.0,-3.0,0.58,280.0,4.0
2025-03-04 07:39:34,278.25,154.0,283.0,9.0,276.56,136.0,291.35,17.0,280.63,4.75,290.0,26.0,1.1154371340399014,316,264.0,112.0,0.84,280.0,
2025-03-04 07:39:48,279.5,38.0,283.0,40.0,277.96,335.0,285.0,100.0,281.25,3.5,373.0,140.0,1.0846335786776016,513,233.0,155.0,0.45,278.75,4.0
2025-03-04 07:39:49,278.86,139.0,280.51,47.0,277.94,235.0,283.73,44.0,279.69,1.6499999999999773,374.0,91.0,1.590525070533244,465,283.0,-48.0,0.61,278.75,
2025-03-04 07:39:50,279.0,50.0,284.43,23.0,278.0,193.0,290.16,37.0,281.72,5.430000000000007,243.0,60.0,1.3164231842362564,303,183.0,-162.0,0.6,279.12,8.0
2025-03-04 07:39:51,278.67,36.0,290.0,18.0,277.87,111.0,292.0,31.0,284.33,11.329999999999984,147.0,49.0,1.702345440853511,196,98.0,-107.0,0.5,278.75,4.0
2025-03-04 07:39:52,277.41,54.0,290.0,16.0,274.09,44.0,292.0,32.0,283.7,12.589999999999977,98.0,48.0,1.884189480916062,146,50.0,-50.0,0.34,276.8,5.0
2025-03-04 07:39:53,276.0,20.0,290.0,10.0,270.0,10.0,292.0,20.0,283.0,14.0,30.0,30.0,1.840019021639388,60,0.0,-86.0,0.0,276.8,
2025-03-04 07:39:55,278.71,42.0,290.0,20.0,271.98,49.0,292.0,40.0,284.36,11.29000000000002,91.0,60.0,0.7399864863597034,151,31.0,1.0,0.21,276.8,
2025-03-04 07:40:08,278.8,20.0,284.0,16.0,277.97,30.0,292.0,72.0,281.4,5.199999999999989,50.0,88.0,0.8012490249572999,138,-38.0,93.0,-0.28,281.25,4.0
2025-03-04 07:40:09,278.0,24.0,283.67,12.0,277.0,24.0,292.0,54.0,280.83,5.670000000000016,48.0,66.0,1.0519410629854715,114,-18.0,-24.0,-0.16,281.25,
2025-03-04 07:40:10,278.0,32.0,283.0,16.0,277.0,32.0,292.0,72.0,280.5,5.0,64.0,88.0,1.189150957614295,152,-24.0,38.0,-0.16,281.25,
2025-03-04 07:40:11,278.0,48.0,282.25,24.0,277.0,48.0,291.53,68.0,280.12,4.25,96.0,92.0,1.1256997823553985,188,4.0,36.0,0.02,281.25,
2025-03-04 07:40:12,278.0,52.0,287.25,40.0,277.0,52.0,291.44,57.0,282.62,9.25,104.0,97.0,0.9738480374242088,201,7.0,13.0,0.03,280.0,2.0
2025-03-04 07:40:13,278.0,48.0,290.13,61.0,277.0,48.0,291.07,73.0,284.07,12.129999999999995,96.0,134.0,1.66813368768661,230,-38.0,29.0,-0.17,280.0,
2025-03-04 07:40:14,278.0,44.0,289.91,97.0,277.0,44.0,291.25,64.0,283.95,11.910000000000023,88.0,161.0,1.8667270823542648,249,-73.0,19.0,-0.29,280.0,
2025-03-04 07:40:15,278.0,40.0,288.0,30.0,277.0,40.0,289.67,60.0,283.0,10.0,80.0,90.0,1.595202181541532,170,-10.0,-79.0,-0.06,280.0,
2025-03-04 07:40:16,278.0,32.0,286.88,24.0,277.0,32.0,289.0,32.0,282.44,8.879999999999995,64.0,56.0,0.7536776499239267,120,8.0,-50.0,0.07,280.0,
2025-03-04 07:40:17,278.0,29.0,284.8,30.0,277.0,44.0,286.85,20.0,281.4,6.800000000000011,73.0,50.0,1.1087244923762014,123,23.0,3.0,0.19,278.0,3.0
2025-03-04 07:40:18,278.0,10.0,281.71,21.0,277.0,40.0,283.0,29.0,279.86,3.70999999999998,50.0,50.0,1.5693310676829266,100,0.0,-23.0,0.0,278.0,
2025-03-04 07:40:19,279.64,33.0,283.0,24.0,277.23,31.0,289.48,61.0,281.32,3.3600000000000136,64.0,85.0,1.205354719572147,149,-21.0,49.0,-0.14,280.0,5.0
2025-03-04 07:40:20,279.62,26.0,287.14,37.0,277.02,49.0,290.28,60.0,283.38,7.519999999999982,75.0,97.0,1.3217412757400122,172,-22.0,23.0,-0.13,280.0,
2025-03-04 07:40:21,277.43,21.0,287.0,52.0,276.9,40.0,289.0,65.0,282.21,9.569999999999991,61.0,117.0,1.2923544405444,178,-56.0,6.0,-0.31,277.5,2.0
2025-03-04 07:40:22,277.29,17.0,286.78,36.0,276.79,19.0,289.0,45.0,282.04,9.489999999999952,36.0,81.0,1.2950752873848024,117,-45.0,-61.0,-0.38,277.5,
2025-03-04 07:40:25,278.0,22.0,281.73,22.0,277.0,33.0,287.08,12.0,279.86,3.730000000000018,55.0,34.0,1.0920760046786429,89,21.0,-8.0,0.24,277.5,
2025-03-04 07:40:26,277.5,20.0,279.93,30.0,276.6,25.0,280.93,30.0,278.72,2.430000000000007,45.0,60.0,1.5481214422631395,105,-15.0,16.0,-0.14,277.5,4.0
2025-03-04 07:40:27,276.86,7.0,278.71,14.0,272.57,14.0,282.94,17.0,277.79,1.849999999999966,21.0,31.0,1.8403613775546857,52,-10.0,-53.0,-0.19,277.0,1.0
2025-03-04 07:40:28,276.17,12.0,279.26,23.0,270.15,82.0,288.51,43.0,277.71,3.089999999999975,94.0,66.0,1.3848357303287464,160,28.0,108.0,0.17,277.0,
2025-03-04 07:40:29,270.69,35.0,277.19,21.0,269.62,37.0,281.73,15.0,273.94,6.5,72.0,36.0,2.2251808915221782,108,36.0,-52.0,0.33,276.5,6.0
2025-03-04 07:40:30,278.8,20.0,285.0,15.0,270.65,62.0,286.53,15.0,281.9,6.199999999999989,82.0,30.0,2.8433905816815326,112,52.0,4.0,0.46,281.0,1.0
2025-03-04 07:40:31,277.56,16.0,285.0,12.0,275.8,25.0,286.0,12.0,281.28,7.439999999999998,41.0,24.0,3.209646397968948,65,17.0,-47.0,0.26,278.33,3.0
2025-03-04 07:40:32,274.88,41.0,285.0,9.0,268.89,19.0,286.0,9.0,279.94,10.120000000000005,60.0,18.0,3.2306779474275857,78,42.0,13.0,0.54,278.33,
2025-03-04 07:40:33,273.45,44.0,285.0,10.0,267.24,58.0,286.0,10.0,279.23,11.550000000000011,102.0,20.0,3.154983359701729,122,82.0,44.0,0.67,278.33,
2025-03-04 07:40:34,278.63,65.0,286.0,14.0,268.04,50.0,289.0,98.0,282.32,7.370000000000003,115.0,112.0,1.3101068658678734,227,3.0,105.0,0.01,285.0,1.0
2025-03-04 07:40:38,276.0,14.0,284.0,35.0,269.0,7.0,285.0,7.0,280.0,8.0,21.0,42.0,1.524768834936514,63,-21.0,-55.0,-0.33,285.0,
2025-03-04 07:40:39,276.0,4.0,284.0,10.0,269.89,9.0,285.0,2.0,280.0,8.0,13.0,12.0,1.9206977898653812,25,1.0,-38.0,0.04,285.0,
2025-03-04 07:40:40,276.0,16.0,283.5,30.0,270.0,64.0,284.11,28.0,279.75,7.5,80.0,58.0,1.9653244007018145,138,22.0,113.0,0.16,285.0,
2025-03-04 07:40:41,275.76,21.0,284.0,45.0,271.67,72.0,285.0,18.0,279.88,8.240000000000009,93.0,63.0,1.609931675567042,156,30.0,18.0,0.19,275.4,5.0
2025-03-04 07:40:42,275.0,50.0,284.0,50.0,270.0,80.0,285.0,20.0,279.5,9.0,130.0,70.0,0.2094755355508404,200,60.0,44.0,0.3,275.4,
2025-03-04 07:40:43,275.0,40.0,284.0,40.0,270.0,64.0,285.0,16.0,279.5,9.0,104.0,56.0,0.2244548952336323,160,48.0,-40.0,0.3,275.4,
2025-03-04 07:40:44,276.12,43.0,284.0,55.0,271.32,76.0,285.0,22.0,280.06,7.8799999999999955,119.0,77.0,0.2435569748423104,196,42.0,36.0,0.21,275.4,
2025-03-04 07:40:45,278.43,14.0,284.0,30.0,272.33,36.0,285.0,12.0,281.21,5.569999999999993,50.0,42.0,0.703135833245793,92,8.0,-104.0,0.09,278.0,4.0
2025-03-04 07:40:46,275.0,33.0,284.0,55.0,269.0,88.0,285.0,22.0,279.5,9.0,121.0,77.0,0.742818955058545,198,44.0,106.0,0.22,278.0,
2025-03-04 07:40:47,275.0,18.0,284.0,30.0,269.0,48.0,285.0,12.0,279.5,9.0,66.0,42.0,0.742818955058545,108,24.0,-90.0,0.22,278.0,
2025-03-04 07:40:48,272.29,17.0,284.0,35.0,269.12,42.0,285.0,14.0,278.15,11.70999999999998,59.0,49.0,1.1057712240759154,108,10.0,0.0,0.09,275.4,5.0
2025-03-04 07:40:49,276.22,90.0,284.0,75.0,269.73,45.0,285.38,32.0,280.11,7.779999999999973,135.0,107.0,1.1102387130677571,242,28.0,134.0,0.12,275.4,
2025-03-04 07:40:50,278.1,50.0,283.72,25.0,268.06,51.0,284.98,49.0,280.91,5.6200000000000045,101.0,74.0,1.011548318170911,175,27.0,-67.0,0.15,282.0,5.0
2025-03-04 07:40:51,274.21,29.0,283.0,12.0,268.84,79.0,284.0,12.0,278.6,8.79000000000002,108.0,24.0,1.1160331536269052,132,84.0,-43.0,0.64,282.0,
2025-03-04 07:40:52,274.0,16.0,283.0,8.0,269.29,17.0,284.0,8.0,278.5,9.0,33.0,16.0,1.1926986207732682,49,17.0,-83.0,0.35,282.0,
2025-03-04 07:40:53,273.38,16.0,282.25,16.0,270.0,16.0,284.0,16.0,277.81,8.870000000000005,32.0,32.0,1.2780179967412275,64,0.0,15.0,0.0,282.0,
2025-03-04 07:40:54,270.38,13.0,279.54,13.0,268.76,46.0,284.0,43.0,274.96,9.160000000000023,59.0,56.0,2.1350714273753653,115,3.0,51.0,0.03,275.0,1.0
2025-03-04 07:40:55,270.0,7.0,278.07,27.0,269.0,7.0,282.53,17.0,274.04,8.069999999999993,14.0,44.0,2.130239423162304,58,-30.0,-57.0,-0.52,275.0,
2025-03-04 07:40:56,269.5,6.0,278.0,30.0,268.2,15.0,279.0,6.0,273.75,8.5,21.0,36.0,2.198583634978446,57,-15.0,-1.0,-0.26,275.0,
2025-03-04 07:40:57,269.56,16.0,277.4,50.0,268.1,31.0,279.0,10.0,273.48,7.839999999999975,47.0,60.0,1.7683240653215195,107,-13.0,50.0,-0.12,275.0,
2025-03-04 07:40:58,270.57,42.0,275.5,70.0,268.38,32.0,279.0,14.0,273.04,4.930000000000007,74.0,84.0,0.7195693156294608,158,-10.0,51.0,-0.06,275.0,
2025-03-04 07:40:59,270.45,29.0,273.19,31.0,268.1,20.0,279.06,35.0,271.82,2.740000000000009,49.0,66.0,0.8679170467248527,115,-17.0,-43.0,-0.15,271.0,3.0
2025-03-04 07:41:00,269.69,26.0,273.0,8.0,268.7,20.0,281.25,32.0,271.35,3.3100000000000023,46.0,40.0,1.0515084402873884,86,6.0,-29.0,0.07,271.0,
2025-03-04 07:41:01,270.39,83.0,280.0,57.0,269.9,120.0,281.41,44.0,275.19,9.610000000000014,203.0,101.0,1.5116315688670867,304,102.0,169.5,0.34,272.0,1.0
2025-03-04 07:41:02,271.54,200.0,279.29,68.0,268.82,68.0,281.35,80.0,275.42,7.75,268.0,148.0,1.8779323736480775,416,120.0,112.0,0.29,277.86,7.0
2025-03-04 07:41:03,272.92,156.0,281.49,41.0,263.57,21.0,315.4,30.0,277.21,8.569999999999993,177.0,71.0,2.515724547718865,248,106.0,-168.0,0.43,277.86,
2025-03-04 07:41:04,274.12,66.0,282.0,62.0,272.53,149.0,283.12,32.0,278.06,7.8799999999999955,215.0,94.0,2.587862051963933,309,121.0,61.0,0.39,277.86,
2025-03-04 07:41:05,274.27,37.0,282.0,54.0,273.11,94.0,284.0,36.0,278.14,7.730000000000018,131.0,90.0,1.4184251830797294,221,41.0,-88.0,0.19,277.86,
2025-03-04 07:41:06,274.26,136.0,281.75,96.0,273.45,282.0,283.09,88.0,278.0,7.490000000000009,418.0,184.0,1.150426008048603,602,234.0,169.5,0.39,277.86,
2025-03-04 07:41:07,276.63,148.0,280.86,50.0,274.48,189.0,283.66,58.0,278.74,4.230000000000018,337.0,108.0,0.5455272678743907,445,229.0,-157.0,0.51,281.0,6.0
2025-03-04 07:41:08,277.43,168.0,279.14,42.0,276.0,70.0,284.0,56.0,278.29,1.7099999999999795,238.0,98.0,0.2967827488154211,336,140.0,-109.0,0.42,279.0,3.0
2025-03-04 07:41:09,276.0,50.0,284.18,34.0,274.0,180.0,285.92,26.0,280.09,8.180000000000007,230.0,60.0,0.8505703968480876,290,170.0,-46.0,0.59,279.0,
2025-03-04 07:41:10,276.0,54.0,285.0,28.0,274.0,252.0,287.0,56.0,280.5,9.0,306.0,84.0,1.1105088923525854,390,222.0,100.0,0.57,276.0,4.0
2025-03-04 07:41:11,277.3,74.0,285.0,26.0,274.47,47.0,287.0,52.0,281.15,7.699999999999989,121.0,78.0,1.2030918501901324,199,43.0,-170.5,0.22,277.0,3.0
2025-03-04 07:41:12,278.0,66.0,284.73,22.0,276.0,18.0,286.68,38.0,281.36,6.730000000000018,84.0,60.0,1.221462238464111,144,24.0,-55.0,0.17,277.0,
2025-03-04 07:41:13,278.5,40.0,284.12,16.0,277.0,24.0,285.67,18.0,281.31,5.6200000000000045,64.0,34.0,0.5605086975182384,98,30.0,-46.0,0.31,283.0,2.0
2025-03-04 07:41:14,279.5,72.0,285.0,24.0,276.0,36.0,288.0,63.0,282.25,5.5,108.0,87.0,0.6260431294994341,195,21.0,97.0,0.11,283.0,
2025-03-04 07:41:16,279.2,40.0,281.94,31.0,276.67,24.0,287.18,34.0,280.57,2.740000000000009,64.0,65.0,0.7978408362532791,129,-1.0,-11.0,-0.01,283.0,
2025-03-04 07:41:17,278.0,18.0,286.0,18.0,276.0,18.0,287.0,36.0,282.0,8.0,36.0,54.0,0.7990431778028735,90,-18.0,-39.0,-0.2,283.0,
2025-03-04 07:41:18,278.79,66.0,285.04,52.0,276.73,22.0,287.0,26.0,281.91,6.25,88.0,78.0,0.7629351217458121,166,10.0,76.0,0.06,283.0,
2025-03-04 07:41:19,279.0,72.0,283.62,40.0,278.0,16.0,288.0,36.0,281.31,4.6200000000000045,88.0,76.0,0.7579907651108502,164,12.0,-2.0,0.07,279.0,4.0
2025-03-04 07:41:20,279.0,81.0,283.0,60.0,278.0,24.0,288.0,25.0,281.0,4.0,105.0,85.0,0.6058630208169093,190,20.0,26.0,0.11,279.0,3.0
2025-03-04 07:41:21,279.0,36.0,283.0,30.0,278.0,12.0,288.0,16.0,281.0,4.0,48.0,46.0,0.4843862095408759,94,2.0,-96.0,0.02,279.0,
2025-03-04 07:41:22,279.52,46.0,282.89,56.0,278.83,58.0,286.12,40.0,281.21,3.3700000000000045,104.0,96.0,0.3739384976080993,200,8.0,106.0,0.04,279.6,5.0
2025-03-04 07:41:23,278.82,44.0,280.73,67.0,276.49,74.0,282.58,52.0,279.77,1.910000000000025,118.0,119.0,0.622952646670242,237,-1.0,37.0,-0.0,278.8,5.0
2025-03-04 07:41:24,276.1,59.0,279.73,45.0,274.25,165.0,282.0,22.0,277.92,3.629999999999996,224.0,67.0,1.38576693566903,291,157.0,54.0,0.54,279.33,3.0
2025-03-04 07:41:25,276.0,76.0,278.7,30.0,274.0,198.0,281.82,17.0,277.35,2.6999999999999886,274.0,47.0,1.7573701943510966,321,227.0,30.0,0.71,278.0,2.0
2025-03-04 07:41:26,276.0,25.0,277.29,31.0,274.0,198.0,285.54,13.0,276.65,1.2900000000000205,223.0,44.0,1.871256262512896,267,179.0,-54.0,0.67,276.29,7.0
2025-03-04 07:41:27,274.04,110.0,276.31,13.0,272.4,30.0,282.14,7.0,275.17,2.269999999999982,140.0,20.0,1.689769215009526,160,120.0,-107.0,0.75,276.0,2.0
2025-03-04 07:41:28,274.0,198.0,275.97,31.0,270.0,22.0,276.77,13.0,274.98,1.9700000000000275,220.0,44.0,1.3041970709958322,264,176.0,104.0,0.67,276.0,
2025-03-04 07:41:29,274.06,89.0,282.33,12.0,273.53,85.0,282.0,19.0,278.19,8.269999999999982,174.0,31.0,1.3852147847875655,205,143.0,-59.0,0.7,274.25,4.0
2025-03-04 07:41:30,276.95,20.0,285.0,14.0,274.13,171.0,287.0,14.0,280.98,8.050000000000011,191.0,28.0,2.4809332921289613,219,163.0,14.0,0.74,274.25,
2025-03-04 07:41:31,279.0,11.0,285.0,11.0,278.0,44.0,287.0,11.0,282.0,6.0,55.0,22.0,3.2286731020643,77,33.0,-142.0,0.43,274.25,
2025-03-04 07:41:32,279.0,9.0,285.0,9.0,278.0,36.0,287.0,9.0,282.0,6.0,45.0,18.0,3.0311878859604118,63,27.0,-14.0,0.43,274.25,
2025-03-04 07:41:33,279.0,8.0,285.0,8.0,278.0,32.0,287.0,8.0,282.0,6.0,40.0,16.0,1.6500545445508217,56,24.0,-7.0,0.43,274.25,
2025-03-04 07:41:34,276.0,16.0,284.23,13.0,275.0,64.0,286.4,10.0,280.12,8.230000000000018,80.0,23.0,0.8504116650144812,103,57.0,47.0,0.55,278.2,5.0
2025-03-04 07:41:35,275.0,8.0,283.0,8.0,274.0,32.0,285.0,4.0,279.0,8.0,40.0,12.0,1.3938723040482466,52,28.0,-51.0,0.54,278.2,
2025-03-04 07:41:36,275.0,14.0,282.0,14.0,274.0,56.0,287.0,14.0,278.5,7.0,70.0,28.0,1.6385603437142269,98,42.0,46.0,0.43,278.2,
2025-03-04 07:41:37,275.0,20.0,279.1,20.0,274.0,80.0,286.89,18.0,277.05,4.100000000000023,100.0,38.0,1.853990291234837,138,62.0,40.0,0.45,278.2,
2025-03-04 07:41:38,275.0,26.0,278.0,26.0,274.0,104.0,287.0,26.0,276.5,3.0,130.0,52.0,1.4682574706069738,182,78.0,44.0,0.43,278.2,
2025-03-04 07:41:39,275.0,26.0,277.92,26.0,274.0,104.0,287.08,53.0,276.46,2.920000000000016,130.0,79.0,1.1762312697736164,209,51.0,27.0,0.24,278.2,
2025-03-04 07:41:40,275.0,20.0,277.0,24.0,274.0,80.0,287.0,50.0,276.0,2.0,100.0,74.0,0.9677396344023804,174,26.0,-35.0,0.15,278.2,
2025-03-04 07:41:41,275.0,18.0,276.37,19.0,274.0,72.0,287.0,45.0,275.68,1.3700000000000043,90.0,64.0,0.5232781287166963,154,26.0,-20.0,0.17,278.2,
2025-03-04 07:41:42,274.47,30.0,276.0,22.0,273.3,80.0,287.0,55.0,275.23,1.5299999999999727,110.0,77.0,0.537010241981715,187,33.0,33.0,0.18,275.0,2.0
2025-03-04 07:41:43,274.0,90.0,275.47,17.0,268.88,64.0,285.66,59.0,274.74,1.4700000000000273,154.0,76.0,0.6670981936666543,230,78.0,43.0,0.34,274.0,2.0
2025-03-04 07:41:44,274.0,50.0,286.0,50.0,269.0,50.0,288.0,10.0,280.0,12.0,100.0,60.0,2.1058489974338706,160,40.0,-70.0,0.25,274.0,1.0
2025-03-04 07:41:45,274.0,55.0,284.45,55.0,269.0,55.0,286.49,53.0,279.23,10.449999999999989,110.0,108.0,2.4470860221890938,218,2.0,58.0,0.01,274.0,
2025-03-04 07:41:46,274.0,84.0,282.72,90.0,269.0,90.0,287.31,101.0,278.36,8.720000000000027,174.0,191.0,2.384967505018307,365,-17.0,147.0,-0.05,274.0,3.0
2025-03-04 07:41:47,274.0,12.0,281.83,30.0,269.0,30.0,286.0,30.0,277.92,7.829999999999984,42.0,60.0,2.0164324932893933,102,-18.0,-170.5,-0.18,274.0,
2025-03-04 07:41:48,269.36,56.0,280.73,75.0,268.2,49.0,285.3,67.0,275.05,11.370000000000005,105.0,142.0,1.89001851842602,247,-37.0,145.0,-0.15,272.33,3.0
2025-03-04 07:41:49,269.56,16.0,279.6,50.0,268.67,36.0,285.0,50.0,274.58,10.04000000000002,52.0,100.0,2.0810982677407104,152,-48.0,-95.0,-0.32,272.33,
2025-03-04 07:41:50,271.0,10.0,279.0,50.0,268.0,40.0,284.7,47.0,275.0,8.0,50.0,97.0,1.8034189751672796,147,-47.0,-5.0,-0.32,272.33,
2025-03-04 07:41:51,271.0,11.0,277.64,55.0,268.0,11.0,282.92,65.0,274.32,6.639999999999986,22.0,120.0,1.455018900218634,142,-98.0,-5.0,-0.69,272.33,
2025-03-04 07:41:52,271.64,14.0,276.07,70.0,268.0,14.0,282.44,71.0,273.86,4.430000000000007,28.0,141.0,0.4953988292209073,169,-113.0,27.0,-0.67,272.33,
2025-03-04 07:41:53,272.5,10.0,275.0,50.0,267.14,28.0,282.1,50.0,273.75,2.5,38.0,100.0,0.5159651150934987,138,-62.0,-31.0,-0.45,272.33,
2025-03-04 07:41:54,267.98,49.0,274.0,51.0,265.67,48.0,281.17,60.0,270.99,6.019999999999982,97.0,111.0,1.531283775135573,208,-14.0,70.0,-0.07,274.0,1.0
2025-03-04 07:41:55,268.26,54.0,272.93,30.0,266.69,64.0,275.35,46.0,270.6,4.670000000000016,118.0,76.0,1.761144514227452,194,42.0,-14.0,0.22,274.0,
2025-03-04 07:41:56,270.27,30.0,272.33,18.0,267.84,76.0,273.67,36.0,271.3,2.0600000000000023,106.0,54.0,1.576562716796723,160,52.0,-34.0,0.33,272.25,4.0
2025-03-04 07:41:57,268.03,86.0,273.0,16.0,264.36,56.0,274.0,64.0,270.52,4.970000000000027,142.0,80.0,1.333217911668417,222,62.0,62.0,0.28,272.25,
2025-03-04 07:41:58,272.77,48.0,276.97,58.0,268.47,55.0,279.41,58.0,274.87,4.2000000000000455,103.0,116.0,1.8238503228043428,219,-13.0,-3.0,-0.06,273.8,5.0
2025-03-04 07:41:59,273.66,41.0,278.28,90.0,272.99,153.0,280.94,68.0,275.97,4.619999999999948,194.0,158.0,2.5745232568368035,352,36.0,133.0,0.1,273.8,
2025-03-04 07:42:00,276.45,69.0,278.44,80.0,274.4,20.0,282.25,48.0,277.44,1.990000000000009,89.0,128.0,2.994570086004614,217,-39.0,-135.0,-0.18,276.0,10.0
2025-03-04 07:42:01,274.91,70.0,279.0,75.0,268.32,38.0,285.0,30.0,276.96,4.089999999999975,108.0,105.0,2.7707345596418493,213,3.0,-4.0,0.01,276.0,
2025-03-04 07:42:02,275.31,54.0,278.59,68.0,274.76,29.0,282.2,45.0,276.95,3.2799999999999727,83.0,113.0,1.0266791124755976,196,-30.0,-17.0,-0.15,279.0,2.0
2025-03-04 07:42:03,277.97,29.0,279.94,32.0,275.8,15.0,285.39,38.0,278.95,1.9699999999999704,44.0,70.0,1.0884070929545218,114,-26.0,-82.0,-0.23,278.43,7.0
2025-03-04 07:42:04,278.0,24.0,285.0,12.0,276.0,24.0,286.0,36.0,281.5,7.0,48.0,48.0,1.9366336772848565,96,0.0,-18.0,0.0,278.43,
2025-03-04 07:42:05,278.0,12.0,285.0,6.0,276.0,12.0,286.0,18.0,281.5,7.0,24.0,24.0,2.275888837354322,48,0.0,-48.0,0.0,278.43,
2025-03-04 07:42:06,278.0,8.0,285.0,4.0,276.0,8.0,286.0,12.0,281.5,7.0,16.0,16.0,2.068997341707852,32,0.0,-16.0,0.0,278.43,
2025-03-04 07:42:07,278.0,20.0,285.0,10.0,276.0,20.0,286.0,30.0,281.5,7.0,40.0,40.0,1.1403946685224022,80,0.0,48.0,0.0,278.43,
2025-03-04 07:42:08,278.0,36.0,285.32,28.0,276.0,26.0,286.75,36.0,281.66,7.319999999999993,62.0,64.0,0.0715541752411399,126,-2.0,46.0,-0.02,278.43,
2025-03-04 07:42:19,279.24,29.0,284.23,52.0,275.57,69.0,286.35,62.0,281.74,4.990000000000009,98.0,114.0,1.0107027258272954,212,-16.0,62.0,-0.08,280.5,4.0
2025-03-04 07:42:20,277.0,24.0,283.92,39.0,276.0,24.0,284.6,30.0,280.46,6.920000000000016,48.0,69.0,1.6516052797186482,117,-21.0,-95.0,-0.18,280.5,
2025-03-04 07:42:21,272.32,82.0,281.62,16.0,268.0,42.0,283.94,49.0,276.97,9.300000000000011,124.0,65.0,2.921400349146616,189,59.0,72.0,0.31,276.2,5.0
2025-03-04 07:42:22,272.74,106.0,280.0,52.0,271.51,140.0,281.0,13.0,276.37,7.259999999999991,246.0,65.0,3.2231459786974206,311,181.0,122.0,0.58,276.2,
2025-03-04 07:42:23,274.66,82.0,277.64,75.0,272.97,240.0,278.87,63.0,276.15,2.9799999999999613,322.0,138.0,2.579160716200679,460,184.0,149.0,0.4,275.0,4.0
2025-03-04 07:42:24,273.0,214.0,276.18,28.0,269.0,34.0,285.44,97.0,274.59,3.180000000000007,248.0,125.0,2.1712715168749206,373,123.0,-87.0,0.33,273.38,13.0
2025-03-04 07:42:25,270.0,54.0,278.0,9.0,269.0,18.0,285.56,27.0,274.0,8.0,72.0,36.0,1.2600714265437012,108,36.0,-170.5,0.33,273.38,
2025-03-04 07:42:26,270.0,42.0,277.57,7.0,269.0,14.0,286.0,49.0,273.79,7.569999999999993,56.0,56.0,1.207228230282745,112,0.0,4.0,0.0,273.38,
2025-03-04 07:42:27,270.0,48.0,284.88,52.0,269.0,16.0,287.28,47.0,277.44,14.879999999999995,64.0,99.0,1.558855349284109,163,-35.0,51.0,-0.21,277.0,1.0
2025-03-04 07:42:28,270.34,29.0,282.64,14.0,270.26,38.0,284.02,61.0,276.49,12.300000000000011,67.0,75.0,1.6173033110680668,142,-8.0,-21.0,-0.06,277.0,
2025-03-04 07:42:29,271.01,79.0,278.88,16.0,269.24,50.0,281.17,41.0,274.94,7.870000000000003,129.0,57.0,1.5882600542706324,186,72.0,44.0,0.39,277.0,
2025-03-04 07:42:30,271.0,78.0,275.62,16.0,268.05,37.0,278.61,23.0,273.31,4.6200000000000045,115.0,39.0,1.7542320257000512,154,76.0,-32.0,0.49,277.0,
2025-03-04 07:42:31,271.0,63.0,273.9,20.0,268.0,39.0,275.69,13.0,272.45,2.8999999999999773,102.0,33.0,2.092159171762896,135,69.0,-19.0,0.51,272.44,9.0
2025-03-04 07:42:32,271.0,8.0,284.0,72.0,268.0,24.0,286.0,40.0,277.5,13.0,32.0,112.0,2.1102772329700223,144,-80.0,9.0,-0.56,272.44,
2025-03-04 07:42:37,273.13,15.0,284.0,117.0,271.5,14.0,286.0,65.0,278.57,10.870000000000005,29.0,182.0,2.204763025813715,211,-153.0,33.0,-0.73,277.83,6.0
2025-03-04 07:42:38,271.32,19.0,282.7,80.0,270.07,14.0,284.52,112.0,277.01,11.379999999999995,33.0,192.0,3.1757566027633106,225,-159.0,14.0,-0.71,277.83,
2025-03-04 07:42:39,272.0,81.0,281.42,48.0,271.0,12.0,285.0,168.0,276.71,9.420000000000016,93.0,216.0,3.398833623464712,309,-123.0,84.0,-0.4,277.83,
2025-03-04 07:42:40,273.0,54.0,280.11,36.0,272.0,32.0,284.96,94.0,276.56,7.110000000000014,86.0,130.0,2.923533820566067,216,-44.0,-93.0,-0.2,277.83,
2025-03-04 07:42:41,273.95,126.0,278.62,64.0,272.99,91.0,283.81,64.0,276.29,4.670000000000016,217.0,128.0,0.900399911146648,345,89.0,129.0,0.26,277.83,
2025-03-04 07:42:42,275.0,160.0,279.41,58.0,273.0,190.0,282.89,72.0,277.21,4.410000000000025,350.0,130.0,0.363428122182027,480,220.0,135.0,0.46,277.83,
2025-03-04 07:42:43,276.46,133.0,279.25,97.0,274.41,187.0,280.61,46.0,277.85,2.7900000000000205,320.0,143.0,0.6163440597530299,463,177.0,-17.0,0.38,277.0,5.0
2025-03-04 07:42:44,277.0,18.0,282.52,84.0,276.0,144.0,283.36,83.0,279.76,5.519999999999982,162.0,167.0,1.383484730668601,329,-5.0,-134.0,-0.02,278.0,2.0
2025-03-04 07:42:45,277.0,14.0,281.81,27.0,275.48,97.0,283.52,46.0,279.41,4.810000000000002,111.0,73.0,1.4664855948810191,184,38.0,-145.0,0.21,281.67,3.0
2025-03-04 07:42:46,279.4,15.0,283.0,15.0,274.0,75.0,284.2,60.0,281.2,3.6000000000000227,90.0,75.0,1.5870822284917032,165,15.0,-19.0,0.09,281.67,
2025-03-04 07:42:48,279.33,9.0,283.0,9.0,276.19,43.0,287.0,43.0,281.17,3.670000000000016,52.0,52.0,0.9508259567319592,104,0.0,-8.0,0.0,277.75,4.0
2025-03-04 07:42:49,277.0,17.0,281.29,56.0,276.0,34.0,285.52,33.0,279.14,4.2900000000000205,51.0,89.0,1.115271267448039,140,-38.0,36.0,-0.27,277.75,
2025-03-04 07:42:50,277.0,11.0,280.0,44.0,276.0,22.0,284.0,11.0,278.5,3.0,33.0,55.0,1.3777227587562817,88,-22.0,-52.0,-0.25,277.75,
2025-03-04 07:42:51,276.56,18.0,279.1,29.0,274.67,30.0,285.62,26.0,277.83,2.5400000000000205,48.0,55.0,1.6298374152026556,103,-7.0,15.0,-0.07,277.75,4.0
2025-03-04 07:42:52,274.31,52.0,285.0,16.0,271.67,51.0,286.0,64.0,279.65,10.689999999999998,103.0,80.0,1.2685700611295168,183,23.0,80.0,0.13,275.0,3.0
2025-03-04 07:42:53,274.0,70.0,285.0,14.0,270.36,42.0,286.0,56.0,279.5,11.0,112.0,70.0,0.7553343630431614,182,42.0,-1.0,0.23,275.0,
2025-03-04 07:42:54,275.0,50.0,285.0,10.0,270.27,45.0,287.6,40.0,280.0,10.0,95.0,50.0,0.9007385858249708,145,45.0,-37.0,0.31,275.0,
2025-03-04 07:42:55,275.0,55.0,285.0,11.0,270.0,33.0,288.0,44.0,280.0,10.0,88.0,55.0,0.9024023492845296,143,33.0,-2.0,0.23,275.0,
2025-03-04 07:42:56,275.0,25.0,285.0,5.0,270.0,15.0,288.0,20.0,280.0,10.0,40.0,25.0,0.2387467277150534,65,15.0,-78.0,0.23,275.0,
2025-03-04 07:42:57,275.0,55.0,285.0,11.0,270.0,33.0,287.98,41.0,280.0,10.0,88.0,52.0,0.2236067977381631,140,36.0,75.0,0.26,275.0,
2025-03-04 07:42:58,275.0,30.0,285.0,6.0,270.0,18.0,287.95,21.0,280.0,10.0,48.0,27.0,0.0,75,21.0,-65.0,0.28,275.0,1.0
2025-03-04 07:42:59,275.0,20.0,285.0,11.0,270.0,15.0,288.0,20.0,280.0,10.0,35.0,31.0,0.0,66,4.0,-9.0,0.06,275.0,
2025-03-04 07:43:00,275.0,32.0,285.0,8.0,270.0,24.0,288.0,32.0,280.0,10.0,56.0,40.0,0.0,96,16.0,30.0,0.17,275.0,
2025-03-04 07:43:01,276.09,88.0,285.0,10.0,273.33,36.0,288.0,40.0,280.55,8.910000000000025,124.0,50.0,0.2459674775146735,174,74.0,78.0,0.43,275.0,
2025-03-04 07:43:02,278.08,108.0,285.0,13.0,276.55,58.0,288.0,52.0,281.54,6.920000000000016,166.0,65.0,0.6709098300034353,231,101.0,57.0,0.44,279.0,3.0
2025-03-04 07:43:03,279.0,81.0,285.0,9.0,278.0,9.0,288.2,40.0,282.0,6.0,90.0,49.0,0.9122061170566724,139,41.0,-92.0,0.29,279.0,1.0
2025-03-04 07:43:05,279.0,70.0,285.0,10.0,278.0,10.0,287.0,40.0,282.0,6.0,80.0,50.0,0.69583043911311,130,30.0,-18.0,0.23,279.0,
2025-03-04 07:43:06,279.0,63.0,283.12,17.0,278.0,9.0,285.67,12.0,281.06,4.1200000000000045,72.0,29.0,0.4965078045675083,101,43.0,-29.0,0.43,279.0,
2025-03-04 07:43:07,279.0,49.0,282.0,14.0,278.0,7.0,286.0,28.0,280.5,3.0,56.0,42.0,0.7692853826742486,98,14.0,-3.0,0.14,279.0,
2025-03-04 07:43:08,279.0,84.0,285.05,40.0,278.0,12.0,287.17,47.0,282.02,6.050000000000011,96.0,87.0,0.7720621736597781,183,9.0,85.0,0.05,281.5,4.0
2025-03-04 07:43:09,279.0,36.0,285.0,32.0,278.0,8.0,288.0,48.0,282.0,6.0,44.0,80.0,0.7004855458867175,124,-36.0,-59.0,-0.29,279.0,4.0
2025-03-04 07:43:10,279.0,12.0,285.0,16.0,278.0,4.0,287.95,19.0,282.0,6.0,16.0,35.0,0.7004855458867175,51,-19.0,-73.0,-0.37,279.0,
2025-03-04 07:43:11,279.0,6.0,285.0,8.0,278.0,2.0,287.0,2.0,282.0,6.0,8.0,10.0,0.6731121748983341,18,-2.0,-33.0,-0.11,279.0,
2025-03-04 07:43:12,279.0,30.0,285.0,40.0,278.0,10.0,287.0,10.0,282.0,6.0,40.0,50.0,0.0089442717205611,90,-10.0,72.0,-0.11,279.0,
2025-03-04 07:43:21,279.0,21.0,288.0,7.0,278.0,49.0,289.0,32.0,283.5,9.0,70.0,39.0,0.4727049819901266,109,31.0,-1.0,0.28,281.0,2.0
2025-03-04 07:43:22,279.0,21.0,288.0,7.0,278.0,49.0,289.0,36.0,283.5,9.0,70.0,43.0,0.5731055749146199,113,27.0,4.0,0.24,281.0,
2025-03-04 07:43:23,279.0,15.0,288.0,5.0,278.0,35.0,289.0,20.0,283.5,9.0,50.0,25.0,0.588965194216152,75,25.0,-38.0,0.33,281.0,
2025-03-04 07:43:37,279.0,48.0,284.2,41.0,277.0,160.0,285.87,55.0,281.6,5.199999999999989,208.0,96.0,0.2531402773098667,304,112.0,86.0,0.37,281.0,
2025-03-04 07:43:39,277.44,48.0,280.9,20.0,277.9,29.0,286.75,40.0,279.17,3.4599999999999795,77.0,60.0,1.1445304714144402,137,17.0,20.0,0.12,279.25,4.0
2025-03-04 07:43:40,277.0,150.0,279.4,30.0,276.0,15.0,287.67,75.0,278.2,2.3999999999999773,165.0,105.0,1.641934834272005,270,60.0,133.0,0.22,279.25,
2025-03-04 07:43:41,277.59,122.0,286.81,64.0,276.85,71.0,289.32,125.0,282.2,9.220000000000027,193.0,189.0,1.6688169462214315,382,4.0,112.0,0.01,279.0,2.0
2025-03-04 07:43:43,277.56,85.0,287.27,22.0,276.86,51.0,289.0,110.0,282.42,9.70999999999998,136.0,132.0,2.900658545916172,268,4.0,-96.0,0.01,283.0,2.0
2025-03-04 07:43:44,277.0,95.0,286.0,26.0,276.0,13.0,289.0,115.0,281.5,9.0,108.0,141.0,2.6052792556647013,249,-33.0,-19.0,-0.13,277.0,4.0
2025-03-04 07:43:45,279.32,65.0,286.0,26.0,272.82,22.0,289.0,65.0,282.66,6.680000000000007,87.0,91.0,1.5401558362702386,178,-4.0,-71.0,-0.02,274.0,3.0
2025-03-04 07:43:51,277.0,7.0,291.71,35.0,276.0,63.0,293.33,30.0,284.36,14.70999999999998,70.0,65.0,1.2725643402192597,135,5.0,14.0,0.04,274.0,
2025-03-04 07:43:52,277.0,6.0,291.0,50.0,276.0,54.0,292.31,26.0,284.0,14.0,60.0,76.0,1.2364384335654404,136,-16.0,1.0,-0.12,274.0,
2025-03-04 07:43:53,277.0,5.0,290.5,30.0,276.0,45.0,292.0,20.0,283.75,13.5,50.0,50.0,1.1493606918621446,100,0.0,-36.0,0.0,274.0,
2025-03-04 07:44:04,279.53,17.0,288.31,13.0,278.5,48.0,290.0,52.0,283.92,8.78000000000003,65.0,65.0,1.6858291728396118,130,0.0,20.0,0.0,279.33,3.0
2025-03-04 07:44:05,279.0,16.0,286.62,8.0,277.0,24.0,290.0,32.0,282.81,7.620000000000003,40.0,40.0,1.4447214264339174,80,0.0,-50.0,0.0,279.33,
2025-03-04 07:44:06,279.0,11.0,285.0,8.0,277.0,24.0,289.88,32.0,282.0,6.0,35.0,40.0,0.9716892507367804,75,-5.0,-5.0,-0.07,279.0,1.0
2025-03-04 07:44:07,279.0,11.0,284.64,11.0,277.0,33.0,289.0,44.0,281.82,5.639999999999986,44.0,55.0,1.1752021102760395,99,-11.0,24.0,-0.11,279.0,
2025-03-04 07:44:08,277.44,27.0,282.48,23.0,276.72,25.0,288.19,37.0,279.96,5.0400000000000205,52.0,60.0,1.456406536649961,112,-8.0,13.0,-0.07,279.0,
2025-03-04 07:44:09,279.0,32.0,281.81,16.0,277.0,48.0,289.0,96.0,280.41,2.8100000000000023,80.0,112.0,1.1809106655442951,192,-32.0,80.0,-0.17,279.0,
2025-03-04 07:44:10,278.41,17.0,280.0,11.0,276.77,22.0,289.0,44.0,279.21,1.589999999999975,39.0,55.0,1.2035572275533106,94,-16.0,-98.0,-0.17,278.33,3.0
2025-03-04 07:44:11,272.5,16.0,279.75,12.0,270.06,34.0,288.83,48.0,276.12,7.25,50.0,60.0,2.117222236798734,110,-10.0,16.0,-0.09,276.0,3.0
2025-03-04 07:44:12,273.19,26.0,277.78,18.0,270.05,39.0,287.73,66.0,275.49,4.589999999999975,65.0,84.0,2.272943026121459,149,-19.0,39.0,-0.13,277.0,1.0
2025-03-04 07:44:13,272.12,64.0,275.83,36.0,270.0,24.0,276.36,28.0,273.98,3.70999999999998,88.0,64.0,2.6776052733727136,152,24.0,3.0,0.16,277.0,
2025-03-04 07:44:14,272.2,70.0,274.9,20.0,268.89,90.0,277.44,50.0,273.55,2.6999999999999886,160.0,70.0,2.242598938729904,230,90.0,78.0,0.39,274.0,1.0
2025-03-04 07:44:15,272.55,49.0,280.73,59.0,268.64,78.0,285.34,58.0,276.64,8.180000000000007,127.0,117.0,1.3421363567060742,244,10.0,14.0,0.04,274.0,3.0
2025-03-04 07:44:33,278.78,37.0,283.36,53.0,274.66,50.0,288.92,93.0,281.07,4.580000000000041,87.0,146.0,0.8535982661625231,233,-59.0,40.0,-0.25,280.0,2.0
2025-03-04 07:44:34,277.0,42.0,285.74,35.0,268.49,41.0,288.21,67.0,281.37,8.740000000000009,83.0,102.0,0.6815937206250764,185,-19.0,-48.0,-0.1,280.0,
2025-03-04 07:44:35,277.0,30.0,282.45,22.0,272.0,10.0,285.57,28.0,279.73,5.449999999999989,40.0,50.0,0.8367377127841937,90,-10.0,-95.0,-0.11,282.0,2.0
2025-03-04 07:44:36,277.17,36.0,280.57,14.0,274.62,24.0,282.04,25.0,278.87,3.3999999999999773,60.0,39.0,1.1142800366133765,99,21.0,9.0,0.21,282.0,
2025-03-04 07:44:37,278.0,16.0,280.86,14.0,277.0,30.0,284.8,20.0,279.43,2.8600000000000136,46.0,34.0,1.0784618676591988,80,12.0,-19.0,0.15,278.0,1.0
2025-03-04 07:44:38,278.0,12.0,281.33,24.0,277.0,36.0,288.83,24.0,279.67,3.329999999999984,48.0,48.0,0.933745147240342,96,0.0,16.0,0.0,278.0,
2025-03-04 07:44:39,278.99,136.0,280.09,47.0,277.83,18.0,287.44,32.0,279.54,1.099999999999966,154.0,79.0,0.3433948164937918,233,75.0,137.0,0.32,278.0,
2025-03-04 07:44:40,279.18,84.0,281.4,20.0,278.44,16.0,287.22,18.0,280.29,2.2199999999999704,100.0,38.0,0.5095095681092181,138,62.0,-95.0,0.45,279.0,2.0
2025-03-04 07:44:46,279.15,39.0,281.43,47.0,278.0,84.0,283.17,54.0,280.29,2.2800000000000296,123.0,101.0,1.4336422147787902,224,22.0,116.0,0.1,279.88,8.0
2025-03-04 07:44:47,277.45,62.0,284.32,62.0,276.39,92.0,289.13,60.0,280.89,6.8700000000000045,154.0,122.0,1.140776051640146,276,32.0,52.0,0.12,279.0,3.0
2025-03-04 07:44:48,277.0,60.0,288.0,52.0,276.0,91.0,290.45,33.0,282.5,11.0,151.0,85.0,0.9045164453981202,236,66.0,-40.0,0.28,279.0,
2025-03-04 07:44:49,277.06,51.0,286.39,46.0,276.24,74.0,287.7,23.0,281.73,9.329999999999984,125.0,69.0,0.8454761971786321,194,56.0,-42.0,0.29,279.0,
2025-03-04 07:44:50,278.25,12.0,286.0,48.0,277.0,72.0,287.0,12.0,282.12,7.75,84.0,60.0,0.904615940604452,144,24.0,-50.0,0.17,279.0,
2025-03-04 07:44:51,277.43,35.0,285.79,56.0,276.14,86.0,286.4,20.0,281.61,8.360000000000014,121.0,76.0,0.6035312750767616,197,45.0,53.0,0.23,278.0,3.0
2025-03-04 07:44:54,277.32,38.0,287.0,16.0,276.14,28.0,289.97,61.0,282.16,9.680000000000009,66.0,77.0,0.7204373671569274,143,-11.0,21.0,-0.08,283.0,2.0
2025-03-04 07:44:55,277.0,37.0,287.1,29.0,276.0,34.0,288.95,37.0,282.05,10.100000000000025,71.0,66.0,0.7284572739673867,137,5.0,-6.0,0.04,283.0,
2025-03-04 07:44:56,277.86,21.0,288.53,57.0,276.77,35.0,289.15,41.0,283.19,10.66999999999996,56.0,98.0,0.6308169306511764,154,-42.0,17.0,-0.27,283.0,
2025-03-04 07:44:57,279.0,15.0,287.11,47.0,277.0,45.0,288.05,102.0,283.05,8.110000000000014,60.0,149.0,0.6473407139955081,209,-89.0,55.0,-0.43,283.0,
2025-03-04 07:44:58,279.0,13.0,286.11,46.0,277.0,39.0,287.81,94.0,282.55,7.110000000000014,52.0,140.0,0.5121523210882565,192,-88.0,-17.0,-0.46,283.0,
2025-03-04 07:44:59,279.65,31.0,283.37,54.0,277.26,38.0,284.24,74.0,281.51,3.7200000000000273,69.0,128.0,0.6998571282740635,197,-59.0,5.0,-0.3,283.0,
2025-03-04 07:45:00,279.0,14.0,283.0,42.0,277.0,42.0,284.0,70.0,281.0,4.0,56.0,112.0,0.9647797676132622,168,-56.0,-29.0,-0.33,283.0,
2025-03-04 07:45:01,278.7,20.0,282.45,74.0,276.74,62.0,283.64,86.0,280.57,3.75,82.0,160.0,1.0418157226667242,242,-78.0,74.0,-0.32,277.2,5.0
2025-03-04 07:45:02,275.62,21.0,281.0,15.0,274.6,60.0,282.0,75.0,278.31,5.379999999999996,81.0,90.0,1.5699426741110551,171,-9.0,-71.0,-0.05,281.0,2.0
2025-03-04 07:45:03,275.0,72.0,280.56,18.0,271.17,36.0,282.0,90.0,277.78,5.560000000000002,108.0,108.0,1.677179179454093,216,0.0,45.0,0.0,281.0,
2025-03-04 07:45:04,275.45,22.0,277.44,61.0,274.58,43.0,279.88,17.0,276.45,1.990000000000009,65.0,78.0,1.921814247005571,143,-13.0,-73.0,-0.09,281.0,
2025-03-04 07:45:05,275.35,31.0,277.55,20.0,273.22,59.0,287.55,42.0,276.45,2.1999999999999886,90.0,62.0,1.696738046957436,152,28.0,9.0,0.18,276.0,1.0
2025-03-04 07:45:06,275.0,50.0,284.68,41.0,268.0,48.0,286.09,33.0,279.84,9.680000000000009,98.0,74.0,1.4196231894389482,172,24.0,20.0,0.14,275.0,1.0
2025-03-04 07:45:07,275.0,48.0,281.98,51.0,268.0,48.0,283.13,61.0,278.49,6.980000000000018,96.0,112.0,1.4390170256090935,208,-16.0,36.0,-0.08,275.0,
2025-03-04 07:45:08,275.0,36.0,279.31,26.0,268.71,28.0,281.0,48.0,277.15,4.310000000000002,64.0,74.0,1.4687001055330369,138,-10.0,-70.0,-0.07,280.0,1.0
2025-03-04 07:45:09,275.0,45.0,277.14,42.0,268.0,45.0,280.25,48.0,276.07,2.1399999999999864,90.0,90.0,1.555281325031804,180,0.0,42.0,0.0,280.0,
2025-03-04 07:45:10,275.0,27.0,276.0,44.0,268.0,33.0,278.0,22.0,275.5,1.0,60.0,66.0,1.7735980378858467,126,-6.0,-54.0,-0.05,275.0,1.0
2025-03-04 07:45:11,272.23,60.0,282.17,77.0,264.92,39.0,284.39,72.0,277.2,9.939999999999998,99.0,149.0,1.1541100467425731,248,-50.0,122.0,-0.2,272.67,9.0
2025-03-04 07:45:12,278.6,100.0,281.54,52.0,276.19,54.0,283.52,66.0,280.07,2.9399999999999977,154.0,118.0,1.7611274797675551,272,36.0,24.0,0.13,272.67,
2025-03-04 07:45:13,279.0,82.0,280.0,39.0,277.0,65.0,283.09,55.0,279.5,1.0,147.0,94.0,2.037073881819904,241,53.0,-31.0,0.22,279.0,5.0
2025-03-04 07:45:14,279.0,33.0,280.0,23.0,277.0,55.0,286.0,55.0,279.5,1.0,88.0,78.0,1.939608207858834,166,10.0,-75.0,0.06,280.0,1.0
2025-03-04 07:45:15,278.14,37.0,280.0,22.0,276.38,39.0,286.0,55.0,279.07,1.8600000000000136,76.0,77.0,1.1030276515091866,153,-1.0,-13.0,-0.01,278.5,4.0
2025-03-04 07:45:16,277.0,24.0,285.0,24.0,271.0,6.0,287.85,26.0,281.0,8.0,30.0,50.0,0.745298597874994,80,-20.0,-73.0,-0.25,278.5,
2025-03-04 07:45:17,277.0,57.0,280.0,70.0,271.0,14.0,285.45,38.0,278.5,3.0,71.0,108.0,0.9265419580322172,179,-37.0,99.0,-0.21,278.5,
2025-03-04 07:45:18,277.0,60.0,280.0,60.0,266.0,28.0,284.0,12.0,278.5,3.0,88.0,72.0,1.032220906586382,160,16.0,-19.0,0.1,278.5,
2025-03-04 07:45:19,277.47,19.0,280.0,25.0,276.29,17.0,284.0,5.0,278.74,2.5299999999999727,36.0,30.0,1.0537172296180262,66,6.0,-94.0,0.09,278.5,
2025-03-04 07:45:20,278.0,15.0,280.0,25.0,277.0,25.0,284.0,5.0,279.0,2.0,40.0,30.0,1.055708293040211,70,10.0,4.0,0.14,278.5,
2025-03-04 07:45:21,277.38,24.0,280.0,30.0,276.17,18.0,284.0,6.0,278.69,2.6200000000000045,42.0,36.0,0.2065913841221619,78,6.0,8.0,0.08,278.5,
2025-03-04 07:45:22,277.0,52.0,280.0,47.0,272.0,11.0,284.0,11.0,278.5,3.0,63.0,58.0,0.2065913841221619,121,5.0,43.0,0.04,278.2,5.0
2025-03-04 07:45:23,277.0,28.0,280.0,42.0,274.84,38.0,284.0,14.0,278.5,3.0,66.0,56.0,0.2065913841221619,122,10.0,1.0,0.08,278.2,
2025-03-04 07:45:24,277.0,14.0,279.57,21.0,275.0,21.0,281.23,13.0,278.29,2.569999999999993,35.0,34.0,0.2665145399287631,69,1.0,-53.0,0.01,278.2,
2025-03-04 07:45:25,277.0,35.0,278.9,40.0,273.8,30.0,282.58,57.0,277.95,1.8999999999999773,65.0,97.0,0.2818332840409406,162,-32.0,93.0,-0.2,277.67,3.0
2025-03-04 07:45:26,277.0,14.0,282.57,47.0,274.12,34.0,284.52,64.0,279.79,5.569999999999993,48.0,111.0,0.6990207436074215,159,-63.0,-3.0,-0.4,277.67,
2025-03-04 07:45:27,277.0,10.0,281.5,40.0,275.0,60.0,283.0,30.0,279.25,4.5,70.0,70.0,0.7492529612844876,140,0.0,-19.0,0.0,277.67,
2025-03-04 07:45:28,277.0,8.0,281.0,32.0,275.0,48.0,283.74,34.0,279.0,4.0,56.0,66.0,0.7398513364140351,122,-10.0,-18.0,-0.08,277.67,
2025-03-04 07:45:29,277.43,14.0,279.71,56.0,275.22,54.0,284.0,70.0,278.57,2.2799999999999727,68.0,126.0,0.6955717072981562,194,-58.0,72.0,-0.3,277.67,
2025-03-04 07:45:30,275.9,21.0,278.3,50.0,274.92,51.0,281.55,49.0,277.1,2.400000000000034,72.0,99.0,1.018415435857848,171,-27.0,-23.0,-0.16,277.5,2.0
2025-03-04 07:45:31,274.81,43.0,278.45,55.0,271.19,16.0,282.06,47.0,276.63,3.6399999999999855,59.0,102.0,1.1740741032801576,161,-43.0,-10.0,-0.27,273.89,9.0
2025-03-04 07:45:32,267.75,16.0,284.0,40.0,265.18,11.0,286.0,40.0,275.88,16.25,27.0,80.0,1.3148878279125666,107,-53.0,-54.0,-0.5,273.89,
2025-03-04 07:45:33,268.0,223.0,282.44,68.0,263.0,20.0,283.65,108.0,275.22,14.439999999999998,243.0,176.0,1.27696906775068,419,67.0,169.5,0.16,273.89,
2025-03-04 07:45:34,268.78,82.0,279.62,94.0,267.97,180.0,281.84,160.0,274.2,10.840000000000032,262.0,254.0,1.1490778911768469,516,8.0,97.0,0.02,273.89,
2025-03-04 07:45:35,269.0,48.0,278.13,38.0,266.57,88.0,279.02,116.0,273.57,9.129999999999995,136.0,154.0,1.2363858620960024,290,-18.0,-170.5,-0.06,278.7,10.0
2025-03-04 07:45:36,269.75,8.0,279.75,40.0,266.0,72.0,294.5,16.0,274.75,10.0,80.0,56.0,0.8929333681695352,136,24.0,-154.0,0.18,276.2,10.0
2025-03-04 07:45:37,270.78,9.0,282.0,45.0,265.33,81.0,344.77,26.0,276.39,11.220000000000027,90.0,71.0,1.0696401263932984,161,19.0,25.0,0.12,276.2,
2025-03-04 07:45:38,279.64,28.0,296.11,38.0,264.8,40.0,351.71,28.0,287.87,16.470000000000027,68.0,66.0,5.969981574510307,134,2.0,-27.0,0.01,282.0,5.0
2025-03-04 07:45:41,271.0,72.0,273.0,45.0,270.0,18.0,490.0,20.0,272.0,2.0,90.0,65.0,43.67536410838509,155,25.0,51.0,0.16,282.0,
2025-03-04 07:45:42,271.0,56.0,272.33,30.0,270.0,14.0,273.69,29.0,271.67,1.329999999999984,70.0,59.0,44.52443093403903,129,11.0,-26.0,0.09,282.0,
2025-03-04 07:45:43,271.79,78.0,273.0,22.0,270.89,36.0,279.0,12.0,272.4,1.2099999999999795,114.0,34.0,46.52991328167301,148,80.0,19.0,0.54,272.43,7.0
2025-03-04 07:45:44,272.35,155.0,276.6,20.0,271.31,87.0,279.86,14.0,274.48,4.25,242.0,34.0,47.00707159566533,276,208.0,128.0,0.75,273.0,2.0
2025-03-04 07:45:45,273.0,119.0,278.83,18.0,271.88,86.0,381.42,19.0,275.92,5.829999999999984,205.0,37.0,1.8312236346213937,242,168.0,-34.0,0.69,279.0,2.0
2025-03-04 07:45:46,273.0,120.0,281.0,6.0,270.0,30.0,422.26,23.0,277.0,8.0,150.0,29.0,2.262383698667501,179,121.0,-63.0,0.68,279.0,
2025-03-04 07:45:47,273.12,67.0,281.0,6.0,272.28,58.0,415.4,20.0,277.06,7.8799999999999955,125.0,26.0,1.9639551929708048,151,99.0,-28.0,0.66,279.0,
2025-03-04 07:45:48,272.02,49.0,278.1,31.0,268.88,43.0,313.78,9.0,275.06,6.080000000000041,92.0,40.0,1.1486862060620546,132,52.0,-19.0,0.39,274.25,4.0
2025-03-04 07:45:49,271.36,22.0,277.52,27.0,269.0,99.0,280.33,39.0,274.44,6.159999999999968,121.0,66.0,1.1611545978022295,187,55.0,55.0,0.29,274.25,
2025-03-04 07:45:50,272.8,20.0,275.7,10.0,269.0,90.0,280.36,14.0,274.25,2.8999999999999773,110.0,24.0,1.3733244336270605,134,86.0,-53.0,0.64,274.25,
2025-03-04 07:45:51,273.0,12.0,275.0,6.0,268.64,22.0,281.5,40.0,274.0,2.0,34.0,46.0,1.2365354827083574,80,-12.0,-54.0,-0.15,274.25,
2025-03-04 07:45:52,272.58,19.0,280.53,38.0,265.46,35.0,282.04,83.0,276.55,7.949999999999989,54.0,121.0,1.022765857856401,175,-67.0,95.0,-0.38,275.0,1.0
2025-03-04 07:45:53,267.0,15.0,282.0,150.0,265.23,47.0,283.0,15.0,274.5,15.0,62.0,165.0,1.0260458079426578,227,-103.0,52.0,-0.45,275.0,
2025-03-04 07:45:54,268.75,12.0,282.0,120.0,266.98,56.0,283.0,12.0,275.38,13.25,68.0,132.0,1.0415037205870965,200,-64.0,-27.0,-0.32,275.0,
2025-03-04 07:45:55,271.0,12.0,281.57,87.0,268.63,27.0,282.11,47.0,276.29,10.569999999999991,39.0,134.0,1.1033267874917672,173,-95.0,-27.0,-0.55,275.0,
2025-03-04 07:45:56,272.5,16.0,279.78,59.0,269.0,32.0,281.06,111.0,276.14,7.279999999999973,48.0,170.0,0.8337685530151845,218,-122.0,45.0,-0.56,275.0,
2025-03-04 07:45:57,276.63,19.0,280.31,26.0,274.09,45.0,281.94,53.0,278.47,3.680000000000007,64.0,79.0,1.476255397956994,143,-15.0,-75.0,-0.1,278.8,5.0
2025-03-04 07:45:58,276.61,33.0,281.0,14.0,273.62,53.0,282.0,45.0,278.8,4.389999999999986,86.0,59.0,1.522146510687255,145,27.0,2.0,0.19,280.0,1.0
2025-03-04 07:45:59,276.0,84.0,281.78,32.0,269.0,84.0,282.42,60.0,278.89,5.779999999999973,168.0,92.0,1.3819442825228256,260,76.0,115.0,0.29,281.0,1.0
2025-03-04 07:46:00,276.22,68.0,281.59,34.0,270.09,47.0,282.36,55.0,278.9,5.369999999999948,115.0,89.0,1.1868656200251422,204,26.0,-56.0,0.13,279.75,4.0
2025-03-04 07:46:01,276.0,38.0,280.5,16.0,270.0,16.0,281.71,28.0,278.25,4.5,54.0,44.0,0.2890847626523426,98,10.0,-106.0,0.1,276.0,2.0
2025-03-04 07:46:02,276.0,32.0,278.88,16.0,270.0,16.0,281.0,16.0,277.44,2.8799999999999955,48.0,32.0,0.628195829338067,80,16.0,-18.0,0.2,276.0,
2025-03-04 07:46:03,276.0,48.0,279.06,36.0,270.0,26.0,281.43,47.0,277.53,3.0600000000000023,74.0,83.0,0.7062365042942201,157,-9.0,77.0,-0.06,276.0,2.0
2025-03-04 07:46:04,276.0,20.0,281.0,70.0,273.91,92.0,282.7,50.0,278.5,5.0,112.0,120.0,0.6285141207623872,232,-8.0,75.0,-0.03,276.0,
2025-03-04 07:46:05,276.0,18.0,280.58,48.0,274.0,90.0,281.44,45.0,278.29,4.579999999999984,108.0,93.0,0.4824624337683758,201,15.0,-31.0,0.07,276.0,
2025-03-04 07:46:06,274.18,44.0,282.0,60.0,272.86,28.0,287.33,30.0,278.09,7.819999999999993,72.0,90.0,0.4669582422419527,162,-18.0,-39.0,-0.11,279.25,8.0
2025-03-04 07:46:07,274.0,60.0,282.0,60.0,270.0,12.0,286.0,30.0,278.0,8.0,72.0,90.0,0.3638268819063768,162,-18.0,0.0,-0.11,279.25,
2025-03-04 07:46:08,274.0,40.0,282.0,40.0,270.0,8.0,286.0,20.0,278.0,8.0,48.0,60.0,0.2164024029388847,108,-12.0,-54.0,-0.11,279.25,
2025-03-04 07:46:09,274.0,60.0,282.0,60.0,270.0,12.0,286.0,30.0,278.0,8.0,72.0,90.0,0.1258173278912948,162,-18.0,54.0,-0.11,279.25,
2025-03-04 07:46:10,274.0,90.0,282.0,90.0,270.0,18.0,286.0,45.0,278.0,8.0,108.0,135.0,0.0402492235662843,243,-27.0,81.0,-0.11,279.25,
2025-03-04 07:46:11,274.0,50.0,282.0,50.0,270.0,10.0,286.0,25.0,278.0,8.0,60.0,75.0,0.0,135,-15.0,-108.0,-0.11,279.25,
2025-03-04 07:46:12,274.88,82.0,282.0,110.0,271.39,46.0,286.0,55.0,278.44,7.1200000000000045,128.0,165.0,0.1967739820141509,293,-37.0,158.0,-0.13,279.25,
2025-03-04 07:46:14,272.0,30.0,281.36,70.0,268.5,32.0,283.0,80.0,276.68,9.360000000000014,62.0,150.0,1.5840707054919476,212,-88.0,102.0,-0.42,277.5,4.0
2025-03-04 07:46:15,271.11,36.0,278.57,70.0,269.8,40.0,282.0,140.0,274.84,7.4599999999999795,76.0,210.0,2.27515274212473,286,-134.0,74.0,-0.47,277.5,
2025-03-04 07:46:16,273.9,63.0,276.34,73.0,272.64,70.0,281.48,135.0,275.12,2.4399999999999977,133.0,208.0,2.5564976041446896,341,-75.0,55.0,-0.22,274.86,7.0
2025-03-04 07:46:17,271.18,34.0,276.0,39.0,266.73,59.0,280.0,65.0,273.59,4.819999999999993,93.0,104.0,2.8761050050367225,197,-11.0,-144.0,-0.06,274.0,2.0
2025-03-04 07:46:18,267.9,30.0,272.0,30.0,265.0,70.0,276.0,30.0,269.95,4.100000000000023,100.0,60.0,2.535079880397579,160,40.0,-37.0,0.25,274.0,
2025-03-04 07:46:19,267.0,39.0,272.69,26.0,265.0,91.0,276.81,43.0,269.85,5.689999999999998,130.0,69.0,2.5936749989149037,199,61.0,39.0,0.31,272.44,9.0
2025-03-04 07:46:20,269.16,25.0,273.18,17.0,265.21,86.0,277.09,46.0,271.17,4.019999999999982,111.0,63.0,2.332162086990541,174,48.0,-25.0,0.28,271.0,1.0
2025-03-04 07:46:21,271.0,10.0,275.0,20.0,264.68,38.0,279.0,80.0,273.0,4.0,48.0,100.0,1.7212844041575432,148,-52.0,-26.0,-0.35,271.0,
2025-03-04 07:46:22,271.25,12.0,274.17,24.0,265.0,36.0,277.0,36.0,272.71,2.920000000000016,48.0,60.0,1.4843786578888716,108,-12.0,-40.0,-0.11,271.0,
2025-03-04 07:46:23,264.43,58.0,276.45,44.0,261.39,97.0,278.6,60.0,270.44,12.019999999999982,155.0,104.0,1.3826894083618302,259,51.0,151.0,0.2,273.67,3.0
2025-03-04 07:46:24,262.62,112.0,272.0,80.0,259.0,96.0,274.62,48.0,267.31,9.379999999999995,208.0,128.0,2.283381264702804,336,80.0,77.0,0.24,273.67,
2025-03-04 07:46:25,262.0,70.0,272.0,20.0,259.0,60.0,273.0,30.0,267.0,10.0,130.0,50.0,2.860571621196609,180,80.0,-156.0,0.44,272.0,3.0
2025-03-04 07:46:26,262.0,84.0,275.0,32.0,259.0,72.0,278.14,84.0,268.5,13.0,156.0,116.0,2.3853448388010894,272,40.0,92.0,0.15,272.6,5.0
2025-03-04 07:46:27,262.0,56.0,276.0,24.0,261.0,24.0,279.0,72.0,269.0,14.0,80.0,96.0,1.3844854639882354,176,-16.0,-96.0,-0.09,272.6,
2025-03-04 07:46:28,262.0,63.0,276.0,27.0,260.33,27.0,279.0,81.0,269.0,14.0,90.0,108.0,0.9480084387781524,198,-18.0,22.0,-0.09,272.6,
2025-03-04 07:46:29,269.88,64.0,277.73,45.0,261.8,61.0,279.16,74.0,273.8,7.850000000000023,125.0,119.0,2.5608592308042284,244,6.0,46.0,0.02,277.2,5.0
2025-03-04 07:46:30,276.0,180.0,277.0,30.0,262.0,70.0,279.91,97.0,276.5,1.0,250.0,127.0,3.5948574380629017,377,123.0,133.0,0.33,277.2,
2025-03-04 07:46:31,276.0,107.0,277.0,21.0,261.43,49.0,280.0,53.0,276.5,1.0,156.0,74.0,3.779285646785264,230,82.0,-147.0,0.36,276.0,7.0
2025-03-04 07:46:32,276.0,132.0,279.3,64.0,261.0,84.0,280.44,63.0,277.65,3.300000000000012,216.0,127.0,3.481450846988666,343,89.0,113.0,0.26,276.0,
2025-03-04 07:46:33,276.0,99.0,280.0,63.0,260.65,43.0,281.0,36.0,278.0,4.0,142.0,99.0,1.6478774226255737,241,43.0,-102.0,0.18,276.0,
2025-03-04 07:46:34,276.0,78.0,280.0,56.0,260.0,24.0,281.0,32.0,278.0,4.0,102.0,88.0,0.7710382610477662,190,14.0,-51.0,0.07,276.0,5.0
2025-03-04 07:46:35,276.0,54.0,280.0,63.0,260.4,15.0,281.0,36.0,278.0,4.0,69.0,99.0,0.6496152707562325,168,-30.0,-22.0,-0.18,276.0,
2025-03-04 07:46:36,276.0,78.0,280.0,89.0,261.0,11.0,281.0,44.0,278.0,4.0,89.0,133.0,0.1565247584244101,222,-44.0,54.0,-0.2,276.0,
2025-03-04 07:46:37,276.0,66.0,280.0,99.0,268.47,15.0,281.0,44.0,278.0,4.0,81.0,143.0,0.0,224,-62.0,2.0,-0.28,276.0,
2025-03-04 07:46:38,276.0,60.0,279.56,48.0,275.0,20.0,280.19,62.0,277.78,3.5600000000000023,80.0,110.0,0.0983869910091154,190,-30.0,-34.0,-0.16,276.0,
2025-03-04 07:46:39,276.0,50.0,279.0,30.0,275.0,20.0,280.0,52.0,277.5,3.0,70.0,82.0,0.2206354459278242,152,-12.0,-38.0,-0.08,276.0,1.0
2025-03-04 07:46:40,276.0,60.0,277.58,36.0,275.0,24.0,280.54,46.0,276.79,1.579999999999984,84.0,82.0,0.5043609818370318,166,2.0,14.0,0.01,276.0,
2025-03-04 07:46:41,276.0,25.0,277.0,11.0,275.0,10.0,281.0,25.0,276.5,1.0,35.0,36.0,0.6441117915388814,71,-1.0,-95.0,-0.01,277.0,2.0
2025-03-04 07:46:42,276.0,29.0,279.0,10.0,275.0,12.0,281.14,29.0,277.5,3.0,41.0,39.0,0.5416456406169642,80,2.0,9.0,0.03,276.0,1.0
2025-03-04 07:46:43,276.0,42.0,281.0,55.0,274.55,22.0,282.0,44.0,278.5,5.0,64.0,99.0,0.7751257962417789,163,-35.0,83.0,-0.21,276.0,2.0
2025-03-04 07:46:44,277.2,20.0,281.0,50.0,275.6,20.0,282.0,40.0,279.1,3.8000000000000114,40.0,90.0,1.1074384858761483,130,-50.0,-33.0,-0.38,276.0,
2025-03-04 07:46:45,278.73,22.0,281.0,55.0,275.0,11.0,282.0,44.0,279.86,2.269999999999982,33.0,99.0,1.3222405227491916,132,-66.0,2.0,-0.5,276.0,
2025-03-04 07:46:46,276.71,42.0,281.0,55.0,274.42,90.0,282.0,44.0,278.86,4.2900000000000205,132.0,99.0,0.8646849137115573,231,33.0,99.0,0.14,277.67,3.0
2025-03-04 07:46:47,276.85,52.0,281.0,54.0,274.43,92.0,282.0,48.0,278.92,4.149999999999977,144.0,102.0,0.5035076960688492,246,42.0,15.0,0.17,277.67,
2025-03-04 07:46:48,275.0,40.0,281.0,24.0,274.0,104.0,282.0,32.0,278.0,6.0,144.0,56.0,0.6637168070800237,200,88.0,-46.0,0.44,277.67,
2025-03-04 07:46:49,275.0,45.0,281.0,37.0,274.0,117.0,282.0,36.0,278.0,6.0,162.0,73.0,0.7738992182450861,235,89.0,35.0,0.38,277.67,
2025-03-04 07:46:50,275.0,45.0,281.0,45.0,274.0,117.0,282.0,36.0,278.0,6.0,162.0,81.0,0.4879344218233508,243,81.0,8.0,0.33,277.67,
2025-03-04 07:46:51,275.0,101.0,281.0,70.0,274.0,182.0,282.0,56.0,278.0,6.0,283.0,126.0,0.4114365078599062,409,157.0,166.0,0.38,275.0,3.0
2025-03-04 07:46:52,276.83,118.0,281.0,65.0,274.9,133.0,282.0,52.0,278.92,4.170000000000016,251.0,117.0,0.4114365078599062,368,134.0,-41.0,0.36,275.0,
2025-03-04 07:46:53,277.0,126.0,281.0,70.0,275.0,140.0,282.0,56.0,279.0,4.0,266.0,126.0,0.5265738314805547,392,140.0,24.0,0.36,275.0,
2025-03-04 07:46:54,277.0,54.0,281.0,30.0,275.0,60.0,282.0,24.0,279.0,4.0,114.0,54.0,0.5341160922498798,168,60.0,-170.5,0.36,275.0,
2025-03-04 07:46:55,277.17,72.0,280.88,51.0,275.62,116.0,361.97,32.0,279.02,3.70999999999998,188.0,83.0,0.442176435374449,271,105.0,103.0,0.39,278.5,2.0
2025-03-04 07:46:56,277.0,80.0,280.0,20.0,275.0,100.0,281.0,30.0,278.5,3.0,180.0,50.0,0.2202725584373495,230,130.0,-41.0,0.57,278.5,
2025-03-04 07:46:57,277.0,36.0,281.67,12.0,275.0,70.0,416.56,27.0,279.33,4.670000000000016,106.0,39.0,0.2978254522377289,145,67.0,-85.0,0.46,279.3,10.0
2025-03-04 07:46:58,277.0,36.0,282.0,9.0,275.0,90.0,435.09,33.0,279.5,5.0,126.0,42.0,0.3823610858870269,168,84.0,23.0,0.5,279.3,
2025-03-04 07:46:59,277.0,50.0,281.0,45.0,275.0,130.0,331.57,23.0,279.0,4.0,180.0,68.0,0.3823610858870269,248,112.0,80.0,0.45,277.0,1.0
2025-03-04 07:47:00,275.08,73.0,279.94,32.0,274.1,101.0,280.75,16.0,277.51,4.860000000000014,174.0,48.0,0.7999812497805376,222,126.0,-26.0,0.57,277.0,3.0
2025-03-04 07:47:01,275.0,90.0,277.08,25.0,274.0,117.0,279.72,29.0,276.04,2.079999999999984,207.0,54.0,1.4764586008418696,261,153.0,39.0,0.59,275.0,2.0
2025-03-04 07:47:02,275.0,83.0,276.0,55.0,274.0,143.0,279.82,11.0,275.5,1.0,226.0,66.0,1.7593464695730732,292,160.0,31.0,0.55,275.0,1.0
2025-03-04 07:47:03,276.34,70.0,279.0,26.0,273.29,112.0,284.44,18.0,277.67,2.660000000000025,182.0,44.0,1.3943564823957066,226,138.0,-66.0,0.61,275.12,8.0
2025-03-04 07:47:10,278.0,9.0,282.0,27.0,275.0,18.0,286.0,27.0,280.0,4.0,27.0,54.0,0.6708203932513591,81,-27.0,41.0,-0.33,279.0,3.0
2025-03-04 07:47:11,278.0,9.0,282.0,27.0,275.0,18.0,286.0,27.0,280.0,4.0,27.0,54.0,0.821583836258745,81,-27.0,0.0,-0.33,279.0,
2025-03-04 07:47:12,278.0,8.0,282.0,24.0,275.0,16.0,286.0,24.0,280.0,4.0,24.0,48.0,0.8215838362585777,72,-24.0,-9.0,-0.33,279.0,
2025-03-04 07:47:13,277.37,19.0,281.91,23.0,274.09,133.0,285.5,24.0,279.64,4.5400000000000205,152.0,47.0,0.7279560426296492,199,105.0,127.0,0.53,279.5,4.0
2025-03-04 07:47:14,277.1,60.0,280.97,31.0,274.05,246.0,282.27,45.0,279.03,3.870000000000005,306.0,76.0,0.4232965863322589,382,230.0,169.5,0.6,280.0,2.0
2025-03-04 07:47:15,275.0,55.0,279.8,30.0,274.0,364.0,282.87,46.0,277.4,4.800000000000011,419.0,76.0,1.0887515786440851,495,343.0,113.0,0.69,279.0,3.0
2025-03-04 07:47:16,275.0,26.0,279.15,26.0,274.0,338.0,286.0,78.0,277.08,4.149999999999977,364.0,104.0,1.3202651248894388,468,260.0,-27.0,0.56,279.0,
2025-03-04 07:47:17,274.03,267.0,278.6,30.0,270.46,189.0,285.56,64.0,276.31,4.57000000000005,456.0,94.0,1.3923613036846785,550,362.0,82.0,0.66,275.0,2.0
2025-03-04 07:47:18,274.02,264.0,276.21,28.0,270.44,234.0,279.0,14.0,275.11,2.1899999999999977,498.0,42.0,1.4434784376628018,540,456.0,-10.0,0.84,275.0,
2025-03-04 07:47:19,274.0,364.0,284.57,42.0,268.0,182.0,287.56,81.0,279.29,10.569999999999991,546.0,123.0,1.5371629711899597,669,423.0,129.0,0.63,276.0,2.0
2025-03-04 07:47:20,274.0,312.0,286.0,36.0,268.0,156.0,288.0,72.0,280.0,12.0,468.0,108.0,2.045842124895797,576,360.0,-93.0,0.62,276.0,
2025-03-04 07:47:21,274.0,182.0,286.0,21.0,268.0,91.0,288.0,42.0,280.0,12.0,273.0,63.0,2.2787869580105133,336,210.0,-170.5,0.62,276.0,
2025-03-04 07:47:22,274.01,313.0,286.6,20.0,268.86,182.0,288.41,73.0,280.31,12.590000000000032,495.0,93.0,2.174596514298619,588,402.0,169.5,0.68,276.0,
2025-03-04 07:47:23,274.0,277.0,286.0,13.0,270.77,169.0,288.0,78.0,280.0,12.0,446.0,91.0,0.3768952109019953,537,355.0,-51.0,0.66,274.67,6.0
2025-03-04 07:47:24,274.0,242.0,285.33,18.0,272.0,156.0,287.41,51.0,279.67,11.329999999999984,398.0,69.0,0.2263404515347531,467,329.0,-70.0,0.7,274.0,5.0
2025-03-04 07:47:25,274.04,210.0,284.0,28.0,272.42,57.0,286.0,52.0,279.02,9.95999999999998,267.0,80.0,0.491273854383372,347,187.0,-120.0,0.54,274.0,
2025-03-04 07:47:26,278.0,22.0,283.0,22.0,274.0,176.0,285.09,33.0,280.5,5.0,198.0,55.0,0.5842516581070423,253,143.0,-94.0,0.57,274.0,
2025-03-04 07:47:27,275.89,28.0,283.0,24.0,273.98,158.0,285.0,36.0,279.45,7.110000000000014,186.0,60.0,0.5594372172108301,246,126.0,-7.0,0.51,275.6,5.0
2025-03-04 07:47:30,278.0,24.0,282.5,48.0,274.27,90.0,286.25,48.0,280.25,4.5,114.0,96.0,0.7385661784848429,210,18.0,48.0,0.09,280.0,2.0
2025-03-04 07:47:31,276.89,54.0,285.36,22.0,274.58,55.0,288.39,23.0,281.13,8.470000000000027,109.0,45.0,0.7896834808971804,154,64.0,-56.0,0.42,280.0,
2025-03-04 07:47:32,278.44,96.0,283.5,46.0,276.0,32.0,286.11,36.0,280.97,5.060000000000002,128.0,82.0,0.434603267362683,210,46.0,56.0,0.22,280.0,
2025-03-04 07:47:33,279.0,72.0,281.33,36.0,277.0,24.0,285.0,24.0,280.17,2.329999999999984,96.0,60.0,0.440363486226932,156,36.0,-54.0,0.23,280.0,
2025-03-04 07:47:34,279.0,72.0,280.42,36.0,278.0,24.0,289.73,51.0,279.71,1.420000000000016,96.0,87.0,0.5913374671045245,183,9.0,27.0,0.05,280.0,
2025-03-04 07:47:35,279.0,84.0,281.2,45.0,276.93,30.0,289.55,53.0,280.1,2.1999999999999886,114.0,98.0,0.6073549209494797,212,16.0,29.0,0.08,279.0,3.0
2025-03-04 07:47:36,279.0,17.0,289.0,21.0,276.0,14.0,290.0,14.0,284.0,10.0,31.0,35.0,1.743803314597827,66,-4.0,-146.0,-0.06,279.0,1.0
2025-03-04 07:47:37,279.0,26.0,289.0,39.0,276.0,26.0,290.0,26.0,284.0,10.0,52.0,65.0,2.2015290141179618,117,-13.0,51.0,-0.11,279.0,
2025-03-04 07:47:40,279.0,20.0,288.05,42.0,276.0,20.0,290.06,34.0,283.52,9.050000000000011,40.0,76.0,0.8081584003189769,116,-36.0,-31.0,-0.31,279.0,
2025-03-04 07:47:41,279.0,24.0,286.58,60.0,276.0,24.0,288.25,36.0,282.79,7.579999999999984,48.0,96.0,0.8645808232928871,144,-48.0,28.0,-0.33,279.0,
2025-03-04 07:47:42,275.67,24.0,284.42,60.0,274.24,34.0,287.75,36.0,280.04,8.75,58.0,96.0,1.659885538223865,154,-38.0,10.0,-0.25,277.0,5.0
2025-03-04 07:47:43,273.03,145.0,283.79,70.0,267.72,29.0,288.07,42.0,278.41,10.760000000000048,174.0,112.0,2.129255738515935,286,62.0,132.0,0.22,274.4,5.0
2025-03-04 07:47:44,273.0,143.0,280.77,65.0,266.83,18.0,283.9,49.0,276.88,7.769999999999982,161.0,114.0,2.824034348233314,275,47.0,-11.0,0.17,274.4,
2025-03-04 07:47:45,273.0,90.0,275.31,65.0,267.0,13.0,276.92,65.0,274.15,2.3100000000000023,103.0,130.0,3.2526958050206924,233,-27.0,-42.0,-0.12,273.0,7.0
2025-03-04 07:47:46,268.12,49.0,273.58,60.0,240.23,26.0,275.75,60.0,270.85,5.45999999999998,75.0,120.0,3.634120251174436,195,-45.0,-38.0,-0.23,271.8,5.0
2025-03-04 07:47:47,266.0,55.0,272.18,55.0,261.0,33.0,276.0,55.0,269.09,6.180000000000007,88.0,110.0,3.928063135947994,198,-22.0,3.0,-0.11,271.8,
2025-03-04 07:47:48,266.0,45.0,271.62,32.0,261.0,27.0,273.78,45.0,268.81,5.6200000000000045,72.0,77.0,3.478286934683677,149,-5.0,-49.0,-0.03,271.0,1.0
2025-03-04 07:47:49,266.0,65.0,271.0,26.0,264.6,89.0,272.0,65.0,268.5,5.0,154.0,91.0,2.3477223004412475,245,63.0,96.0,0.26,271.0,
2025-03-04 07:47:50,266.0,50.0,271.62,32.0,264.66,70.0,274.4,50.0,268.81,5.6200000000000045,120.0,82.0,0.9391591984258814,202,38.0,-43.0,0.19,271.0,2.0
2025-03-04 07:47:51,266.0,45.0,275.59,39.0,261.0,27.0,279.17,41.0,270.79,9.589999999999977,72.0,80.0,0.913016976834455,152,-8.0,-50.0,-0.05,271.0,
2025-03-04 07:47:52,273.5,60.0,276.25,24.0,268.37,60.0,278.0,60.0,274.88,2.75,120.0,84.0,2.687000186079143,204,36.0,52.0,0.18,275.0,2.0
2025-03-04 07:47:53,275.0,27.0,278.0,45.0,274.0,54.0,281.67,30.0,276.5,3.0,81.0,75.0,3.6187193867432255,156,6.0,-48.0,0.04,275.0,
2025-03-04 07:47:54,275.0,45.0,278.0,75.0,274.0,90.0,281.0,75.0,276.5,3.0,135.0,150.0,3.5087219895559167,285,-15.0,129.0,-0.05,275.0,
2025-03-04 07:47:55,275.0,33.0,279.33,48.0,274.0,66.0,280.06,34.0,277.17,4.329999999999984,99.0,82.0,2.5887390753019663,181,17.0,-104.0,0.09,277.82,11.0
2025-03-04 07:47:56,275.38,26.0,281.0,48.0,274.26,57.0,283.0,24.0,278.19,5.6200000000000045,83.0,72.0,1.2062213727161346,155,11.0,-26.0,0.07,277.82,
2025-03-04 07:47:57,277.0,9.0,282.0,36.0,275.0,27.0,283.0,18.0,279.5,5.0,36.0,54.0,1.2805350444241193,90,-18.0,-65.0,-0.2,277.82,
2025-03-04 07:47:58,277.0,8.0,281.0,24.0,275.0,24.0,282.0,32.0,279.0,4.0,32.0,56.0,1.2448975861486888,88,-24.0,-2.0,-0.27,277.82,
2025-03-04 07:47:59,277.0,9.0,280.0,27.0,275.0,27.0,282.0,36.0,278.5,3.0,36.0,63.0,0.8819126940912417,99,-27.0,11.0,-0.27,277.82,
2025-03-04 07:48:00,275.43,23.0,278.67,36.0,273.34,47.0,282.87,46.0,277.05,3.240000000000009,70.0,82.0,0.9266984407018546,152,-12.0,53.0,-0.08,275.5,4.0
2025-03-04 07:48:01,274.02,80.0,276.21,42.0,264.77,71.0,280.32,50.0,275.12,2.1899999999999977,151.0,92.0,1.7719424369879002,243,59.0,91.0,0.24,275.0,2.0
2025-03-04 07:48:02,274.0,70.0,275.17,36.0,265.0,60.0,282.33,48.0,274.58,1.170000000000016,130.0,84.0,1.9704567998303544,214,46.0,-29.0,0.21,274.0,4.0
2025-03-04 07:48:03,274.56,32.0,283.0,64.0,268.06,53.0,284.0,48.0,278.78,8.439999999999998,85.0,112.0,1.9120355645221665,197,-27.0,-17.0,-0.14,274.0,
2025-03-04 07:48:04,275.75,24.0,283.0,48.0,274.0,24.0,284.0,36.0,279.38,7.25,48.0,84.0,2.1345069688332625,132,-36.0,-65.0,-0.27,274.0,
2025-03-04 07:48:05,276.69,32.0,281.56,64.0,274.0,32.0,283.69,91.0,279.12,4.8700000000000045,64.0,155.0,2.3416831553389463,219,-91.0,87.0,-0.42,274.0,
2025-03-04 07:48:06,278.0,26.0,280.77,52.0,276.08,26.0,284.0,91.0,279.38,2.769999999999982,52.0,143.0,2.0652166956518125,195,-91.0,-24.0,-0.47,274.0,
2025-03-04 07:48:07,278.0,20.0,280.0,40.0,277.0,20.0,283.0,40.0,279.0,2.0,40.0,80.0,0.2571380951936992,120,-40.0,-75.0,-0.33,274.0,
2025-03-04 07:48:08,278.0,18.0,280.0,36.0,277.0,18.0,283.0,36.0,279.0,2.0,36.0,72.0,0.1925616784302643,108,-36.0,-12.0,-0.33,274.0,
2025-03-04 07:48:09,275.32,19.0,278.89,72.0,274.17,36.0,283.0,72.0,277.1,3.569999999999993,55.0,144.0,0.9188035698664784,199,-89.0,91.0,-0.45,277.5,4.0
2025-03-04 07:48:10,275.0,7.0,278.0,28.0,274.0,14.0,283.0,28.0,276.5,3.0,21.0,56.0,1.3011840761394244,77,-35.0,-122.0,-0.45,277.5,
2025-03-04 07:48:11,268.45,11.0,276.55,44.0,264.43,46.0,283.0,44.0,272.5,8.100000000000023,57.0,88.0,2.662141994709781,145,-31.0,68.0,-0.21,274.0,4.0
2025-03-04 07:48:12,266.0,14.0,275.35,46.0,263.0,70.0,280.65,51.0,270.67,9.350000000000025,84.0,97.0,3.4474744379031583,181,-13.0,36.0,-0.07,274.0,
2025-03-04 07:48:13,267.79,109.0,273.0,63.0,263.61,44.0,279.9,49.0,270.39,5.20999999999998,153.0,112.0,3.186607914380734,265,41.0,84.0,0.15,270.5,2.0
2025-03-04 07:48:14,269.0,80.0,273.0,24.0,262.25,16.0,280.0,32.0,271.0,4.0,96.0,56.0,2.531614109613173,152,40.0,-113.0,0.26,270.5,
2025-03-04 07:48:15,269.8,100.0,273.0,30.0,261.95,22.0,280.0,40.0,271.4,3.1999999999999886,122.0,70.0,0.82259953804467,192,52.0,40.0,0.27,270.5,
2025-03-04 07:48:16,270.82,110.0,273.0,33.0,263.91,11.0,279.44,45.0,271.91,2.180000000000007,121.0,78.0,0.6003582263875318,199,43.0,7.0,0.22,270.5,
2025-03-04 07:48:17,271.51,136.0,276.9,77.0,270.5,96.0,279.39,82.0,274.21,5.389999999999986,232.0,159.0,1.466857184592954,391,73.0,169.5,0.19,272.2,5.0
2025-03-04 07:48:18,274.07,75.0,276.53,60.0,273.15,132.0,278.18,68.0,275.3,2.4599999999999795,207.0,128.0,1.8857173701255163,335,79.0,-56.0,0.24,272.2,
2025-03-04 07:48:19,275.59,34.0,277.02,57.0,274.03,129.0,278.23,69.0,276.3,1.4300000000000068,163.0,126.0,2.121162417165233,289,37.0,-46.0,0.13,275.89,9.0
2025-03-04 07:48:20,274.6,20.0,278.0,65.0,273.9,97.0,282.0,65.0,276.3,3.3999999999999773,117.0,130.0,1.8337202621979496,247,-13.0,-42.0,-0.05,275.89,
2025-03-04 07:48:21,274.04,81.0,278.0,80.0,272.59,37.0,282.0,80.0,276.02,3.95999999999998,118.0,160.0,0.8909433203050751,278,-42.0,31.0,-0.15,274.33,3.0
2025-03-04 07:48:22,274.0,48.0,278.0,40.0,269.5,8.0,282.0,40.0,276.0,4.0,56.0,80.0,0.40899877750013,136,-24.0,-142.0,-0.18,274.33,
2025-03-04 07:48:23,274.0,63.0,276.76,37.0,269.0,14.0,278.29,66.0,275.38,2.759999999999991,77.0,103.0,0.3757658845566166,180,-26.0,44.0,-0.14,274.5,4.0
2025-03-04 07:48:24,274.62,71.0,276.0,20.0,272.93,42.0,277.35,100.0,275.31,1.3799999999999957,113.0,120.0,0.4344191524281524,233,-7.0,53.0,-0.03,274.5,
2025-03-04 07:48:25,275.0,42.0,277.67,36.0,274.0,36.0,279.62,48.0,276.33,2.670000000000016,78.0,84.0,0.443136547800334,162,-6.0,-71.0,-0.04,275.0,1.0
2025-03-04 07:48:26,275.0,85.0,276.82,44.0,274.0,45.0,277.6,60.0,275.91,1.8199999999999927,130.0,104.0,0.432585251709274,234,26.0,72.0,0.11,275.0,2.0
2025-03-04 07:48:27,269.13,15.0,276.45,44.0,265.27,33.0,281.0,55.0,272.79,7.319999999999993,48.0,99.0,1.380028985201265,147,-51.0,-87.0,-0.35,274.0,5.0
2025-03-04 07:48:28,264.0,11.0,274.36,45.0,260.55,77.0,279.62,64.0,269.18,10.360000000000014,88.0,109.0,2.9767230304471277,197,-21.0,50.0,-0.11,276.27,11.0
2025-03-04 07:48:29,278.44,32.0,284.67,60.0,262.81,27.0,305.04,52.0,281.55,6.230000000000018,59.0,112.0,4.586406000344457,171,-53.0,-26.0,-0.31,279.75,8.0
2025-03-04 07:48:30,264.0,9.0,309.0,45.0,262.0,139.0,427.76,17.0,286.5,45.0,148.0,62.0,6.907317134749043,210,86.0,39.0,0.41,279.75,
2025-03-04 07:48:31,268.17,35.0,297.21,42.0,265.22,18.0,428.26,23.0,282.69,29.039999999999964,53.0,65.0,7.251142668572945,118,-12.0,-92.0,-0.1,279.75,
2025-03-04 07:48:32,277.0,46.0,279.0,52.0,266.65,17.0,431.92,37.0,278.0,2.0,63.0,89.0,6.559262915907575,152,-26.0,34.0,-0.17,277.0,3.0
2025-03-04 07:48:33,277.0,8.0,279.0,32.0,267.0,8.0,354.75,20.0,278.0,2.0,16.0,52.0,3.5638139682091143,68,-36.0,-84.0,-0.53,277.0,
2025-03-04 07:48:34,269.0,5.0,279.0,20.0,266.0,8.0,372.0,25.0,274.0,10.0,13.0,45.0,4.831016456192293,58,-32.0,-10.0,-0.55,269.5,4.0
2025-03-04 07:48:35,267.83,18.0,279.0,32.0,266.25,8.0,372.0,40.0,273.42,11.170000000000016,26.0,72.0,3.7398556121858313,98,-46.0,40.0,-0.47,269.5,
2025-03-04 07:48:36,268.27,37.0,279.0,44.0,267.4,15.0,355.18,33.0,273.64,10.730000000000018,52.0,77.0,2.3715648842053505,129,-25.0,31.0,-0.19,269.5,
2025-03-04 07:48:37,269.77,108.0,277.57,70.0,268.75,60.0,278.48,66.0,273.67,7.800000000000011,168.0,136.0,1.9419268781277588,304,32.0,169.5,0.11,270.0,4.0
2025-03-04 07:48:38,272.4,81.0,276.35,69.0,271.43,74.0,277.87,90.0,274.37,3.9500000000000455,155.0,159.0,0.3707424982306292,314,-4.0,10.0,-0.01,277.0,1.0
2025-03-04 07:48:39,275.0,50.0,278.0,40.0,273.61,46.0,279.0,40.0,276.5,3.0,96.0,80.0,1.2698228222845815,176,16.0,-138.0,0.09,276.0,5.0
2025-03-04 07:48:40,275.0,35.0,278.0,28.0,274.0,49.0,279.0,28.0,276.5,3.0,84.0,56.0,1.457302302199311,140,28.0,-36.0,0.2,276.0,
2025-03-04 07:48:41,275.33,30.0,278.0,20.0,274.15,33.0,279.0,20.0,276.67,2.670000000000016,63.0,40.0,1.4129649677171927,103,23.0,-37.0,0.22,276.0,
2025-03-04 07:48:42,275.75,40.0,276.8,10.0,274.52,29.0,278.6,20.0,276.27,1.0500000000000114,69.0,30.0,0.9564883689813536,99,39.0,-4.0,0.39,276.0,
2025-03-04 07:48:43,275.0,65.0,276.0,26.0,274.0,91.0,281.08,52.0,275.5,1.0,156.0,78.0,0.4628930762032034,234,78.0,135.0,0.33,276.0,
2025-03-04 07:48:44,275.0,24.0,280.0,18.0,274.0,42.0,282.5,24.0,277.5,5.0,66.0,42.0,0.7212974421118448,108,24.0,-126.0,0.22,275.67,3.0
2025-03-04 07:48:45,275.0,32.0,282.0,20.0,274.0,35.0,283.0,20.0,278.5,7.0,67.0,40.0,1.1542400097022811,107,27.0,-1.0,0.25,275.67,
2025-03-04 07:48:48,275.0,114.0,282.0,44.0,274.0,77.0,283.0,44.0,278.5,7.0,191.0,88.0,1.8315294155432384,279,103.0,42.0,0.37,275.67,
2025-03-04 07:48:49,275.0,77.0,280.29,28.0,274.0,49.0,282.29,28.0,277.64,5.2900000000000205,126.0,56.0,1.794580730978736,182,70.0,-97.0,0.38,275.67,
2025-03-04 07:48:50,276.0,132.0,278.93,60.0,274.7,141.0,283.33,60.0,277.47,2.930000000000007,273.0,120.0,1.9866227623783856,393,153.0,169.5,0.39,277.0,3.0
2025-03-04 07:48:51,277.0,70.0,278.0,56.0,275.0,154.0,283.0,14.0,277.5,1.0,224.0,70.0,1.6524739029706497,294,154.0,-99.0,0.52,277.0,
2025-03-04 07:48:52,277.73,55.0,281.0,10.0,275.75,53.0,286.84,25.0,279.36,3.269999999999982,108.0,35.0,0.8240024271800305,143,73.0,-151.0,0.51,278.0,4.0
2025-03-04 07:48:53,278.0,100.0,283.0,10.0,277.0,50.0,287.0,40.0,280.5,5.0,150.0,50.0,1.3729457381845065,200,100.0,57.0,0.5,278.0,
2025-03-04 07:48:54,278.16,45.0,283.0,12.0,277.74,95.0,286.87,46.0,280.58,4.839999999999975,140.0,58.0,1.5356822588021242,198,82.0,-2.0,0.41,278.25,4.0
2025-03-04 07:48:55,278.0,49.0,283.0,7.0,277.0,35.0,286.0,21.0,280.5,5.0,84.0,28.0,1.3237522426799615,112,56.0,-86.0,0.5,278.25,
2025-03-04 07:48:56,278.0,42.0,283.0,6.0,277.0,30.0,286.0,18.0,280.5,5.0,72.0,24.0,0.5199230712334593,96,48.0,-16.0,0.5,278.25,
2025-03-04 07:48:57,278.0,14.0,283.0,2.0,277.0,10.0,286.0,6.0,280.5,5.0,24.0,8.0,0.0357770876547835,32,16.0,-64.0,0.5,278.25,
2025-03-04 07:48:58,278.0,49.0,283.0,7.0,277.0,35.0,286.0,21.0,280.5,5.0,84.0,28.0,0.0357770876547835,112,56.0,80.0,0.5,278.25,
2025-03-04 07:48:59,278.0,56.0,283.0,8.0,277.0,40.0,286.0,24.0,280.5,5.0,96.0,32.0,0.0,128,64.0,16.0,0.5,278.25,
2025-03-04 07:49:00,278.0,56.0,283.0,8.0,277.0,40.0,286.0,24.0,280.5,5.0,96.0,32.0,0.0,128,64.0,0.0,0.5,278.25,
2025-03-04 07:49:01,278.0,56.0,283.0,8.0,277.0,40.0,285.5,24.0,280.5,5.0,96.0,32.0,0.0,128,64.0,0.0,0.5,278.25,
2025-03-04 07:49:02,278.0,50.0,283.0,10.0,277.0,50.0,285.0,30.0,280.5,5.0,100.0,40.0,0.0,140,60.0,12.0,0.43,278.0,2.0
2025-03-04 07:49:03,277.83,60.0,283.0,12.0,276.52,66.0,285.0,36.0,280.42,5.170000000000016,126.0,48.0,0.0357770876543736,174,78.0,34.0,0.45,278.0,5.0
2025-03-04 07:49:04,277.0,31.0,282.23,26.0,275.0,88.0,284.57,23.0,279.62,5.230000000000018,119.0,49.0,0.3861605883578404,168,70.0,-6.0,0.42,277.0,3.0
2025-03-04 07:49:05,275.0,63.0,282.0,36.0,273.0,33.0,283.0,9.0,278.5,7.0,96.0,45.0,0.8701264275957251,141,51.0,-27.0,0.36,276.33,3.0
2025-03-04 07:49:06,275.0,56.0,282.0,32.0,273.0,56.0,283.0,8.0,278.5,7.0,112.0,40.0,0.9824052117126258,152,72.0,11.0,0.47,276.33,
2025-03-04 07:49:07,275.0,56.0,282.0,32.0,273.0,56.0,283.0,8.0,278.5,7.0,112.0,40.0,0.8792724264980435,152,72.0,0.0,0.47,276.33,
2025-03-04 07:49:08,275.0,63.0,280.44,36.0,273.0,63.0,283.0,9.0,277.72,5.439999999999998,126.0,45.0,0.6781740189650559,171,81.0,19.0,0.47,276.33,
2025-03-04 07:49:09,275.0,105.0,279.93,60.0,273.0,123.0,283.0,15.0,277.47,4.930000000000007,228.0,75.0,0.5035076960671178,303,153.0,132.0,0.5,276.33,
2025-03-04 07:49:10,275.0,112.0,277.9,40.0,273.0,144.0,283.75,16.0,276.45,2.8999999999999773,256.0,56.0,0.8502764256396095,312,200.0,9.0,0.64,278.0,2.0
2025-03-04 07:49:11,275.0,63.0,276.0,18.0,273.0,81.0,285.0,9.0,275.5,1.0,144.0,27.0,1.1683193056685963,171,117.0,-141.0,0.68,278.0,
2025-03-04 07:49:12,276.48,69.0,281.95,20.0,275.46,153.0,286.16,31.0,279.21,5.46999999999997,222.0,51.0,1.3974440954821972,273,171.0,102.0,0.63,276.0,2.0
2025-03-04 07:49:13,278.0,120.0,284.0,12.0,277.0,100.0,287.0,20.0,281.0,6.0,220.0,32.0,2.200574924877273,252,188.0,-21.0,0.75,276.0,
2025-03-04 07:49:14,278.0,98.0,284.0,10.0,277.0,100.0,287.0,40.0,281.0,6.0,198.0,50.0,2.555361031243772,248,148.0,-4.0,0.6,276.0,
2025-03-04 07:49:15,278.0,9.0,284.0,9.0,277.0,90.0,287.0,63.0,281.0,6.0,99.0,72.0,2.388790488929496,171,27.0,-77.0,0.16,276.0,
2025-03-04 07:49:16,278.0,10.0,283.43,14.0,277.0,100.0,286.83,46.0,280.71,5.430000000000007,110.0,60.0,0.778286579609953,170,50.0,-1.0,0.29,276.0,
2025-03-04 07:49:17,278.0,8.0,283.0,16.0,277.0,80.0,286.0,8.0,280.5,5.0,88.0,24.0,0.2287356552904811,112,64.0,-58.0,0.57,276.0,
2025-03-04 07:49:18,278.0,10.0,283.0,20.0,277.0,100.0,286.13,38.0,280.5,5.0,110.0,58.0,0.2506391828926095,168,52.0,56.0,0.31,276.0,
2025-03-04 07:49:19,277.02,64.0,282.88,16.0,275.53,38.0,285.0,40.0,279.95,5.860000000000014,102.0,56.0,0.3845386846611004,158,46.0,-10.0,0.29,277.5,2.0
2025-03-04 07:49:20,277.0,108.0,281.0,24.0,275.0,48.0,285.0,55.0,279.0,4.0,156.0,79.0,0.6927264972559836,235,77.0,77.0,0.33,277.5,
2025-03-04 07:49:21,277.0,72.0,281.0,16.0,275.0,32.0,285.0,32.0,279.0,4.0,104.0,48.0,0.7553145040314523,152,56.0,-83.0,0.37,277.5,
2025-03-04 07:49:22,277.0,144.0,279.32,28.0,275.0,64.0,280.72,25.0,278.16,2.319999999999993,208.0,53.0,0.9137395690238592,261,155.0,109.0,0.59,279.0,1.0
2025-03-04 07:49:23,277.0,52.0,278.2,30.0,275.33,30.0,279.5,20.0,277.6,1.1999999999999886,82.0,50.0,0.8993442055183781,132,32.0,-129.0,0.24,277.0,7.0
2025-03-04 07:49:24,276.44,9.0,279.11,9.0,275.09,22.0,284.68,31.0,277.78,2.670000000000016,31.0,40.0,0.6632646530603009,71,-9.0,-61.0,-0.13,277.0,2.0
2025-03-04 07:49:25,275.05,38.0,279.27,11.0,274.31,26.0,285.0,55.0,277.16,4.21999999999997,64.0,66.0,0.6931089380457653,130,-2.0,59.0,-0.02,277.0,
2025-03-04 07:49:26,275.0,60.0,282.49,59.0,274.0,30.0,286.33,51.0,278.75,7.490000000000009,90.0,110.0,0.6003332407912245,200,-20.0,70.0,-0.1,277.2,5.0
2025-03-04 07:49:27,278.0,88.0,285.0,55.0,275.05,42.0,288.0,94.0,281.5,7.0,130.0,149.0,1.7442534219543235,279,-19.0,79.0,-0.07,277.2,
2025-03-04 07:49:28,278.0,80.0,285.0,50.0,276.0,20.0,288.0,90.0,281.5,7.0,100.0,140.0,2.0533679650759096,240,-40.0,-39.0,-0.17,277.2,
2025-03-04 07:49:29,278.0,48.0,285.0,30.0,276.0,12.0,288.0,54.0,281.5,7.0,60.0,84.0,2.02141534574182,144,-24.0,-96.0,-0.17,277.2,
2025-03-04 07:49:30,278.0,228.0,286.53,85.0,276.0,34.0,288.0,153.0,282.26,8.529999999999973,262.0,238.0,1.3553671089418036,500,24.0,169.5,0.05,278.0,2.0
2025-03-04 07:49:31,278.0,44.0,287.0,40.0,276.0,16.0,288.0,72.0,282.5,9.0,60.0,112.0,0.4894078054156004,172,-52.0,-170.5,-0.3,278.0,4.0
2025-03-04 07:49:32,278.0,10.0,287.0,25.0,276.0,10.0,288.0,45.0,282.5,9.0,20.0,70.0,0.5133419912707591,90,-50.0,-82.0,-0.56,278.0,
2025-03-04 07:49:33,274.32,31.0,287.0,30.0,273.38,45.0,288.0,54.0,280.66,12.680000000000009,76.0,84.0,0.7977969666536199,160,-8.0,70.0,-0.05,275.5,8.0
2025-03-04 07:49:34,274.0,20.0,286.31,32.0,273.0,80.0,287.55,66.0,280.16,12.310000000000002,100.0,98.0,1.119321222885355,198,2.0,38.0,0.01,274.0,5.0
2025-03-04 07:49:35,274.0,20.0,284.0,20.0,273.0,80.0,287.0,71.0,279.0,10.0,100.0,91.0,1.5260013106158423,191,9.0,-7.0,0.05,274.0,
2025-03-04 07:49:36,274.0,28.0,282.64,28.0,273.0,112.0,287.0,161.0,278.32,8.639999999999986,140.0,189.0,1.6164529068305593,329,-49.0,138.0,-0.15,274.0,
2025-03-04 07:49:37,275.53,73.0,281.0,28.0,273.46,74.0,286.14,56.0,278.27,5.470000000000027,147.0,84.0,1.0838450073699264,231,63.0,-98.0,0.27,274.0,
2025-03-04 07:49:38,277.0,62.0,281.0,24.0,274.0,72.0,285.17,48.0,279.0,4.0,134.0,72.0,0.7629547824088825,206,62.0,-25.0,0.3,277.0,2.0
2025-03-04 07:49:39,277.0,35.0,280.29,14.0,274.0,42.0,284.17,24.0,278.64,3.2900000000000205,77.0,38.0,0.3529589211232131,115,39.0,-91.0,0.34,277.0,
2025-03-04 07:49:40,274.65,46.0,278.0,16.0,273.2,60.0,280.0,16.0,276.33,3.3500000000000227,106.0,32.0,1.0381570208789366,138,74.0,23.0,0.54,277.0,5.0
2025-03-04 07:49:41,274.0,60.0,277.6,20.0,273.0,80.0,279.2,20.0,275.8,3.6000000000000227,140.0,40.0,1.4442195124010533,180,100.0,42.0,0.56,277.0,
2025-03-04 07:49:42,274.0,94.0,276.14,21.0,273.0,128.0,277.31,32.0,275.07,2.1399999999999864,222.0,53.0,1.7534451802094055,275,169.0,95.0,0.61,274.0,1.0
2025-03-04 07:49:43,275.42,59.0,282.94,49.0,273.12,82.0,282.07,28.0,279.18,7.519999999999982,141.0,77.0,1.8066349935721997,218,64.0,-57.0,0.29,276.5,4.0
2025-03-04 07:49:47,278.36,11.0,281.38,16.0,273.38,13.0,286.0,56.0,279.87,3.019999999999982,24.0,72.0,1.7368736281035748,96,-48.0,-62.0,-0.5,280.0,1.0
2025-03-04 07:49:48,274.93,164.0,281.91,55.0,273.17,53.0,286.14,103.0,278.42,6.980000000000018,217.0,158.0,1.989565279150598,375,59.0,169.5,0.16,279.0,2.0
2025-03-04 07:49:49,276.65,52.0,285.0,40.0,275.81,88.0,288.0,41.0,280.83,8.350000000000023,140.0,81.0,1.7173584366699353,221,59.0,-154.0,0.27,279.0,
2025-03-04 07:49:50,279.0,16.0,285.0,40.0,277.0,72.0,288.0,56.0,282.0,6.0,88.0,96.0,1.5011762055139677,184,-8.0,-37.0,-0.04,279.0,
2025-03-04 07:49:51,279.0,12.0,285.0,30.0,277.0,54.0,288.0,42.0,282.0,6.0,66.0,72.0,1.521127871022458,138,-6.0,-46.0,-0.04,279.0,
2025-03-04 07:49:52,279.0,21.0,285.0,75.0,277.0,135.0,288.0,105.0,282.0,6.0,156.0,180.0,1.555056269078875,336,-24.0,169.5,-0.07,279.0,1.0
2025-03-04 07:49:53,279.0,10.0,285.0,50.0,277.0,90.0,288.0,70.0,282.0,6.0,100.0,120.0,0.523239906736681,220,-20.0,-116.0,-0.09,279.0,
2025-03-04 07:49:54,279.0,10.0,285.0,50.0,277.0,90.0,288.0,70.0,282.0,6.0,100.0,120.0,0.0,220,-20.0,0.0,-0.09,279.0,
2025-03-04 07:49:55,279.0,13.0,285.89,71.0,277.0,117.0,288.29,82.0,282.44,6.889999999999986,130.0,153.0,0.1967739820248244,283,-23.0,63.0,-0.08,279.0,
2025-03-04 07:49:56,279.0,8.0,288.0,56.0,277.0,72.0,290.0,52.0,283.5,9.0,80.0,108.0,0.6501692087464357,188,-28.0,-95.0,-0.15,279.0,
2025-03-04 07:49:57,279.0,10.0,287.58,60.0,277.0,150.0,288.92,65.0,283.29,8.579999999999984,160.0,125.0,0.71083050019117,285,35.0,97.0,0.12,279.0,
2025-03-04 07:49:58,279.0,10.0,287.0,100.0,277.0,150.0,288.9,20.0,283.0,8.0,160.0,120.0,0.6182879588040479,280,40.0,-5.0,0.14,279.0,
2025-03-04 07:49:59,277.11,95.0,285.0,44.0,275.85,177.0,286.71,85.0,281.05,7.889999999999986,272.0,129.0,0.9821557921236428,401,143.0,121.0,0.36,279.0,1.0
2025-03-04 07:50:00,277.0,105.0,285.0,28.0,275.0,119.0,286.0,35.0,281.0,8.0,224.0,63.0,1.2388987044960285,287,161.0,-114.0,0.56,279.0,
2025-03-04 07:50:01,277.0,30.0,285.0,8.0,275.0,34.0,286.0,10.0,281.0,8.0,64.0,18.0,1.1704144565075214,82,46.0,-170.5,0.56,279.0,
2025-03-04 07:50:02,277.0,180.0,285.0,48.0,275.0,204.0,286.0,60.0,281.0,8.0,384.0,108.0,0.8891006692167235,492,276.0,169.5,0.56,279.0,
2025-03-04 07:50:03,277.0,240.0,283.47,58.0,275.0,272.0,284.39,70.0,280.23,6.470000000000027,512.0,128.0,0.3506137475933062,640,384.0,148.0,0.6,279.0,
2025-03-04 07:50:04,277.0,225.0,282.33,45.0,275.0,255.0,283.45,55.0,279.67,5.329999999999984,480.0,100.0,0.6082351518954847,580,380.0,-60.0,0.66,279.0,
2025-03-04 07:50:05,279.48,87.0,281.37,81.0,276.88,272.0,282.54,72.0,280.43,1.8899999999999864,359.0,153.0,0.5614534709139202,512,206.0,-68.0,0.4,280.0,1.0
2025-03-04 07:50:06,277.67,58.0,281.26,47.0,276.35,156.0,283.2,40.0,279.46,3.589999999999975,214.0,87.0,0.615117874883519,301,127.0,-170.5,0.42,280.0,4.0
2025-03-04 07:50:07,277.0,206.0,280.14,56.0,275.0,238.0,289.0,70.0,278.57,3.1399999999999864,444.0,126.0,0.7323387194468861,570,318.0,169.5,0.56,277.0,4.0
2025-03-04 07:50:08,277.0,89.0,287.5,88.0,275.0,187.0,290.55,56.0,282.25,10.5,276.0,144.0,1.3841892934137228,420,132.0,-150.0,0.31,277.0,4.0
2025-03-04 07:50:09,277.0,70.0,289.0,110.0,275.0,170.0,292.0,50.0,283.0,12.0,240.0,160.0,1.859507999445373,400,80.0,-20.0,0.2,277.0,
