DateTime,Bid1_Price,Bid1_Volume,Ask1_Price,Ask1_Volume,Bid2_Price,Bid2_Volume,Ask2_Price,Ask2_Volume,Mid-Price,Bid_Ask_Spread,Market_Depth_Bid,Market_Depth_Ask,Historical_Volatility,Total_volume,Cumulative_Volume_Difference,Total_Volume_Change_Corrected,Order_imbalance,Weighted_Avg_Price,Trade_Volume
2025-02-24 07:30:12,239.04,52.0,276.0,22.0,238.0,47.0,320.0,11.0,257.52,36.96000000000001,99.0,33.0,7.68321352039609,132,66.0,52.0,0.5,244.5,2.0
2025-02-24 07:30:13,255.0,126.0,276.0,14.0,245.34,41.0,320.0,7.0,265.5,21.0,167.0,21.0,11.6182434128399,188,146.0,56.0,0.78,244.5,
2025-02-24 07:30:14,255.0,144.0,263.0,24.0,252.0,56.0,272.5,16.0,259.0,8.0,200.0,40.0,10.78888687492821,240,160.0,52.0,0.67,244.5,
2025-02-24 07:30:15,255.0,124.0,266.0,18.0,252.0,49.0,288.2,20.0,260.5,11.0,173.0,38.0,9.041497663551027,211,135.0,-29.0,0.64,255.0,2.0
2025-02-24 07:30:16,255.0,96.0,272.0,12.0,252.0,42.0,299.0,24.0,263.5,17.0,138.0,36.0,3.265437183594216,174,102.0,-37.0,0.59,255.0,
2025-02-24 07:30:17,255.0,102.0,272.0,14.0,252.0,49.0,299.0,28.0,263.5,17.0,151.0,42.0,2.6076809620810546,193,109.0,19.0,0.56,255.0,5.0
2025-02-24 07:30:18,255.0,55.0,272.0,10.0,252.0,35.0,299.0,20.0,263.5,17.0,90.0,30.0,2.12132034355962,120,60.0,-73.0,0.5,255.0,
2025-02-24 07:30:19,255.31,32.0,270.8,20.0,254.39,69.0,276.36,22.0,263.06,15.490000000000007,101.0,42.0,1.3064149417394586,143,59.0,23.0,0.41,255.0,
2025-02-24 07:30:20,256.0,26.0,267.71,42.0,255.0,143.0,269.33,36.0,261.86,11.70999999999998,169.0,78.0,0.7102675552213896,247,91.0,104.0,0.37,255.0,
2025-02-24 07:30:21,255.42,62.0,263.83,82.0,254.45,175.0,264.82,71.0,259.62,8.409999999999997,237.0,153.0,1.6456974205484824,390,84.0,143.0,0.22,255.5,4.0
2025-02-24 07:30:22,255.0,84.0,261.83,48.0,252.0,80.0,262.76,42.0,258.42,6.829999999999984,164.0,90.0,2.2004363203691346,254,74.0,-136.0,0.29,255.0,2.0
2025-02-24 07:30:23,255.0,49.0,261.0,28.0,252.0,56.0,262.0,35.0,258.0,6.0,105.0,63.0,2.1954316204335336,168,42.0,-86.0,0.25,255.0,
2025-02-24 07:30:24,255.0,49.0,260.0,29.0,252.0,56.0,261.0,34.0,257.5,5.0,105.0,63.0,1.7405746177625034,168,42.0,0.0,0.25,255.0,
2025-02-24 07:30:25,255.0,73.0,259.45,44.0,252.0,88.0,261.88,51.0,257.23,4.449999999999989,161.0,95.0,0.9387651463485108,256,66.0,88.0,0.26,255.0,1.0
2025-02-24 07:30:26,255.0,72.0,257.7,27.0,253.16,19.0,258.74,57.0,256.35,2.6999999999999886,91.0,84.0,0.7892718162955847,175,7.0,-81.0,0.04,255.0,
2025-02-24 07:30:27,254.92,39.0,257.92,52.0,252.5,32.0,264.19,32.0,256.42,3.0000000000000284,71.0,84.0,0.7091896784347698,155,-13.0,-20.0,-0.08,255.0,2.0
2025-02-24 07:30:28,255.0,66.0,256.18,55.0,254.0,11.0,263.0,45.0,255.59,1.1800000000000068,77.0,100.0,0.7616232664502246,177,-23.0,22.0,-0.13,255.0,
2025-02-24 07:30:29,255.0,44.0,256.0,50.0,254.0,10.0,262.0,50.0,255.5,1.0,54.0,100.0,0.7057407455987312,154,-46.0,-23.0,-0.3,255.0,4.0
2025-02-24 07:30:30,254.57,7.0,259.6,25.0,252.15,26.0,262.95,19.0,257.09,5.03000000000003,33.0,44.0,0.6566201337137271,77,-11.0,-77.0,-0.14,255.0,2.0
2025-02-24 07:30:31,254.0,13.0,262.0,65.0,252.0,104.0,264.0,39.0,258.0,8.0,117.0,104.0,1.052449523729423,221,13.0,144.0,0.06,255.0,
2025-02-24 07:30:32,252.13,45.0,261.0,32.0,251.0,48.0,262.14,43.0,256.57,8.870000000000005,93.0,75.0,1.05102331087293,168,18.0,-53.0,0.11,253.0,2.0
2025-02-24 07:30:33,252.0,119.0,257.89,37.0,250.0,68.0,258.93,54.0,254.95,5.889999999999986,187.0,91.0,1.2221988381594264,278,96.0,110.0,0.35,253.0,
2025-02-24 07:30:34,252.0,104.0,254.9,41.0,250.0,68.0,260.3,69.0,253.45,2.9000000000000057,172.0,110.0,1.810889284301526,282,62.0,4.0,0.22,252.0,3.0
2025-02-24 07:30:35,252.0,74.0,253.0,28.0,250.0,56.0,263.0,112.0,252.5,1.0,130.0,140.0,2.240296855329156,270,-10.0,-12.0,-0.04,252.0,
2025-02-24 07:30:36,252.0,34.0,262.66,58.0,250.0,32.0,265.49,47.0,257.33,10.660000000000023,66.0,105.0,2.0335191171950258,171,-39.0,-99.0,-0.23,252.0,2.0
2025-02-24 07:30:37,252.0,36.0,263.0,72.0,250.0,36.0,266.0,45.0,257.5,11.0,72.0,117.0,2.2487396470017877,189,-45.0,18.0,-0.24,252.0,
2025-02-24 07:30:38,252.0,28.0,263.0,56.0,250.0,28.0,266.0,36.0,257.5,11.0,56.0,92.0,2.471321508828417,148,-36.0,-41.0,-0.24,252.0,
2025-02-24 07:30:39,252.0,43.0,262.39,62.0,250.0,48.0,264.24,59.0,257.19,10.389999999999986,91.0,121.0,2.186259362472419,212,-30.0,64.0,-0.14,252.0,1.0
2025-02-24 07:30:40,252.0,27.0,262.0,18.0,250.0,36.0,263.0,30.0,257.0,10.0,63.0,48.0,0.2138457387901621,111,15.0,-101.0,0.14,252.0,
2025-02-24 07:30:41,255.79,57.0,261.7,20.0,251.74,31.0,263.0,10.0,258.74,5.909999999999997,88.0,30.0,0.6794703819879363,118,58.0,7.0,0.49,252.0,
2025-02-24 07:30:42,256.0,66.0,259.36,22.0,253.15,39.0,263.0,11.0,257.68,3.3600000000000136,105.0,33.0,0.678542555775868,138,72.0,20.0,0.52,252.0,
2025-02-24 07:30:43,256.0,66.0,259.0,24.0,255.0,60.0,263.0,12.0,257.5,3.0,126.0,36.0,0.678542555775868,162,90.0,24.0,0.56,256.0,1.0
2025-02-24 07:30:44,256.0,70.0,258.14,28.0,255.0,70.0,263.0,14.0,257.07,2.1399999999999864,140.0,42.0,0.6994426352452634,182,98.0,20.0,0.54,256.0,
2025-02-24 07:30:45,256.0,17.0,257.0,18.0,255.0,45.0,263.0,9.0,256.5,1.0,62.0,27.0,0.8298915591803623,89,35.0,-93.0,0.39,256.0,4.0
2025-02-24 07:30:46,256.0,4.0,257.0,8.0,255.0,20.0,263.0,4.0,256.5,1.0,24.0,12.0,0.5488169093592642,36,12.0,-53.0,0.33,256.0,
2025-02-24 07:30:47,255.44,18.0,257.67,18.0,254.5,48.0,265.67,24.0,256.56,2.230000000000018,66.0,42.0,0.4464078852334113,108,24.0,72.0,0.22,256.0,1.0
2025-02-24 07:30:48,255.0,30.0,263.0,6.0,252.0,24.0,266.35,23.0,259.0,8.0,54.0,29.0,1.0746069048720446,83,25.0,-25.0,0.3,256.0,
2025-02-24 07:30:49,255.0,16.0,262.5,8.0,252.0,32.0,265.25,16.0,258.75,7.5,48.0,24.0,1.2931434568518645,72,24.0,-11.0,0.33,255.0,4.0
2025-02-24 07:30:50,255.0,11.0,262.0,20.0,252.0,44.0,264.2,15.0,258.5,7.0,55.0,35.0,1.2289100862141609,90,20.0,18.0,0.22,255.0,
2025-02-24 07:30:51,253.33,9.0,261.0,18.0,251.52,21.0,264.0,9.0,257.17,7.6699999999999875,30.0,27.0,1.069453131277348,57,3.0,-33.0,0.05,252.75,4.0
2025-02-24 07:30:52,252.0,9.0,260.44,18.0,250.0,9.0,264.0,9.0,256.22,8.439999999999998,18.0,27.0,1.187842582162677,45,-9.0,-12.0,-0.2,252.75,
2025-02-24 07:30:53,252.0,4.0,260.0,8.0,250.0,4.0,264.0,4.0,256.0,8.0,8.0,12.0,1.26608451534595,20,-4.0,-25.0,-0.2,252.75,
2025-02-24 07:30:54,252.81,27.0,258.69,35.0,250.1,40.0,261.71,21.0,255.75,5.879999999999996,67.0,56.0,1.126929456531634,123,11.0,103.0,0.09,252.75,
2025-02-24 07:30:55,253.0,30.0,256.56,32.0,250.82,51.0,257.63,43.0,254.78,3.5600000000000023,81.0,75.0,0.8612374817659911,156,6.0,33.0,0.04,252.75,
2025-02-24 07:30:56,249.2,44.0,253.61,23.0,247.86,78.0,260.48,44.0,251.41,4.410000000000025,122.0,67.0,1.9903693124640325,189,55.0,33.0,0.29,251.29,7.0
2025-02-24 07:30:57,247.9,31.0,250.11,19.0,246.7,10.0,251.27,11.0,249.0,2.210000000000008,41.0,30.0,3.0621185476722506,71,11.0,-118.0,0.15,251.29,
2025-02-24 07:31:04,243.22,18.0,252.86,29.0,241.44,36.0,254.83,24.0,248.04,9.640000000000017,54.0,53.0,1.6482323865273285,107,1.0,-29.0,0.01,244.0,1.0
2025-02-24 07:31:05,245.0,24.0,252.0,48.0,241.0,48.0,253.0,24.0,248.5,7.0,72.0,72.0,1.9055051823591609,144,0.0,37.0,0.0,244.0,
2025-02-24 07:31:06,245.48,25.0,252.0,40.0,240.16,38.0,253.0,20.0,248.74,6.52000000000001,63.0,60.0,2.145921713389786,123,3.0,-21.0,0.02,246.33,3.0
2025-02-24 07:31:07,249.0,27.0,251.94,34.0,240.11,36.0,252.8,20.0,250.47,2.9399999999999977,63.0,54.0,1.7077997540689998,117,9.0,-6.0,0.08,246.33,
2025-02-24 07:31:08,249.0,24.0,251.0,16.0,239.0,32.0,252.0,32.0,250.0,2.0,56.0,48.0,1.0353260356034402,104,8.0,-13.0,0.08,246.33,
2025-02-24 07:31:09,249.0,27.0,251.07,28.0,239.0,44.0,253.91,47.0,250.04,2.069999999999993,71.0,75.0,0.8728688332151683,146,-4.0,42.0,-0.03,249.0,2.0
2025-02-24 07:31:10,249.0,7.0,252.0,28.0,240.29,28.0,258.0,35.0,250.5,3.0,35.0,63.0,0.7154718722622708,98,-28.0,-48.0,-0.29,249.0,
2025-02-24 07:31:11,249.0,10.0,253.0,40.0,239.0,40.0,257.76,37.0,251.0,4.0,50.0,77.0,0.4075782133512092,127,-27.0,29.0,-0.21,249.0,
2025-02-24 07:31:12,249.0,8.0,252.8,20.0,239.0,32.0,253.88,32.0,250.9,3.8000000000000114,40.0,52.0,0.4666047577967705,92,-12.0,-35.0,-0.13,249.0,
2025-02-24 07:31:13,240.63,43.0,250.36,61.0,235.87,46.0,252.13,31.0,245.49,9.730000000000018,89.0,92.0,2.32081451219144,181,-3.0,89.0,-0.02,249.0,1.0
2025-02-24 07:31:15,239.0,44.0,253.79,29.0,231.0,22.0,253.03,32.0,246.4,14.789999999999992,66.0,61.0,3.3150686267403344,127,5.0,3.0,0.04,250.0,8.0
2025-02-24 07:31:16,249.6,35.0,255.0,64.0,246.0,42.0,257.0,33.0,252.3,5.400000000000006,77.0,97.0,3.689414587708752,174,-20.0,47.0,-0.11,250.0,
2025-02-24 07:31:17,251.9,30.0,254.78,54.0,249.0,40.0,256.08,39.0,253.34,2.8799999999999955,70.0,93.0,4.318608572213767,163,-23.0,-11.0,-0.14,250.0,
2025-02-24 07:31:18,252.0,69.0,254.0,42.0,244.37,35.0,255.55,22.0,253.0,2.0,104.0,64.0,4.430200898379049,168,40.0,5.0,0.24,254.0,1.0
2025-02-24 07:31:19,252.0,70.0,254.0,30.0,243.0,30.0,256.0,20.0,253.0,2.0,100.0,50.0,2.935867844436932,150,50.0,-18.0,0.33,254.0,
2025-02-24 07:31:20,252.0,87.0,253.3,50.0,243.67,27.0,256.18,44.0,252.65,1.3000000000000114,114.0,94.0,0.396005050471494,208,20.0,58.0,0.1,252.0,3.0
2025-02-24 07:31:21,245.25,48.0,252.35,43.0,241.24,51.0,254.0,40.0,248.8,7.099999999999994,99.0,83.0,1.8929659267928836,182,16.0,-26.0,0.09,250.6,5.0
2025-02-24 07:31:38,244.29,28.0,250.5,50.0,237.12,16.0,252.81,48.0,247.39,6.210000000000008,44.0,98.0,2.569052354468073,142,-54.0,-34.0,-0.38,246.9,10.0
2025-02-24 07:31:39,246.27,11.0,251.0,33.0,244.55,11.0,253.0,33.0,248.64,4.72999999999999,22.0,66.0,3.157947117986292,88,-44.0,-54.0,-0.5,246.9,
2025-02-24 07:31:40,248.0,14.0,251.0,42.0,243.5,14.0,253.82,68.0,249.5,3.0,28.0,110.0,3.1680640776344715,138,-82.0,50.0,-0.59,246.9,
2025-02-24 07:31:41,248.93,30.0,253.31,39.0,241.25,12.0,269.48,62.0,251.12,4.379999999999996,42.0,101.0,2.853094810902368,143,-59.0,5.0,-0.41,251.0,3.0
2025-02-24 07:31:42,248.5,24.0,254.0,84.0,240.26,38.0,425.94,34.0,251.25,5.5,62.0,118.0,1.646708838865595,180,-56.0,37.0,-0.31,248.0,1.0
2025-02-24 07:31:43,250.38,58.0,254.0,78.0,249.5,48.0,523.52,46.0,252.19,3.620000000000005,106.0,124.0,1.4365409844477373,230,-18.0,50.0,-0.08,251.0,5.0
2025-02-24 07:31:44,250.05,19.0,254.0,60.0,247.48,23.0,296.33,36.0,252.03,3.9499999999999886,42.0,96.0,1.0684427921035722,138,-54.0,-92.0,-0.39,250.2,5.0
2025-02-24 07:31:45,250.0,16.0,254.0,48.0,246.0,8.0,278.0,32.0,252.0,4.0,24.0,80.0,0.4940344117549848,104,-56.0,-34.0,-0.54,250.2,
2025-02-24 07:31:46,250.0,24.0,254.0,72.0,246.0,12.0,278.0,48.0,252.0,4.0,36.0,120.0,0.3685512176049646,156,-84.0,52.0,-0.54,250.2,
2025-02-24 07:31:47,250.0,22.0,253.42,57.0,246.0,11.0,277.23,39.0,251.71,3.4199999999999875,33.0,96.0,0.1732916616519863,129,-63.0,-27.0,-0.49,251.0,3.0
2025-02-24 07:31:48,250.0,28.0,251.24,84.0,246.0,14.0,254.0,70.0,250.62,1.240000000000009,42.0,154.0,0.6023869188471005,196,-112.0,67.0,-0.57,250.0,2.0
2025-02-24 07:32:00,242.43,28.0,253.3,93.0,237.0,116.0,254.38,63.0,247.86,10.870000000000005,144.0,156.0,2.837944678812025,300,-12.0,126.0,-0.04,250.0,
2025-02-24 07:32:01,243.58,38.0,252.1,102.0,237.03,186.0,252.93,86.0,247.84,8.519999999999982,224.0,188.0,2.8046889310577074,412,36.0,112.0,0.09,250.0,
2025-02-24 07:32:02,248.16,50.0,251.0,65.0,238.74,94.0,253.0,91.0,249.58,2.8400000000000034,144.0,156.0,2.6424647585157777,300,-12.0,-112.0,-0.04,250.0,
2025-02-24 07:32:03,250.0,75.0,251.27,52.0,248.0,20.0,253.64,66.0,250.63,1.2700000000000102,95.0,118.0,2.035539240594024,213,-23.0,-87.0,-0.11,250.0,5.0
2025-02-24 07:32:04,250.0,27.0,253.0,63.0,248.0,18.0,321.0,27.0,251.5,3.0,45.0,90.0,1.6375957987239296,135,-45.0,-78.0,-0.33,253.0,3.0
2025-02-24 07:32:05,250.0,33.0,253.0,44.0,248.0,22.0,287.72,25.0,251.5,3.0,55.0,69.0,1.5425952158613665,124,-14.0,-11.0,-0.11,253.0,
2025-02-24 07:32:06,249.29,14.0,253.0,32.0,246.21,56.0,259.0,24.0,251.14,3.710000000000008,70.0,56.0,0.804425260666552,126,14.0,2.0,0.11,249.5,4.0
2025-02-24 07:32:07,248.29,7.0,252.0,21.0,246.08,52.0,253.0,28.0,250.14,3.710000000000008,59.0,49.0,0.5904405135138328,108,10.0,-18.0,0.09,249.5,
2025-02-24 07:32:08,246.1,62.0,252.0,24.0,241.43,14.0,253.38,32.0,249.05,5.900000000000006,76.0,56.0,1.0611220476450498,132,20.0,24.0,0.15,248.5,2.0
2025-02-24 07:32:20,244.35,68.0,253.59,41.0,235.0,23.0,327.61,59.0,248.97,9.240000000000007,91.0,100.0,2.4404364363771345,191,-9.0,128.0,-0.05,248.89,9.0
2025-02-24 07:32:21,245.0,56.0,255.05,40.0,235.62,56.0,293.1,50.0,250.03,10.050000000000011,112.0,90.0,3.10249576953741,202,22.0,11.0,0.11,254.6,5.0
2025-02-24 07:32:22,245.22,72.0,255.91,69.0,236.0,100.0,429.64,58.0,250.57,10.689999999999998,172.0,127.0,3.0251809863209798,299,45.0,97.0,0.15,250.0,1.0
2025-02-24 07:32:23,250.8,30.0,256.0,48.0,245.49,51.0,390.0,36.0,253.4,5.199999999999989,81.0,84.0,3.237148436509909,165,-3.0,-134.0,-0.02,250.0,
2025-02-24 07:32:24,254.0,16.0,256.0,32.0,248.5,32.0,342.5,26.0,255.0,2.0,48.0,58.0,2.5120967338060725,106,-10.0,-59.0,-0.09,250.0,
2025-02-24 07:32:25,254.96,95.0,256.0,60.0,253.53,34.0,352.13,60.0,255.48,1.039999999999992,129.0,120.0,2.499105840095514,249,9.0,143.0,0.04,250.0,
2025-02-24 07:32:26,255.0,37.0,256.0,28.0,254.0,14.0,446.08,26.0,255.5,1.0,51.0,54.0,2.095519028784959,105,-3.0,-144.0,-0.03,255.0,3.0
2025-02-24 07:32:27,255.0,52.0,256.0,52.0,254.0,26.0,301.23,52.0,255.5,1.0,78.0,104.0,0.9065759758565086,182,-26.0,77.0,-0.14,255.0,
2025-02-24 07:32:28,255.0,28.0,256.0,28.0,254.0,14.0,448.0,28.0,255.5,1.0,42.0,56.0,0.2215400640975132,98,-14.0,-84.0,-0.14,255.0,
2025-02-24 07:32:29,255.0,30.0,283.11,36.0,254.0,18.0,452.68,37.0,269.06,28.110000000000014,48.0,73.0,6.066458604490871,121,-25.0,23.0,-0.21,255.8,5.0
2025-02-24 07:32:30,255.36,14.0,303.95,38.0,254.71,21.0,472.27,33.0,279.65,48.589999999999975,35.0,71.0,10.985072598758864,106,-36.0,-15.0,-0.34,255.8,
2025-02-24 07:32:31,256.0,11.0,411.67,42.0,255.0,33.0,492.27,44.0,333.83,155.67000000000002,44.0,86.0,32.4408256676677,130,-42.0,24.0,-0.32,255.8,
2025-02-24 07:32:32,249.71,49.0,380.0,24.0,248.9,87.0,456.89,36.0,314.86,130.29,136.0,60.0,32.68509828652825,196,76.0,66.0,0.39,253.21,14.0
2025-02-24 07:32:33,248.0,135.0,453.89,36.0,243.0,45.0,562.6,30.0,350.94,205.89,180.0,66.0,34.87200553452608,246,114.0,50.0,0.46,253.21,
2025-02-24 07:32:34,248.0,150.0,255.61,31.0,243.0,50.0,484.51,39.0,251.81,7.610000000000014,200.0,70.0,40.32137485255205,270,130.0,24.0,0.48,253.21,
2025-02-24 07:32:35,249.05,57.0,256.0,21.0,247.0,75.0,639.43,28.0,252.53,6.949999999999989,132.0,49.0,46.1862991589499,181,83.0,-89.0,0.46,253.21,
2025-02-24 07:32:36,248.45,99.0,252.88,32.0,245.6,75.0,477.55,31.0,250.66,4.430000000000007,174.0,63.0,46.29062486076434,237,111.0,56.0,0.47,253.21,
2025-02-24 07:32:37,248.0,145.0,251.0,44.0,242.0,55.0,256.0,33.0,249.5,3.0,200.0,77.0,44.65346425530734,277,123.0,40.0,0.44,248.0,5.0
2025-02-24 07:32:38,248.57,98.0,252.93,28.0,246.03,64.0,312.42,38.0,250.75,4.360000000000014,162.0,66.0,1.1632497582229546,228,96.0,-49.0,0.42,251.0,4.0
2025-02-24 07:32:39,250.0,32.0,255.0,8.0,248.0,80.0,256.0,24.0,252.5,5.0,112.0,32.0,1.3078876098525418,144,80.0,-84.0,0.56,251.0,
2025-02-24 07:32:40,250.0,56.0,256.04,28.0,248.0,140.0,302.42,33.0,253.02,6.0400000000000205,196.0,61.0,1.4447767993727685,257,135.0,113.0,0.53,254.0,1.0
2025-02-24 07:32:41,250.0,32.0,254.25,24.0,248.0,80.0,256.0,8.0,252.12,4.25,112.0,32.0,1.4341269120987463,144,80.0,-113.0,0.56,254.0,
2025-02-24 07:32:42,250.0,36.0,253.42,19.0,248.0,90.0,253.88,17.0,251.71,3.4199999999999875,126.0,36.0,0.8586908640517669,162,90.0,18.0,0.56,254.0,
2025-02-24 07:32:43,248.25,80.0,253.22,18.0,247.62,37.0,257.77,26.0,250.74,4.969999999999999,117.0,44.0,0.8623920222300127,161,73.0,-1.0,0.45,250.2,5.0
2025-02-24 07:32:44,250.67,126.0,256.43,21.0,246.0,15.0,258.4,45.0,253.55,5.760000000000019,141.0,66.0,1.1032995966672003,207,75.0,46.0,0.36,250.2,
2025-02-24 07:32:45,254.39,57.0,256.0,22.0,251.96,52.0,258.2,30.0,255.19,1.6100000000000136,109.0,52.0,1.7373456766015367,161,57.0,-46.0,0.35,255.0,1.0
2025-02-24 07:32:46,255.0,41.0,256.0,41.0,254.0,77.0,260.0,33.0,255.5,1.0,118.0,74.0,2.0945811037069326,192,44.0,31.0,0.23,255.0,1.0
2025-02-24 07:32:47,254.16,58.0,256.0,30.0,251.7,60.0,260.0,30.0,255.08,1.8400000000000036,118.0,60.0,1.9787546588716527,178,58.0,-14.0,0.33,255.0,3.0
2025-02-24 07:32:48,254.0,56.0,256.0,24.0,252.0,48.0,260.0,24.0,255.0,2.0,104.0,48.0,0.7587028403837769,152,56.0,-26.0,0.37,255.0,
2025-02-24 07:32:49,254.0,77.0,255.09,33.0,252.0,67.0,256.91,33.0,254.55,1.0900000000000034,144.0,66.0,0.3444270605025745,210,78.0,58.0,0.37,255.0,
2025-02-24 07:32:50,253.72,50.0,256.37,41.0,251.76,82.0,258.5,36.0,255.04,2.6500000000000057,132.0,77.0,0.3371646482157376,209,55.0,-1.0,0.26,254.0,7.0
2025-02-24 07:32:51,252.0,42.0,256.0,24.0,248.0,30.0,257.0,18.0,254.0,4.0,72.0,42.0,0.4627958513280134,114,30.0,-95.0,0.26,254.0,
2025-02-24 07:32:52,252.0,47.0,256.0,44.0,248.26,46.0,259.27,33.0,254.0,4.0,93.0,77.0,0.5105095493782729,170,16.0,56.0,0.09,252.0,5.0
2025-02-24 07:32:53,251.47,30.0,254.43,56.0,249.85,27.0,258.67,54.0,252.95,2.960000000000008,57.0,110.0,0.779146969452101,167,-53.0,-3.0,-0.32,250.4,5.0
2025-02-24 07:32:54,248.0,33.0,252.2,40.0,246.0,10.0,259.0,40.0,250.1,4.199999999999989,43.0,80.0,1.8931772236128248,123,-37.0,-44.0,-0.3,248.0,1.0
2025-02-24 07:32:55,239.0,80.0,250.28,25.0,238.0,16.0,256.65,34.0,244.64,11.28,96.0,59.0,3.9675836475122166,155,37.0,32.0,0.24,247.75,8.0
2025-02-24 07:33:14,248.0,34.0,249.96,81.0,245.0,56.0,427.12,50.0,248.98,1.960000000000008,90.0,131.0,2.9854731618297934,221,-41.0,44.0,-0.19,248.0,1.0
2025-02-24 07:33:19,247.47,83.0,250.38,32.0,246.15,78.0,265.35,40.0,248.92,2.9099999999999966,161.0,72.0,0.8172392550569343,233,89.0,68.0,0.38,248.5,4.0
2025-02-24 07:33:20,249.47,142.0,254.68,57.0,246.91,88.0,260.45,66.0,252.08,5.210000000000008,230.0,123.0,2.1866595528353256,353,107.0,120.0,0.3,248.5,
2025-02-24 07:33:21,251.0,97.0,254.77,39.0,248.0,44.0,397.27,44.0,252.88,3.77000000000001,141.0,83.0,2.7139233592726715,224,58.0,-129.0,0.26,251.0,6.0
2025-02-24 07:33:22,251.25,20.0,256.0,26.0,250.03,37.0,492.62,32.0,253.62,4.75,57.0,58.0,2.7224474283272677,115,-1.0,-109.0,-0.01,256.0,2.0
2025-02-24 07:33:23,251.31,26.0,258.67,24.0,250.14,56.0,424.7,33.0,254.99,7.360000000000014,82.0,57.0,2.268902818545928,139,25.0,24.0,0.18,251.33,3.0
2025-02-24 07:33:24,248.82,22.0,256.33,12.0,246.8,20.0,307.2,20.0,252.58,7.509999999999991,42.0,32.0,1.1310614483774015,74,10.0,-65.0,0.14,251.0,3.0
2025-02-24 07:33:28,250.27,45.0,251.67,18.0,241.24,125.0,260.0,15.0,250.97,1.3999999999999773,170.0,33.0,2.0574304362495104,203,137.0,-1.0,0.67,249.0,2.0
2025-02-24 07:33:29,254.0,120.0,297.0,16.0,247.14,14.0,376.0,10.0,275.5,43.0,134.0,26.0,11.956913481329767,160,108.0,-43.0,0.68,249.0,
2025-02-24 07:33:30,254.0,108.0,260.9,41.0,249.33,12.0,421.89,9.0,257.45,6.899999999999977,120.0,50.0,11.548351830456388,170,70.0,10.0,0.41,249.0,
2025-02-24 07:33:31,254.0,96.0,257.0,45.0,252.0,36.0,397.1,21.0,255.5,3.0,132.0,66.0,10.810107770045835,198,66.0,28.0,0.33,254.0,4.0
2025-02-24 07:33:32,254.0,80.0,257.0,50.0,252.0,40.0,496.86,28.0,255.5,3.0,120.0,78.0,9.534570257751794,198,42.0,0.0,0.21,254.0,
2025-02-24 07:33:33,254.0,64.0,257.0,40.0,252.0,32.0,507.5,16.0,255.5,3.0,96.0,56.0,8.767012033755,152,40.0,-46.0,0.26,254.0,
2025-02-24 07:33:34,254.0,72.0,257.0,45.0,252.0,36.0,367.17,12.0,255.5,3.0,108.0,57.0,0.8720665112280627,165,51.0,13.0,0.31,254.0,
2025-02-24 07:33:35,254.0,84.0,256.93,59.0,252.0,52.0,273.41,58.0,255.47,2.930000000000007,136.0,117.0,0.0134164080714174,253,19.0,88.0,0.08,254.0,4.0
2025-02-24 07:33:36,254.0,16.0,261.0,20.0,252.0,16.0,291.0,16.0,257.5,7.0,32.0,36.0,0.8978752697371067,68,-4.0,-164.0,-0.06,254.0,
2025-02-24 07:33:37,254.0,36.0,261.0,30.0,252.0,24.0,291.0,24.0,257.5,7.0,60.0,54.0,1.100990463176423,114,6.0,46.0,0.05,254.0,
2025-02-24 07:33:38,254.0,35.0,261.0,25.0,252.0,20.0,295.8,20.0,257.5,7.0,55.0,45.0,1.1037119189378088,100,10.0,-14.0,0.1,254.0,
2025-02-24 07:33:39,254.0,30.0,261.0,65.0,252.0,52.0,366.26,38.0,257.5,7.0,82.0,103.0,0.907843598867845,185,-21.0,85.0,-0.11,254.0,6.0
2025-02-24 07:33:40,251.1,10.0,261.0,50.0,245.21,33.0,525.0,20.0,256.05,9.900000000000006,43.0,70.0,0.6484597134790202,113,-27.0,-72.0,-0.24,250.11,9.0
2025-02-24 07:33:41,239.77,90.0,251.55,42.0,238.53,68.0,276.88,65.0,245.66,11.78,158.0,107.0,5.171152676145382,265,51.0,152.0,0.19,246.0,1.0
2025-02-24 07:34:20,244.84,43.0,339.03,69.0,243.73,45.0,471.83,72.0,291.93,94.18999999999996,88.0,141.0,21.656273225095926,229,-53.0,-23.0,-0.23,246.55,11.0
2025-02-24 07:34:21,252.61,38.0,326.56,43.0,249.23,56.0,513.78,54.0,289.58,73.94999999999999,94.0,97.0,25.685304553382373,191,-3.0,-38.0,-0.02,250.0,5.0
2025-02-24 07:34:22,254.0,36.0,432.63,49.0,252.0,60.0,662.32,50.0,343.32,178.63,96.0,99.0,40.94883429354251,195,-3.0,4.0,-0.02,250.0,
2025-02-24 07:34:23,256.0,228.0,373.95,88.0,254.0,57.0,574.92,90.0,314.98,117.95,285.0,178.0,36.18345450616901,463,107.0,164.0,0.23,250.0,
2025-02-24 07:34:24,256.0,126.0,483.11,36.0,254.0,33.0,568.5,48.0,369.56,227.11,159.0,84.0,34.354615119369335,243,75.0,-164.0,0.31,256.0,2.0
2025-02-24 07:34:25,256.0,65.0,489.71,14.0,254.0,21.0,556.0,28.0,372.86,233.71,86.0,42.0,35.75595894392989,128,44.0,-115.0,0.34,256.0,1.0
2025-02-24 07:34:26,256.0,69.0,382.73,22.0,254.0,30.0,442.53,38.0,319.36,126.73000000000002,99.0,60.0,27.092269746184044,159,39.0,31.0,0.25,256.0,3.0
2025-02-24 07:34:27,256.0,7.0,293.86,14.0,254.0,21.0,295.0,28.0,274.93,37.860000000000014,28.0,42.0,41.1488665700527,70,-14.0,-89.0,-0.2,256.0,5.0
2025-02-24 07:34:28,254.11,19.0,269.61,23.0,252.1,63.0,282.0,24.0,261.86,15.5,82.0,47.0,51.62833117581857,129,35.0,59.0,0.27,256.0,1.0
2025-02-24 07:34:29,254.0,27.0,262.11,18.0,252.0,95.0,284.23,39.0,258.06,8.110000000000014,122.0,57.0,48.71365393809008,179,65.0,50.0,0.36,256.0,
2025-02-24 07:34:30,252.0,77.0,262.0,14.0,248.0,14.0,275.0,28.0,257.0,10.0,91.0,42.0,26.213378645264303,133,49.0,-46.0,0.37,253.2,5.0
2025-02-24 07:34:31,252.0,110.0,261.4,20.0,248.0,20.0,487.0,46.0,256.7,9.399999999999975,130.0,66.0,7.671336259088066,196,64.0,63.0,0.33,253.2,
2025-02-24 07:34:32,252.0,77.0,259.57,14.0,248.0,14.0,470.92,26.0,255.79,7.569999999999993,91.0,40.0,2.3668375525159107,131,51.0,-65.0,0.39,253.2,
2025-02-24 07:34:33,252.01,137.0,256.79,38.0,248.8,40.0,615.17,60.0,254.4,4.78000000000003,177.0,98.0,1.3763357148600954,275,79.0,144.0,0.29,252.2,10.0
2025-02-24 07:34:34,251.71,14.0,255.33,18.0,249.15,13.0,642.86,42.0,253.52,3.620000000000005,27.0,60.0,1.4918847140444138,87,-33.0,-164.0,-0.38,254.12,8.0
2025-02-24 07:34:35,247.25,32.0,251.07,27.0,245.17,70.0,541.6,42.0,249.16,3.819999999999993,102.0,69.0,2.9271624485155003,171,33.0,84.0,0.19,248.33,3.0
2025-02-24 07:34:41,246.0,5.0,445.67,6.0,243.0,10.0,640.23,22.0,345.83,199.67,15.0,28.0,43.98571449914165,43,-13.0,-16.0,-0.3,249.5,4.0
2025-02-24 07:34:42,246.0,7.0,328.29,35.0,243.0,22.0,544.0,7.0,287.14,82.29000000000002,29.0,42.0,43.10734948938523,71,-13.0,28.0,-0.18,249.5,
2025-02-24 07:34:43,243.6,30.0,314.62,42.0,198.03,70.0,392.37,46.0,279.11,71.02000000000001,100.0,88.0,40.27355000493503,188,12.0,117.0,0.06,246.0,1.0
2025-02-24 07:34:44,243.46,70.0,358.1,41.0,233.97,63.0,529.77,65.0,300.78,114.64,133.0,106.0,35.86346706608277,239,27.0,51.0,0.11,245.17,6.0
2025-02-24 07:34:45,243.55,20.0,408.0,70.0,240.57,93.0,575.43,70.0,325.77,164.45,113.0,140.0,27.69659961078265,253,-27.0,14.0,-0.11,245.17,
2025-02-24 07:34:46,249.21,19.0,410.04,57.0,241.29,191.0,477.38,65.0,329.62,160.83,210.0,122.0,22.601361242190823,332,88.0,79.0,0.27,245.17,
2025-02-24 07:34:47,253.0,18.0,395.5,30.0,246.0,30.0,477.33,30.0,324.25,142.5,48.0,60.0,21.55073154210795,108,-12.0,-164.0,-0.11,245.17,
2025-02-24 07:34:48,253.0,21.0,386.39,31.0,246.0,35.0,452.79,19.0,319.69,133.39,56.0,50.0,11.329186643356532,106,6.0,-2.0,0.06,245.17,
2025-02-24 07:34:49,249.43,23.0,309.0,8.0,243.19,64.0,407.14,28.0,279.22,59.56999999999999,87.0,36.0,20.70618144419696,123,51.0,17.0,0.41,253.0,3.0
2025-02-24 07:34:50,247.92,12.0,397.74,42.0,246.0,48.0,440.69,32.0,322.83,149.82000000000002,60.0,74.0,20.38839056914513,134,-14.0,11.0,-0.1,253.0,
2025-02-24 07:34:51,248.0,9.0,305.12,34.0,246.0,36.0,398.27,37.0,276.56,57.120000000000005,45.0,71.0,24.374725639481667,116,-26.0,-18.0,-0.22,249.71,7.0
2025-02-24 07:34:52,248.0,10.0,288.17,29.0,246.0,40.0,387.83,12.0,268.09,40.170000000000016,50.0,41.0,25.89627714556677,91,9.0,-25.0,0.1,249.71,
2025-02-24 07:34:53,246.86,14.0,253.77,44.0,242.25,96.0,268.39,23.0,250.31,6.909999999999997,110.0,67.0,26.778755945711943,177,43.0,86.0,0.24,246.67,3.0
2025-02-24 07:34:54,246.0,24.0,251.57,14.0,241.0,216.0,253.18,17.0,248.79,5.569999999999993,240.0,31.0,30.08434609560265,271,209.0,94.0,0.77,253.0,4.0
2025-02-24 07:35:01,240.0,150.0,366.38,8.0,237.0,64.0,432.82,17.0,303.19,126.38,214.0,25.0,26.99146587349421,239,189.0,-61.0,0.79,242.2,5.0
2025-02-24 07:35:02,240.0,162.0,370.44,9.0,237.0,72.0,510.22,27.0,305.22,130.44,234.0,36.0,33.753490930568965,270,198.0,31.0,0.73,242.2,
2025-02-24 07:35:03,240.18,88.0,365.96,24.0,239.45,176.0,495.0,21.0,303.07,125.77999999999996,264.0,45.0,33.68590847817524,309,219.0,39.0,0.71,242.2,
2025-02-24 07:35:04,241.22,23.0,305.06,17.0,240.0,306.0,339.82,17.0,273.14,63.84,329.0,34.0,27.56333561091613,363,295.0,54.0,0.81,241.0,1.0
2025-02-24 07:35:05,240.76,29.0,279.32,25.0,239.88,206.0,291.12,25.0,260.04,38.56,235.0,50.0,20.93207753664209,285,185.0,-78.0,0.65,243.0,1.0
2025-02-24 07:35:24,242.0,40.0,250.0,30.0,229.0,20.0,251.0,50.0,246.0,8.0,60.0,80.0,1.6559498784684052,140,-20.0,17.0,-0.14,243.0,
2025-02-24 07:35:25,242.5,48.0,250.0,36.0,228.48,29.0,251.0,60.0,246.25,7.5,77.0,96.0,1.6147848153854103,173,-19.0,33.0,-0.11,243.0,
2025-02-24 07:35:26,243.0,36.0,250.0,27.0,228.0,27.0,251.0,45.0,246.5,7.0,63.0,72.0,1.635658888643697,135,-9.0,-38.0,-0.07,243.0,
2025-02-24 07:35:27,243.64,28.0,250.0,39.0,229.15,39.0,251.0,65.0,246.82,6.360000000000014,67.0,104.0,0.6449961240184957,171,-37.0,36.0,-0.22,243.0,2.0
2025-02-24 07:35:28,246.94,36.0,250.71,73.0,236.12,125.0,251.24,46.0,248.83,3.77000000000001,161.0,119.0,1.1315697062040246,280,42.0,109.0,0.15,251.0,1.0
2025-02-24 07:35:38,233.9,123.0,335.04,49.0,232.53,211.0,453.37,54.0,284.47,101.14,334.0,103.0,19.613938921083616,437,231.0,127.0,0.53,248.3,10.0
2025-02-24 07:35:39,247.0,28.0,338.17,46.0,242.74,77.0,477.57,70.0,292.59,91.17000000000002,105.0,116.0,26.35236384083969,221,-11.0,-164.0,-0.05,249.0,2.0
2025-02-24 07:35:40,247.02,47.0,471.68,37.0,245.92,95.0,530.69,32.0,359.35,224.66,142.0,69.0,48.49056073092978,211,73.0,-10.0,0.35,252.0,4.0
2025-02-24 07:35:41,247.3,69.0,469.64,56.0,246.1,183.0,472.0,70.0,358.47,222.34,252.0,126.0,50.89042346060783,378,126.0,164.0,0.33,252.0,
2025-02-24 07:35:42,248.0,55.0,466.4,40.0,245.37,57.0,472.0,50.0,357.2,218.4,112.0,90.0,38.351750677120044,202,22.0,-164.0,0.11,254.0,1.0
2025-02-24 07:35:43,251.26,62.0,352.67,69.0,250.37,59.0,436.89,66.0,301.96,101.41000000000004,121.0,135.0,33.61902779676976,256,-14.0,54.0,-0.05,256.0,1.0
2025-02-24 07:35:44,252.3,54.0,321.25,48.0,249.27,22.0,575.5,60.0,286.77,68.94999999999999,76.0,108.0,35.45795185850387,184,-32.0,-72.0,-0.17,253.14,7.0
2025-02-24 07:35:45,252.0,12.0,321.0,48.0,246.0,12.0,483.07,42.0,286.5,69.0,24.0,90.0,36.73943181378805,114,-66.0,-70.0,-0.58,253.14,
2025-02-24 07:35:46,253.71,102.0,290.38,42.0,229.5,12.0,364.17,53.0,272.04,36.66999999999999,114.0,95.0,33.20666318677601,209,19.0,95.0,0.09,246.5,4.0
2025-02-24 07:35:47,254.0,72.0,259.2,45.0,248.2,20.0,313.57,56.0,256.6,5.199999999999989,92.0,101.0,17.162828438226367,193,-9.0,-16.0,-0.05,254.0,5.0
2025-02-24 07:35:48,254.0,54.0,257.44,39.0,251.0,27.0,302.0,42.0,255.72,3.4399999999999977,81.0,81.0,15.243683281936638,162,0.0,-31.0,0.0,254.0,
2025-02-24 07:35:49,251.14,28.0,255.34,38.0,246.08,39.0,385.91,33.0,253.24,4.200000000000017,67.0,71.0,14.200577453047345,138,-4.0,-24.0,-0.03,253.0,9.0
2025-02-24 07:35:54,243.0,20.0,306.21,19.0,215.21,19.0,449.23,22.0,274.61,63.20999999999998,39.0,41.0,13.331988973892834,80,-2.0,11.0,-0.03,253.0,
2025-02-24 07:35:58,244.57,63.0,250.0,28.0,241.69,39.0,318.71,28.0,247.29,5.430000000000007,102.0,56.0,13.129900228105315,158,46.0,-26.0,0.29,253.0,
2025-02-24 07:35:59,246.89,79.0,250.0,20.0,245.41,51.0,434.07,28.0,248.44,3.1100000000000136,130.0,48.0,1.804873956818352,178,82.0,20.0,0.46,253.0,
2025-02-24 07:36:00,247.64,88.0,250.0,20.0,246.0,30.0,533.67,36.0,248.82,2.3600000000000136,118.0,56.0,1.9373874160840792,174,62.0,-4.0,0.36,247.0,2.0
2025-02-24 07:36:01,249.42,62.0,349.85,52.0,244.94,32.0,395.76,45.0,299.63,100.43000000000004,94.0,97.0,23.366150089392097,191,-3.0,17.0,-0.02,249.5,4.0
2025-02-24 07:36:02,251.63,54.0,253.0,24.0,249.5,14.0,356.17,60.0,252.31,1.3700000000000043,68.0,84.0,22.62398660713885,152,-16.0,-39.0,-0.11,252.0,5.0
2025-02-24 07:36:03,252.0,4.0,253.0,8.0,251.0,4.0,286.0,20.0,252.5,1.0,8.0,28.0,22.04524325109609,36,-20.0,-116.0,-0.56,252.0,
2025-02-24 07:36:04,249.16,37.0,252.57,14.0,246.83,12.0,278.38,26.0,250.87,3.4099999999999966,49.0,40.0,21.74201531597284,89,9.0,53.0,0.1,251.5,2.0
2025-02-24 07:36:05,249.0,56.0,250.25,16.0,246.0,16.0,255.62,16.0,249.62,1.25,72.0,32.0,21.63425131591101,104,40.0,15.0,0.38,251.5,
2025-02-24 07:36:09,242.0,24.0,251.8,20.0,240.75,16.0,281.25,24.0,246.9,9.800000000000011,40.0,44.0,1.582014538492235,84,-4.0,12.0,-0.05,248.5,4.0
2025-02-24 07:36:10,242.5,24.0,259.0,16.0,239.0,16.0,331.97,33.0,250.75,16.5,40.0,49.0,1.9614968773874564,89,-9.0,5.0,-0.1,248.5,
2025-02-24 07:36:11,244.54,39.0,257.0,30.0,240.64,33.0,322.46,67.0,250.77,12.460000000000008,72.0,97.0,2.3419713917980847,169,-25.0,80.0,-0.15,248.5,
2025-02-24 07:36:12,253.0,10.0,257.0,20.0,245.0,30.0,319.68,38.0,255.0,4.0,40.0,58.0,3.70301633806824,98,-18.0,-71.0,-0.18,248.5,
2025-02-24 07:36:13,253.89,27.0,257.0,22.0,248.76,17.0,333.18,55.0,255.44,3.1100000000000136,44.0,77.0,3.523459947267719,121,-33.0,23.0,-0.27,248.5,
2025-02-24 07:36:14,254.0,33.0,257.0,22.0,253.0,11.0,339.0,55.0,255.5,3.0,44.0,77.0,2.5014335889644195,121,-33.0,0.0,-0.27,248.5,
2025-02-24 07:36:15,251.06,34.0,257.0,20.0,247.67,18.0,383.5,40.0,254.03,5.939999999999998,52.0,60.0,1.977870066510753,112,-8.0,-9.0,-0.07,252.8,5.0
2025-02-24 07:36:16,249.29,21.0,257.0,10.0,247.11,19.0,397.0,20.0,253.14,7.710000000000008,40.0,30.0,1.0160807054556025,70,10.0,-42.0,0.14,252.8,
2025-02-24 07:36:17,250.0,36.0,254.0,25.0,249.0,60.0,313.72,36.0,252.0,4.0,96.0,61.0,1.5051312235148475,157,35.0,87.0,0.22,252.8,
2025-02-24 07:36:18,249.13,46.0,251.0,50.0,246.18,34.0,253.0,10.0,250.07,1.8700000000000043,80.0,60.0,2.0555948044299943,140,20.0,-17.0,0.14,250.0,3.0
2025-02-24 07:36:19,249.0,45.0,250.71,21.0,246.4,20.0,251.18,33.0,249.86,1.710000000000008,65.0,54.0,1.8413989247308256,119,11.0,-21.0,0.09,250.0,
2025-02-24 07:36:20,249.0,51.0,250.94,48.0,247.0,24.0,251.75,24.0,249.97,1.9399999999999975,75.0,72.0,1.4836340519144362,147,3.0,28.0,0.02,249.0,1.0
2025-02-24 07:36:21,248.7,33.0,251.0,53.0,245.97,29.0,253.0,12.0,249.85,2.300000000000012,62.0,65.0,0.9267416036847788,127,-3.0,-20.0,-0.02,249.0,6.0
2025-02-24 07:36:22,246.11,9.0,251.0,36.0,242.71,35.0,253.0,9.0,248.56,4.889999999999986,44.0,45.0,0.6225512027138241,89,-1.0,-38.0,-0.01,245.67,3.0
2025-02-24 07:36:23,246.0,20.0,251.0,36.0,245.0,10.0,253.0,10.0,248.5,5.0,30.0,46.0,0.748511856953866,76,-16.0,-13.0,-0.21,251.0,1.0
2025-02-24 07:36:24,246.0,18.0,250.0,9.0,245.0,9.0,251.0,27.0,248.0,4.0,27.0,36.0,0.8809256495304403,63,-9.0,-13.0,-0.14,251.0,
2025-02-24 07:36:25,246.0,20.0,250.79,19.0,245.0,10.0,251.91,23.0,248.39,4.789999999999992,30.0,42.0,0.7000357133751945,72,-12.0,9.0,-0.17,249.0,1.0
2025-02-24 07:36:26,247.79,86.0,252.0,52.0,246.26,19.0,260.0,26.0,249.9,4.210000000000008,105.0,78.0,0.7213182376737234,183,27.0,111.0,0.15,249.0,
2025-02-24 07:36:27,249.44,32.0,252.0,64.0,248.0,192.0,260.0,32.0,250.72,2.5600000000000023,224.0,96.0,1.1552575470433444,320,128.0,137.0,0.4,249.0,
2025-02-24 07:36:28,250.03,60.0,252.0,35.0,248.22,108.0,260.0,26.0,251.02,1.9699999999999989,168.0,61.0,1.3587420652943931,229,107.0,-91.0,0.47,251.0,2.0
2025-02-24 07:36:29,250.62,192.0,256.5,32.0,249.0,64.0,459.1,51.0,253.56,5.879999999999996,256.0,83.0,1.8879141929653955,339,173.0,110.0,0.51,252.0,2.0
2025-02-24 07:36:30,251.27,105.0,260.0,20.0,249.43,46.0,652.0,50.0,255.63,8.72999999999999,151.0,70.0,2.370734063533862,221,81.0,-118.0,0.37,251.0,2.0
2025-02-24 07:36:31,255.0,84.0,260.0,24.0,251.0,120.0,536.42,60.0,257.5,5.0,204.0,84.0,2.92601777164791,288,120.0,67.0,0.42,251.0,
2025-02-24 07:36:32,255.0,45.0,260.0,14.0,251.26,46.0,450.0,35.0,257.5,5.0,91.0,49.0,2.774981081016424,140,42.0,-148.0,0.3,255.0,2.0
2025-02-24 07:36:33,255.0,50.0,260.0,20.0,253.0,20.0,447.33,45.0,257.5,5.0,70.0,65.0,1.7513766014192378,135,5.0,-5.0,0.04,255.0,
2025-02-24 07:36:34,255.0,38.0,260.0,24.0,253.0,24.0,326.14,56.0,257.5,5.0,62.0,80.0,0.8362894235841187,142,-18.0,7.0,-0.13,255.0,2.0
2025-02-24 07:36:35,255.0,30.0,259.0,32.0,253.0,20.0,293.26,31.0,257.0,4.0,50.0,63.0,0.2236067977468303,113,-13.0,-29.0,-0.12,255.0,
2025-02-24 07:36:36,254.88,32.0,256.89,45.0,252.33,30.0,260.33,24.0,255.88,2.009999999999991,62.0,69.0,0.7027659638874552,131,-7.0,18.0,-0.05,255.0,3.0
2025-02-24 07:36:37,251.5,48.0,257.0,40.0,250.58,76.0,261.9,20.0,254.25,5.5,124.0,60.0,1.3846949122455674,184,64.0,53.0,0.35,252.33,3.0
2025-02-24 07:36:38,251.0,106.0,254.44,41.0,249.6,40.0,258.32,38.0,252.72,3.4399999999999977,146.0,79.0,1.9799494943050504,225,67.0,41.0,0.3,251.0,6.0
2025-02-24 07:36:39,251.0,27.0,252.0,30.0,250.0,27.0,261.67,18.0,251.5,1.0,54.0,48.0,2.242810736553336,102,6.0,-123.0,0.06,251.0,
2025-02-24 07:36:40,250.1,30.0,251.8,41.0,249.08,39.0,256.5,24.0,250.95,1.700000000000017,69.0,65.0,2.022980474448289,134,4.0,32.0,0.03,251.0,3.0
2025-02-24 07:36:41,250.1,21.0,252.29,28.0,249.05,38.0,257.77,39.0,251.19,2.1899999999999977,59.0,67.0,1.3706823118429436,126,-8.0,-8.0,-0.06,250.0,2.0
2025-02-24 07:36:42,251.0,9.0,253.0,27.0,249.0,36.0,261.0,36.0,252.0,2.0,45.0,63.0,0.7051737374570655,108,-18.0,-18.0,-0.17,250.0,
2025-02-24 07:36:43,249.2,30.0,251.17,24.0,247.39,61.0,254.83,36.0,250.18,1.9699999999999989,91.0,60.0,0.6757440343793238,151,31.0,43.0,0.21,250.0,2.0
2025-02-24 07:36:44,248.47,19.0,252.42,31.0,246.76,21.0,257.73,44.0,250.45,3.9499999999999886,40.0,75.0,0.7076227808651204,115,-35.0,-36.0,-0.3,249.0,3.0
2025-02-24 07:36:45,246.79,14.0,254.32,22.0,244.71,14.0,257.09,46.0,250.55,7.530000000000001,28.0,68.0,0.7304313793911786,96,-40.0,-19.0,-0.42,247.0,1.0
2025-02-24 07:36:46,246.0,15.0,252.4,15.0,243.85,39.0,255.0,45.0,249.2,6.400000000000006,54.0,60.0,1.005549600964264,114,-6.0,18.0,-0.05,247.0,
2025-02-24 07:36:47,246.0,11.0,251.91,11.0,245.0,55.0,254.73,33.0,248.95,5.909999999999997,66.0,44.0,0.739952701190781,110,22.0,-4.0,0.2,247.0,
2025-02-24 07:36:48,246.0,14.0,250.07,14.0,245.0,70.0,253.86,42.0,248.04,4.069999999999993,84.0,56.0,1.0618239025373517,140,28.0,30.0,0.2,247.0,
2025-02-24 07:36:50,245.38,16.0,250.83,12.0,244.88,34.0,256.11,27.0,248.1,5.450000000000017,50.0,39.0,0.722378017384176,89,11.0,19.0,0.12,246.0,1.0
2025-02-24 07:36:51,251.62,29.0,255.87,30.0,244.97,62.0,264.89,54.0,253.74,4.25,91.0,84.0,2.5665677470115047,175,7.0,86.0,0.04,246.0,
2025-02-24 07:36:52,253.0,22.0,255.0,11.0,245.74,97.0,260.0,55.0,254.0,2.0,119.0,66.0,3.3053320559362014,185,53.0,10.0,0.29,246.0,
2025-02-24 07:36:53,253.0,16.0,255.0,8.0,246.31,78.0,260.0,40.0,254.0,2.0,94.0,48.0,3.3775701325063685,142,46.0,-43.0,0.32,246.0,
2025-02-24 07:36:54,253.0,18.0,255.0,9.0,246.0,143.0,260.0,45.0,254.0,2.0,161.0,54.0,2.611918834879581,215,107.0,73.0,0.5,246.0,
2025-02-24 07:36:55,249.5,32.0,255.0,9.0,246.38,66.0,260.0,45.0,252.25,5.5,98.0,54.0,0.761918630825143,152,44.0,-63.0,0.29,250.0,5.0
2025-02-24 07:36:56,246.0,160.0,255.0,10.0,245.0,50.0,260.0,50.0,250.5,9.0,210.0,60.0,1.5652475842494298,270,150.0,118.0,0.56,250.0,
2025-02-24 07:36:57,246.82,11.0,254.12,32.0,245.91,110.0,258.7,27.0,250.47,7.300000000000011,121.0,59.0,1.757535205905964,180,62.0,-90.0,0.34,246.2,5.0
2025-02-24 07:36:58,246.0,13.0,253.31,52.0,245.0,65.0,255.0,13.0,249.65,7.310000000000002,78.0,65.0,1.7476069352114678,143,13.0,-37.0,0.09,246.2,
2025-02-24 07:36:59,246.0,10.0,253.0,40.0,245.0,50.0,254.64,14.0,249.5,7.0,60.0,54.0,1.0934486727777974,114,6.0,-29.0,0.05,246.2,
2025-02-24 07:37:00,246.0,11.0,253.0,44.0,245.0,55.0,254.0,55.0,249.5,7.0,66.0,99.0,0.5158778925285652,165,-33.0,51.0,-0.2,246.2,
2025-02-24 07:37:01,247.5,14.0,252.27,48.0,245.55,22.0,253.39,54.0,249.89,4.77000000000001,36.0,102.0,0.4060418697619247,138,-66.0,-27.0,-0.48,252.33,3.0
2025-02-24 07:37:05,244.62,55.0,252.5,16.0,243.2,60.0,257.94,66.0,248.56,7.8799999999999955,115.0,82.0,1.950115381202029,197,33.0,-13.0,0.17,246.0,3.0
2025-02-24 07:37:06,248.0,18.0,254.0,9.0,243.13,69.0,258.0,45.0,251.0,6.0,87.0,54.0,2.3125894577292883,141,33.0,-56.0,0.23,246.0,
2025-02-24 07:37:07,248.0,19.0,254.0,12.0,243.0,120.0,258.0,60.0,251.0,6.0,139.0,72.0,2.740988872651688,211,67.0,70.0,0.32,248.0,1.0
2025-02-24 07:37:08,248.0,15.0,252.93,15.0,243.0,150.0,256.48,27.0,250.47,4.930000000000007,165.0,42.0,2.519509872971314,207,123.0,-4.0,0.59,248.0,
2025-02-24 07:37:09,248.0,12.0,251.42,12.0,243.0,120.0,255.0,12.0,249.71,3.4199999999999875,132.0,24.0,1.033087605191113,156,108.0,-51.0,0.69,248.0,
2025-02-24 07:37:10,248.8,30.0,251.0,14.0,243.59,68.0,253.59,32.0,249.9,2.1999999999999886,98.0,46.0,0.6020215942965801,144,52.0,-12.0,0.36,248.0,
2025-02-24 07:37:11,245.82,66.0,250.52,21.0,245.16,19.0,252.63,27.0,248.17,4.700000000000017,85.0,48.0,1.0667005202959463,133,37.0,-11.0,0.28,247.83,6.0
2025-02-24 07:37:17,240.05,82.0,251.0,18.0,238.51,51.0,254.0,36.0,245.52,10.949999999999989,133.0,54.0,0.9058311100871488,187,79.0,73.0,0.42,247.83,
2025-02-24 07:37:18,240.18,100.0,250.15,41.0,239.52,147.0,252.11,36.0,245.16,9.97,247.0,77.0,0.9410897938038036,324,170.0,137.0,0.52,247.83,
2025-02-24 07:37:20,245.0,38.0,252.0,22.0,242.26,31.0,254.55,55.0,248.5,7.0,69.0,77.0,1.4279810923121825,146,-8.0,-3.0,-0.05,247.83,
2025-02-24 07:37:21,243.43,28.0,252.0,20.0,238.25,84.0,276.89,56.0,247.71,8.569999999999993,112.0,76.0,1.5543262205859103,188,36.0,42.0,0.19,245.5,4.0
2025-02-24 07:37:22,243.9,20.0,252.0,10.0,239.8,90.0,254.0,40.0,247.95,8.099999999999994,110.0,50.0,1.5760615470217738,160,60.0,-28.0,0.38,245.5,
2025-02-24 07:37:23,245.76,17.0,252.0,10.0,241.84,55.0,254.0,40.0,248.88,6.240000000000009,72.0,50.0,1.4051085367331408,122,22.0,-38.0,0.18,245.5,
2025-02-24 07:37:24,250.91,58.0,252.0,13.0,246.52,23.0,254.0,52.0,251.46,1.0900000000000034,81.0,65.0,1.5027142110194522,146,16.0,24.0,0.11,251.0,1.0
2025-02-24 07:37:25,251.0,60.0,252.0,8.0,246.9,81.0,254.0,32.0,251.5,1.0,141.0,40.0,1.859610174203064,181,101.0,35.0,0.56,251.0,
2025-02-24 07:37:26,251.0,112.0,253.5,28.0,247.0,210.0,255.67,63.0,252.25,2.5,322.0,91.0,1.875411954744652,413,231.0,164.0,0.56,253.0,2.0
2025-02-24 07:37:27,251.0,64.0,254.0,24.0,247.0,120.0,257.0,40.0,252.5,3.0,184.0,64.0,1.4372612845264834,248,120.0,-164.0,0.48,253.0,
2025-02-24 07:37:28,251.0,56.0,254.0,21.0,247.0,105.0,257.71,34.0,252.5,3.0,161.0,55.0,0.5232781287215924,216,106.0,-32.0,0.49,253.0,
2025-02-24 07:37:29,251.0,59.0,254.0,30.0,247.26,138.0,297.0,40.0,252.5,3.0,197.0,70.0,0.4330127018902204,267,127.0,51.0,0.48,251.0,3.0
2025-02-24 07:37:30,251.0,45.0,295.54,39.0,247.05,123.0,401.95,37.0,273.27,44.54000000000002,168.0,76.0,9.317206126301803,244,92.0,-23.0,0.38,251.0,
2025-02-24 07:37:31,251.0,47.0,254.0,39.0,249.0,39.0,327.31,29.0,252.5,3.0,86.0,68.0,9.288626378533902,154,18.0,-90.0,0.12,251.0,2.0
2025-02-24 07:37:32,251.0,30.0,254.0,22.0,249.0,30.0,256.0,20.0,252.5,3.0,60.0,42.0,9.288626378533902,102,18.0,-52.0,0.18,254.0,2.0
2025-02-24 07:37:33,251.0,30.0,254.0,10.0,249.0,30.0,256.0,20.0,252.5,3.0,60.0,30.0,9.288626378533902,90,30.0,-12.0,0.33,254.0,
2025-02-24 07:37:34,250.09,33.0,252.37,41.0,247.39,93.0,253.2,20.0,251.23,2.280000000000001,126.0,61.0,9.446636967725391,187,65.0,97.0,0.35,251.0,3.0
2025-02-24 07:37:35,247.28,87.0,250.33,18.0,246.5,80.0,253.36,14.0,248.8,3.050000000000012,167.0,32.0,1.6095589457980837,199,135.0,12.0,0.68,249.0,3.0
2025-02-24 07:37:38,247.0,60.0,250.43,21.0,245.0,48.0,254.08,13.0,248.71,3.430000000000007,108.0,34.0,1.45477489667646,142,74.0,-37.0,0.52,250.0,2.0
2025-02-24 07:37:39,247.0,50.0,256.0,10.0,245.0,40.0,259.0,20.0,251.5,9.0,90.0,30.0,1.567172613339063,120,60.0,-22.0,0.5,250.0,
2025-02-24 07:37:40,247.0,35.0,256.0,7.0,245.0,28.0,259.0,14.0,251.5,9.0,63.0,21.0,1.9522884008259884,84,42.0,-36.0,0.5,250.0,
2025-02-24 07:37:41,247.0,45.0,254.07,30.0,245.0,36.0,255.07,15.0,250.53,7.069999999999993,81.0,45.0,1.78055328479644,126,36.0,42.0,0.29,250.0,
2025-02-24 07:37:42,247.0,45.0,251.0,36.0,245.0,36.0,253.0,9.0,249.0,4.0,81.0,45.0,1.3358031292069996,126,36.0,0.0,0.29,250.0,
2025-02-24 07:37:43,247.0,70.0,249.93,56.0,245.0,56.0,251.8,20.0,248.46,2.930000000000007,126.0,76.0,1.4103616557462302,202,50.0,76.0,0.25,250.0,
2025-02-24 07:37:44,247.0,21.0,250.54,26.0,245.0,52.0,253.48,21.0,248.77,3.539999999999992,73.0,47.0,1.3047873389941986,120,26.0,-82.0,0.22,247.5,8.0
2025-02-24 07:37:45,248.36,11.0,256.83,24.0,245.34,29.0,258.67,12.0,252.6,8.46999999999997,40.0,36.0,1.7207178734468411,76,4.0,-44.0,0.05,247.5,
2025-02-24 07:37:46,250.0,12.0,255.1,41.0,247.0,12.0,258.0,24.0,252.55,5.099999999999994,24.0,65.0,2.1074937722326,89,-41.0,13.0,-0.46,255.0,1.0
2025-02-24 07:37:47,247.0,9.0,255.0,27.0,245.0,36.0,256.73,22.0,251.0,8.0,45.0,49.0,1.991363854246368,94,-4.0,5.0,-0.04,255.0,
2025-02-24 07:37:48,248.2,20.0,254.64,33.0,242.09,22.0,256.75,16.0,251.42,6.439999999999998,42.0,49.0,1.5614640565823477,91,-7.0,-3.0,-0.08,246.67,6.0
2025-02-24 07:37:49,249.0,16.0,253.62,50.0,245.0,16.0,255.55,20.0,251.31,4.6200000000000045,32.0,70.0,0.7456741915866011,102,-38.0,11.0,-0.37,246.67,
2025-02-24 07:37:50,248.76,17.0,250.44,64.0,244.6,20.0,251.86,56.0,249.6,1.6800000000000068,37.0,120.0,1.0583146979980316,157,-83.0,55.0,-0.53,249.0,1.0
2025-02-24 07:37:58,242.11,36.0,254.1,29.0,235.0,36.0,259.4,25.0,248.11,11.98999999999998,72.0,54.0,2.4660129764465104,126,18.0,29.0,0.14,245.0,1.0
2025-02-24 07:37:59,245.28,64.0,254.04,69.0,240.87,30.0,257.35,74.0,249.66,8.759999999999991,94.0,143.0,3.286301872926726,237,-49.0,111.0,-0.21,245.0,
2025-02-24 07:38:00,247.0,66.0,253.0,60.0,245.0,48.0,255.5,48.0,250.0,6.0,114.0,108.0,3.3399955089791478,222,6.0,-15.0,0.03,247.0,3.0
2025-02-24 07:38:01,247.84,128.0,253.0,55.0,246.09,44.0,255.0,33.0,250.42,5.159999999999997,172.0,88.0,2.8035031656839804,260,84.0,38.0,0.32,247.0,
2025-02-24 07:38:02,248.0,188.0,253.0,55.0,247.0,44.0,255.0,33.0,250.5,5.0,232.0,88.0,0.9709376911004324,320,144.0,60.0,0.45,248.0,1.0
2025-02-24 07:38:03,249.14,119.0,253.0,35.0,247.0,28.0,255.0,21.0,251.07,3.8600000000000136,147.0,56.0,0.5344155686347138,203,91.0,-117.0,0.45,248.0,
2025-02-24 07:38:04,250.5,181.0,253.0,65.0,247.0,52.0,255.0,39.0,251.75,2.5,233.0,104.0,0.677547046336245,337,129.0,134.0,0.38,250.0,4.0
2025-02-24 07:38:05,251.0,104.0,252.82,49.0,247.0,44.0,254.23,39.0,251.91,1.8199999999999927,148.0,88.0,0.6887307166075787,236,60.0,-101.0,0.25,251.0,6.0
2025-02-24 07:38:06,251.0,112.0,252.71,35.0,247.0,28.0,255.0,21.0,251.86,1.710000000000008,140.0,56.0,0.6147113143571158,196,84.0,-40.0,0.43,251.0,
2025-02-24 07:38:07,251.0,80.0,252.0,25.0,247.0,20.0,255.0,15.0,251.5,1.0,100.0,40.0,0.3447752891356438,140,60.0,-56.0,0.43,251.0,
2025-02-24 07:38:08,251.0,128.0,255.0,24.0,247.0,32.0,258.0,52.0,253.0,4.0,160.0,76.0,0.5788177606107049,236,84.0,96.0,0.36,252.0,5.0
2025-02-24 07:38:09,251.27,88.0,255.0,21.0,249.46,52.0,258.0,63.0,253.14,3.7299999999999898,140.0,84.0,0.7381869681850657,224,56.0,-12.0,0.25,252.0,
2025-02-24 07:38:10,254.0,20.0,255.0,15.0,251.0,52.0,258.0,45.0,254.5,1.0,72.0,60.0,1.1852425912014903,132,12.0,-92.0,0.09,252.0,
2025-02-24 07:38:11,254.0,35.0,255.0,36.0,251.0,168.0,258.0,108.0,254.5,1.0,203.0,144.0,1.248166655538352,347,59.0,164.0,0.17,254.0,3.0
2025-02-24 07:38:12,254.0,9.0,255.0,27.0,251.0,135.0,258.0,81.0,254.5,1.0,144.0,108.0,0.7848057084384208,252,36.0,-95.0,0.14,254.0,
2025-02-24 07:38:13,251.07,90.0,255.0,29.0,248.94,62.0,258.0,90.0,253.03,3.930000000000007,152.0,119.0,0.7760025773137152,271,33.0,19.0,0.12,252.17,6.0
2025-02-24 07:38:14,251.0,77.0,254.33,18.0,247.0,28.0,257.31,35.0,252.67,3.3300000000000125,105.0,53.0,0.912660944709246,158,52.0,-113.0,0.33,252.17,
2025-02-24 07:38:15,251.0,128.0,252.75,36.0,247.17,48.0,257.33,54.0,251.88,1.75,176.0,90.0,1.1581148474990728,266,86.0,108.0,0.32,251.0,1.0
2025-02-24 07:38:16,251.0,59.0,254.75,24.0,249.0,32.0,256.58,26.0,252.88,3.75,91.0,50.0,0.9524022259517974,141,41.0,-125.0,0.29,251.0,3.0
2025-02-24 07:38:17,252.0,70.0,254.1,30.0,250.27,55.0,257.0,30.0,253.05,2.0999999999999943,125.0,60.0,0.4840144625918305,185,65.0,44.0,0.35,251.0,
2025-02-24 07:38:18,253.0,62.0,254.0,30.0,251.0,70.0,257.0,30.0,253.5,1.0,132.0,60.0,0.5962633646284338,192,72.0,7.0,0.38,253.0,4.0
2025-02-24 07:38:19,253.0,18.0,254.0,18.0,251.0,42.0,257.0,18.0,253.5,1.0,60.0,36.0,0.6640933669281384,96,24.0,-96.0,0.25,253.0,
2025-02-24 07:38:20,252.44,25.0,254.57,21.0,250.83,46.0,258.0,23.0,253.51,2.1299999999999955,71.0,44.0,0.3009485005741377,115,27.0,19.0,0.23,253.0,3.0
2025-02-24 07:38:21,250.81,42.0,258.0,27.0,248.56,41.0,261.0,45.0,254.4,7.189999999999998,83.0,72.0,0.4925139591907099,155,11.0,40.0,0.07,251.0,7.0
2025-02-24 07:38:22,247.0,72.0,257.64,14.0,245.0,120.0,259.5,30.0,252.32,10.639999999999986,192.0,44.0,0.7395809624360047,236,148.0,81.0,0.63,251.0,
2025-02-24 07:38:23,247.76,29.0,257.0,13.0,246.53,129.0,258.0,39.0,252.38,9.240000000000007,158.0,52.0,0.8761392583361678,210,106.0,-26.0,0.5,251.0,
2025-02-24 07:38:24,249.0,10.0,257.0,10.0,247.0,90.0,258.0,30.0,253.0,8.0,100.0,40.0,0.8649393042276952,140,60.0,-70.0,0.43,247.5,4.0
2025-02-24 07:38:25,247.0,48.0,255.88,8.0,245.0,120.0,258.0,24.0,251.44,8.879999999999995,168.0,32.0,1.097050591357602,200,136.0,60.0,0.68,247.5,
2025-02-24 07:38:26,247.83,48.0,254.0,11.0,245.37,129.0,258.09,33.0,250.92,6.169999999999988,177.0,44.0,0.8255422460409522,221,133.0,21.0,0.6,250.33,3.0
2025-02-24 07:38:27,247.0,40.0,252.0,8.0,245.0,120.0,254.0,8.0,249.5,5.0,160.0,16.0,1.3556253169657695,176,144.0,-45.0,0.82,250.33,
2025-02-24 07:38:28,246.11,47.0,250.19,32.0,244.99,151.0,252.45,11.0,248.15,4.079999999999984,198.0,43.0,1.8561034453927632,241,155.0,65.0,0.64,250.33,
2025-02-24 07:38:29,246.55,22.0,253.0,11.0,245.0,165.0,256.67,27.0,249.77,6.449999999999989,187.0,38.0,1.2879945652056035,225,149.0,-16.0,0.66,251.0,1.0
2025-02-24 07:38:30,247.0,20.0,251.9,10.0,245.0,150.0,257.0,30.0,249.45,4.900000000000006,170.0,40.0,0.9871018184561116,210,130.0,-15.0,0.62,251.0,
2025-02-24 07:38:31,247.0,20.0,256.73,22.0,245.0,150.0,260.79,42.0,251.86,9.730000000000018,170.0,64.0,1.3383684096687591,234,106.0,24.0,0.45,251.0,1.0
2025-02-24 07:38:32,252.33,66.0,258.0,51.0,245.14,177.0,261.28,72.0,255.17,5.669999999999988,243.0,123.0,2.742918154083108,366,120.0,132.0,0.33,255.0,4.0
2025-02-24 07:38:33,255.0,44.0,258.0,33.0,248.71,28.0,261.0,44.0,256.5,3.0,72.0,77.0,3.173381477225504,149,-5.0,-164.0,-0.03,255.0,
2025-02-24 07:38:34,255.0,36.0,258.0,27.0,252.52,66.0,261.0,36.0,256.5,3.0,102.0,63.0,3.1263764968406016,165,39.0,16.0,0.24,255.0,
2025-02-24 07:38:35,255.0,32.0,258.0,24.0,253.0,80.0,261.0,32.0,256.5,3.0,112.0,56.0,2.0106168207783024,168,56.0,3.0,0.33,255.0,
2025-02-24 07:38:36,255.0,36.0,257.27,11.0,253.0,90.0,259.18,28.0,256.14,2.269999999999982,126.0,39.0,0.5760381931749577,165,87.0,-3.0,0.53,255.0,
2025-02-24 07:38:37,253.09,94.0,256.5,10.0,251.43,28.0,259.2,30.0,254.79,3.4099999999999966,122.0,40.0,0.741066798606103,162,82.0,-3.0,0.51,255.0,4.0
2025-02-24 07:38:38,253.0,80.0,255.62,8.0,251.0,34.0,260.25,24.0,254.31,2.6200000000000045,114.0,32.0,1.027166004108639,146,82.0,-16.0,0.56,255.0,
2025-02-24 07:38:39,253.0,76.0,254.03,36.0,251.0,40.0,260.0,18.0,253.51,1.0300000000000011,116.0,54.0,1.2527370035234024,170,62.0,24.0,0.36,253.0,6.0
2025-02-24 07:38:40,251.15,54.0,261.0,33.0,247.8,25.0,312.71,34.0,256.07,9.849999999999994,79.0,67.0,1.1377961153022242,146,12.0,-24.0,0.08,253.0,4.0
2025-02-24 07:38:41,251.0,66.0,260.0,56.0,247.0,28.0,263.31,52.0,255.5,9.0,94.0,108.0,1.0000899959488112,202,-14.0,56.0,-0.07,251.0,1.0
2025-02-24 07:38:42,251.53,34.0,259.36,44.0,247.73,22.0,261.0,33.0,255.45,7.8300000000000125,56.0,77.0,1.0354322768761024,133,-21.0,-69.0,-0.16,251.0,2.0
2025-02-24 07:38:43,254.0,39.0,259.0,52.0,251.0,13.0,261.0,39.0,256.5,5.0,52.0,91.0,1.1449148439934886,143,-39.0,10.0,-0.27,251.0,
2025-02-24 07:38:44,251.5,28.0,259.0,60.0,248.24,21.0,261.0,45.0,255.25,7.5,49.0,105.0,0.5165559021020597,154,-56.0,11.0,-0.36,252.4,5.0
2025-02-24 07:38:45,252.77,26.0,259.0,36.0,249.94,17.0,261.0,27.0,255.88,6.22999999999999,43.0,63.0,0.4939939270846273,106,-20.0,-48.0,-0.19,252.4,
2025-02-24 07:38:46,253.38,32.0,258.79,56.0,251.82,34.0,261.81,37.0,256.08,5.410000000000025,66.0,93.0,0.4986682263754538,159,-27.0,53.0,-0.17,253.67,3.0
2025-02-24 07:38:47,253.0,24.0,258.0,48.0,251.0,24.0,261.26,38.0,255.5,5.0,48.0,86.0,0.4895099590370285,134,-38.0,-25.0,-0.28,253.67,
2025-02-24 07:38:48,253.0,16.0,258.0,32.0,251.0,16.0,261.0,32.0,255.5,5.0,32.0,64.0,0.3325958508407873,96,-32.0,-38.0,-0.33,253.67,
2025-02-24 07:38:49,253.0,26.0,257.54,52.0,251.0,26.0,261.0,52.0,255.27,4.5400000000000205,52.0,104.0,0.3267720918262542,156,-52.0,60.0,-0.33,253.67,
2025-02-24 07:38:50,253.0,10.0,260.25,16.0,251.0,10.0,261.22,18.0,256.62,7.25,20.0,34.0,0.5503453461204613,54,-14.0,-102.0,-0.26,253.67,
2025-02-24 07:38:51,251.0,24.0,259.4,30.0,249.36,22.0,261.0,40.0,255.2,8.399999999999977,46.0,70.0,0.576124986436559,116,-24.0,62.0,-0.21,251.4,5.0
2025-02-24 07:38:52,247.0,44.0,256.68,40.0,245.0,30.0,258.11,37.0,251.84,9.680000000000009,74.0,77.0,1.7963796926031042,151,-3.0,35.0,-0.02,251.4,
2025-02-24 07:38:53,247.0,44.0,254.64,44.0,245.0,52.0,256.0,33.0,250.82,7.639999999999986,96.0,77.0,2.4840893703724154,173,19.0,22.0,0.11,251.4,
2025-02-24 07:38:54,247.0,32.0,254.0,32.0,245.0,56.0,256.0,24.0,250.5,7.0,88.0,56.0,2.751922964037619,144,32.0,-29.0,0.22,251.4,
2025-02-24 07:38:55,247.0,40.0,253.25,32.0,245.0,70.0,254.32,38.0,250.12,6.25,110.0,70.0,2.060359191985247,180,40.0,36.0,0.22,251.4,
2025-02-24 07:38:56,247.0,40.0,253.0,30.0,245.0,70.0,254.0,40.0,250.0,6.0,110.0,70.0,0.7366681749597791,180,40.0,0.0,0.22,251.4,
2025-02-24 07:38:57,247.0,26.0,253.3,20.0,245.0,49.0,254.69,29.0,250.15,6.300000000000011,75.0,49.0,0.3367788591920751,124,26.0,-56.0,0.21,252.75,8.0
2025-02-24 07:38:58,247.0,33.0,256.0,22.0,245.0,77.0,258.98,49.0,251.5,9.0,110.0,71.0,0.6136611442796892,181,39.0,57.0,0.22,252.75,
2025-02-24 07:38:59,247.0,54.0,256.0,20.0,245.0,70.0,258.7,46.0,251.5,9.0,124.0,66.0,0.7743255129456676,190,58.0,9.0,0.31,252.75,
2025-02-24 07:39:00,247.0,48.0,255.06,32.0,245.0,112.0,257.83,71.0,251.03,8.060000000000002,160.0,103.0,0.7226548277002656,263,57.0,73.0,0.22,251.0,2.0
2025-02-24 07:39:01,255.0,33.0,256.0,22.0,247.0,33.0,258.0,55.0,255.5,1.0,66.0,77.0,2.06717923751137,143,-11.0,-120.0,-0.08,251.0,
2025-02-24 07:39:02,255.0,39.0,256.63,49.0,247.0,39.0,259.49,43.0,255.82,1.6299999999999957,78.0,92.0,2.3748052551730727,170,-14.0,27.0,-0.08,255.0,3.0
2025-02-24 07:39:03,247.21,38.0,257.75,40.0,245.75,32.0,260.0,32.0,252.48,10.539999999999992,70.0,72.0,2.249995555550625,142,-2.0,-28.0,-0.01,255.0,
2025-02-24 07:39:04,248.0,32.0,253.91,44.0,247.0,48.0,255.0,52.0,250.95,5.909999999999997,80.0,96.0,2.3682546315794752,176,-16.0,34.0,-0.09,255.0,
2025-02-24 07:39:05,248.0,26.0,252.37,38.0,247.0,39.0,254.12,25.0,250.18,4.3700000000000045,65.0,63.0,2.580054262994814,128,2.0,-48.0,0.02,252.2,5.0
2025-02-24 07:39:06,248.55,22.0,255.0,11.0,247.0,33.0,258.6,30.0,251.77,6.449999999999989,55.0,41.0,2.1795985868957777,96,14.0,-32.0,0.15,252.2,5.0
2025-02-24 07:39:07,249.69,26.0,255.15,13.0,247.0,39.0,257.0,26.0,252.42,5.460000000000008,65.0,39.0,0.9882560396974212,104,26.0,8.0,0.25,252.2,
2025-02-24 07:39:08,251.0,32.0,253.75,60.0,247.0,48.0,256.17,24.0,252.38,2.75,80.0,84.0,0.9657380597234634,164,-4.0,60.0,-0.02,252.2,
2025-02-24 07:39:09,249.52,27.0,254.57,35.0,245.64,88.0,258.69,26.0,252.04,5.049999999999983,115.0,61.0,0.9212600067289968,176,54.0,12.0,0.31,251.12,8.0
2025-02-24 07:39:10,253.89,71.0,258.73,30.0,251.15,26.0,261.2,30.0,256.31,4.840000000000032,97.0,60.0,1.8781719836046984,157,37.0,-19.0,0.24,251.12,
2025-02-24 07:39:11,254.0,81.0,261.0,23.0,253.0,26.0,262.0,52.0,257.5,7.0,107.0,75.0,2.572158626523043,182,32.0,25.0,0.18,254.0,2.0
2025-02-24 07:39:12,254.0,25.0,261.0,44.0,253.0,22.0,262.0,44.0,257.5,7.0,47.0,88.0,2.7265142581685247,135,-41.0,-47.0,-0.3,254.0,3.0
2025-02-24 07:39:13,254.0,16.0,261.0,32.0,253.0,16.0,262.0,32.0,257.5,7.0,32.0,64.0,2.365544334819285,96,-32.0,-39.0,-0.33,254.0,
2025-02-24 07:39:14,253.4,15.0,261.0,28.0,252.14,14.0,262.0,28.0,257.2,7.599999999999994,29.0,56.0,0.5152863281661436,85,-27.0,-11.0,-0.32,253.0,5.0
2025-02-24 07:39:15,251.0,24.0,261.0,32.0,247.0,16.0,262.0,32.0,256.0,10.0,40.0,64.0,0.6503845016565104,104,-24.0,19.0,-0.23,253.0,
2025-02-24 07:39:16,251.0,21.0,261.0,28.0,247.0,14.0,262.0,28.0,256.0,10.0,35.0,56.0,0.776530746329591,91,-21.0,-13.0,-0.23,253.0,
2025-02-24 07:39:17,251.0,33.0,261.0,44.0,245.3,107.0,262.0,44.0,256.0,10.0,140.0,88.0,0.7469939758762285,228,52.0,137.0,0.23,253.0,
2025-02-24 07:39:18,251.0,29.0,261.0,36.0,247.0,126.0,262.0,36.0,256.0,10.0,155.0,72.0,0.5366563145958093,227,83.0,-1.0,0.37,253.0,
2025-02-24 07:39:19,251.0,20.0,261.0,20.0,247.0,70.0,262.0,20.0,256.0,10.0,90.0,40.0,0.0,130,50.0,-97.0,0.38,253.0,
2025-02-24 07:39:20,251.0,24.0,261.0,24.0,247.0,84.0,265.44,18.0,256.0,10.0,108.0,42.0,0.0,150,66.0,20.0,0.44,253.0,
2025-02-24 07:39:21,247.32,152.0,260.0,26.0,245.55,152.0,261.0,31.0,253.66,12.680000000000009,304.0,57.0,1.0464798134679796,361,247.0,164.0,0.68,251.0,4.0
2025-02-24 07:39:22,247.0,120.0,260.0,30.0,245.0,110.0,262.0,57.0,253.5,13.0,230.0,87.0,1.3266951420715607,317,143.0,-44.0,0.45,247.0,5.0
2025-02-24 07:39:23,248.05,76.0,259.79,42.0,246.34,134.0,261.76,75.0,253.92,11.740000000000007,210.0,117.0,1.272273555488966,327,93.0,10.0,0.28,247.0,
2025-02-24 07:39:24,249.0,44.0,256.52,23.0,247.0,99.0,258.18,33.0,252.76,7.519999999999982,143.0,56.0,1.2149567893538142,199,87.0,-128.0,0.44,247.0,
2025-02-24 07:39:25,254.0,96.0,257.69,39.0,248.05,76.0,259.71,62.0,255.85,3.6899999999999977,172.0,101.0,1.152484273210243,273,71.0,74.0,0.26,247.0,
2025-02-24 07:39:26,255.0,89.0,256.72,50.0,249.0,52.0,258.72,47.0,255.86,1.7200000000000273,141.0,97.0,1.4108224551646054,238,44.0,-35.0,0.18,255.0,7.0
2025-02-24 07:39:27,255.0,8.0,256.0,32.0,249.0,32.0,259.25,24.0,255.5,1.0,40.0,56.0,1.382902744229123,96,-16.0,-142.0,-0.17,255.0,
2025-02-24 07:39:28,249.32,38.0,258.14,37.0,247.18,89.0,259.74,19.0,253.73,8.819999999999993,127.0,56.0,1.4146200903410318,183,71.0,87.0,0.39,255.0,1.0
2025-02-24 07:39:29,249.0,34.0,257.61,71.0,247.0,126.0,259.43,46.0,253.3,8.610000000000014,160.0,117.0,1.2348562669381322,277,43.0,94.0,0.16,249.0,2.0
2025-02-24 07:39:30,249.0,28.0,256.95,55.0,247.0,126.0,259.09,43.0,252.97,7.949999999999989,154.0,98.0,1.3194203272637477,252,56.0,-25.0,0.22,249.0,
2025-02-24 07:39:31,249.4,40.0,255.0,39.0,247.04,110.0,257.0,52.0,252.2,5.599999999999994,150.0,91.0,1.2304267552346515,241,59.0,-11.0,0.24,249.0,
2025-02-24 07:39:32,250.58,192.0,254.17,36.0,249.0,24.0,257.0,48.0,252.38,3.589999999999975,216.0,84.0,0.6350039369938664,300,132.0,59.0,0.44,249.0,
2025-02-24 07:39:33,251.0,183.0,253.08,52.0,249.0,28.0,255.04,46.0,252.04,2.0800000000000125,211.0,98.0,0.5353690316015246,309,113.0,9.0,0.37,251.0,4.0
2025-02-24 07:39:34,251.0,93.0,253.6,40.0,249.0,20.0,256.32,31.0,252.3,2.5999999999999943,113.0,71.0,0.354429118439908,184,42.0,-125.0,0.23,251.0,9.0
2025-02-24 07:39:35,252.18,17.0,260.0,36.0,250.3,23.0,261.45,33.0,256.09,7.819999999999993,40.0,69.0,1.7309014992187264,109,-29.0,-75.0,-0.27,251.0,
2025-02-24 07:39:36,255.0,9.0,260.0,36.0,253.31,39.0,261.0,27.0,257.5,5.0,48.0,63.0,2.547296606207634,111,-15.0,2.0,-0.14,251.0,
2025-02-24 07:39:37,254.25,24.0,260.0,48.0,252.88,48.0,261.0,36.0,257.12,5.75,72.0,84.0,2.644976370404147,156,-12.0,45.0,-0.08,254.33,3.0
2025-02-24 07:39:38,254.0,18.0,260.0,24.0,251.0,18.0,261.0,18.0,257.0,6.0,36.0,42.0,2.1332182260602406,78,-6.0,-78.0,-0.08,254.33,
2025-02-24 07:39:39,252.12,16.0,260.0,28.0,249.75,16.0,261.0,21.0,256.06,7.8799999999999955,32.0,49.0,0.6468230051529444,81,-17.0,3.0,-0.21,253.25,4.0
2025-02-24 07:39:40,251.0,20.0,260.0,40.0,249.0,20.0,261.0,30.0,255.5,9.0,40.0,70.0,0.8269703743152906,110,-30.0,29.0,-0.27,253.25,
2025-02-24 07:39:41,251.76,33.0,260.0,36.0,250.11,18.0,261.0,27.0,255.88,8.240000000000009,51.0,63.0,0.713386290865922,114,-12.0,4.0,-0.11,253.25,
2025-02-24 07:39:42,252.0,20.0,260.0,16.0,251.0,8.0,261.0,12.0,256.0,8.0,28.0,28.0,0.5543645010240463,56,0.0,-58.0,0.0,253.25,
2025-02-24 07:39:43,252.0,65.0,260.0,52.0,251.0,26.0,261.0,39.0,256.0,8.0,91.0,91.0,0.2265391798250889,182,0.0,126.0,0.0,253.25,
2025-02-24 07:39:44,252.0,60.0,257.75,60.0,251.0,24.0,258.87,87.0,254.88,5.75,84.0,147.0,0.4778284210844437,231,-63.0,49.0,-0.27,253.25,
2025-02-24 07:39:45,251.27,66.0,254.0,90.0,249.11,36.0,257.54,82.0,252.64,2.7299999999999898,102.0,172.0,1.442775103748543,274,-70.0,43.0,-0.26,252.0,5.0
2025-02-24 07:39:46,249.95,41.0,252.69,52.0,248.93,28.0,259.46,52.0,251.32,2.740000000000009,69.0,104.0,2.101504223169085,173,-35.0,-101.0,-0.2,253.0,2.0
2025-02-24 07:39:47,250.0,27.0,252.0,32.0,249.0,18.0,253.0,27.0,251.0,2.0,45.0,59.0,2.199163477324601,104,-14.0,-69.0,-0.13,252.0,1.0
2025-02-24 07:39:48,249.56,27.0,251.45,33.0,248.45,22.0,257.62,39.0,250.51,1.8899999999999864,49.0,72.0,1.7579817974027652,121,-23.0,17.0,-0.19,250.0,3.0
2025-02-24 07:39:49,248.9,20.0,251.83,30.0,247.08,26.0,261.09,44.0,250.37,2.930000000000007,46.0,74.0,0.906625611815754,120,-28.0,-1.0,-0.23,249.33,3.0
2025-02-24 07:39:50,246.12,32.0,260.0,40.0,243.77,124.0,261.0,30.0,253.06,13.879999999999995,156.0,70.0,1.0799861110219071,226,86.0,106.0,0.38,246.2,5.0
2025-02-24 07:39:51,245.41,49.0,260.0,44.0,243.11,181.0,261.0,33.0,252.7,14.590000000000003,230.0,77.0,1.262604451124723,307,153.0,81.0,0.5,246.2,
2025-02-24 07:39:52,247.2,30.0,260.13,46.0,244.88,48.0,262.25,40.0,253.67,12.930000000000009,78.0,86.0,1.521535408723528,164,-8.0,-143.0,-0.05,248.33,3.0
2025-02-24 07:39:53,246.65,40.0,260.26,34.0,245.0,70.0,263.0,50.0,253.46,13.609999999999983,110.0,84.0,1.3290485318448482,194,26.0,30.0,0.13,248.33,
2025-02-24 07:39:54,247.59,17.0,260.0,50.0,246.0,40.0,265.8,50.0,253.79,12.409999999999997,57.0,100.0,0.4510321496283136,157,-43.0,-37.0,-0.27,247.67,3.0
2025-02-24 07:39:55,247.0,44.0,260.0,50.0,245.0,123.0,264.0,50.0,253.5,13.0,167.0,100.0,0.4259460059658518,267,67.0,110.0,0.25,247.0,3.0
2025-02-24 07:39:56,247.0,18.0,260.0,30.0,245.0,117.0,459.0,9.0,253.5,13.0,135.0,39.0,0.1408190327978293,174,96.0,-93.0,0.55,247.0,
2025-02-24 07:39:57,247.0,22.0,260.0,22.0,245.0,129.0,356.29,28.0,253.5,13.0,151.0,50.0,0.1352774925778342,201,101.0,27.0,0.5,247.0,
2025-02-24 07:39:58,247.0,16.0,259.45,22.0,245.0,48.0,262.14,21.0,253.23,12.449999999999989,64.0,43.0,0.1980656456788743,107,21.0,-94.0,0.2,247.0,
2025-02-24 07:39:59,247.71,42.0,259.0,86.0,245.71,56.0,262.3,43.0,253.36,11.289999999999992,98.0,129.0,0.12132600709769,227,-31.0,120.0,-0.14,247.0,
2025-02-24 07:40:00,248.12,24.0,258.29,42.0,247.0,16.0,259.57,42.0,253.21,10.170000000000016,40.0,84.0,0.1401784576827784,124,-44.0,-103.0,-0.35,247.0,
2025-02-24 07:40:01,249.0,48.0,256.65,86.0,247.0,32.0,258.43,67.0,252.83,7.649999999999977,80.0,153.0,0.2500599927986188,233,-73.0,109.0,-0.31,247.0,
2025-02-24 07:40:02,249.0,39.0,254.85,65.0,247.0,26.0,257.69,26.0,251.92,5.849999999999994,65.0,91.0,0.5876648704820975,156,-26.0,-77.0,-0.17,247.0,
2025-02-24 07:40:03,249.0,30.0,253.41,22.0,247.0,20.0,254.59,41.0,251.2,4.409999999999997,50.0,63.0,0.9190919431695196,113,-13.0,-43.0,-0.12,247.0,
2025-02-24 07:40:04,249.0,35.0,250.84,32.0,247.0,24.0,251.85,41.0,249.92,1.8400000000000036,59.0,73.0,1.3187607819463458,132,-14.0,19.0,-0.11,249.0,1.0
2025-02-24 07:40:05,247.53,30.0,250.0,44.0,246.42,19.0,256.22,41.0,248.77,2.469999999999999,49.0,85.0,1.6084682154150505,134,-36.0,2.0,-0.27,249.0,2.0
2025-02-24 07:40:07,246.0,11.0,250.0,47.0,245.0,187.0,258.95,21.0,248.0,4.0,198.0,68.0,1.3853158484626906,266,130.0,146.0,0.49,249.0,
2025-02-24 07:40:10,247.36,128.0,253.91,23.0,216.19,143.0,256.84,49.0,250.64,6.549999999999983,271.0,72.0,1.8544540975724089,343,199.0,-81.0,0.58,252.0,3.0
2025-02-24 07:40:11,255.0,45.0,256.0,18.0,253.0,108.0,257.0,37.0,255.5,1.0,153.0,55.0,3.940256336839246,208,98.0,-135.0,0.47,252.0,
2025-02-24 07:40:12,255.0,39.0,256.0,12.0,253.0,72.0,257.0,30.0,255.5,1.0,111.0,42.0,4.68861600048464,153,69.0,-55.0,0.45,252.0,
2025-02-24 07:40:13,255.0,126.0,256.0,18.0,253.0,108.0,257.0,36.0,255.5,1.0,234.0,54.0,4.249432903341225,288,180.0,135.0,0.62,252.0,
2025-02-24 07:40:14,255.0,158.0,256.0,24.0,253.0,144.0,257.0,60.0,255.5,1.0,302.0,84.0,2.173458074129211,386,218.0,98.0,0.56,255.0,1.0
2025-02-24 07:40:15,255.0,146.0,256.0,24.0,253.0,144.0,257.0,60.0,255.5,1.0,290.0,84.0,0.0,374,206.0,-12.0,0.55,255.0,1.0
2025-02-24 07:40:16,255.0,153.0,256.0,26.0,253.0,156.0,257.0,65.0,255.5,1.0,309.0,91.0,0.0,400,218.0,26.0,0.55,255.0,1.0
2025-02-24 07:40:17,255.0,99.0,256.0,18.0,253.0,108.0,257.0,45.0,255.5,1.0,207.0,63.0,0.0,270,144.0,-130.0,0.53,255.0,
2025-02-24 07:40:18,255.0,54.0,256.0,20.0,253.0,120.0,257.0,50.0,255.5,1.0,174.0,70.0,0.0,244,104.0,-26.0,0.43,255.0,8.0
2025-02-24 07:40:19,255.0,27.0,256.0,18.0,253.0,108.0,257.0,45.0,255.5,1.0,135.0,63.0,0.0,198,72.0,-46.0,0.36,255.0,
2025-02-24 07:40:20,254.06,51.0,256.0,22.0,252.66,130.0,257.0,55.0,255.03,1.9399999999999975,181.0,77.0,0.2101903898771074,258,104.0,60.0,0.4,255.0,3.0
2025-02-24 07:40:21,253.0,132.0,256.0,22.0,251.0,121.0,257.0,55.0,254.5,3.0,253.0,77.0,0.4440495467815154,330,176.0,72.0,0.53,255.0,
2025-02-24 07:40:22,253.0,44.0,256.0,8.0,251.0,44.0,257.0,20.0,254.5,3.0,88.0,28.0,0.50017996760871,116,60.0,-164.0,0.52,253.0,1.0
2025-02-24 07:40:23,253.0,84.0,256.0,18.0,251.0,99.0,257.0,45.0,254.5,3.0,183.0,63.0,0.4507549223216875,246,120.0,130.0,0.49,253.0,3.0
2025-02-24 07:40:24,252.2,45.0,255.18,22.0,250.96,101.0,256.57,28.0,253.69,2.980000000000018,146.0,50.0,0.4799270777915688,196,96.0,-50.0,0.49,252.6,10.0
2025-02-24 07:40:25,251.0,45.0,255.0,10.0,249.0,5.0,257.0,10.0,253.0,4.0,50.0,20.0,0.6780265481512597,70,30.0,-126.0,0.43,252.6,
2025-02-24 07:40:26,251.0,99.0,255.0,22.0,249.0,11.0,257.0,22.0,253.0,4.0,110.0,44.0,0.7504798464970087,154,66.0,84.0,0.43,252.6,
2025-02-24 07:40:27,251.29,42.0,254.0,32.0,250.91,88.0,257.0,32.0,252.64,2.710000000000008,130.0,64.0,0.7392428558995262,194,66.0,40.0,0.34,252.6,
2025-02-24 07:40:28,252.0,8.0,254.0,16.0,251.0,56.0,257.0,22.0,253.0,2.0,64.0,38.0,0.3820732913967324,102,26.0,-92.0,0.25,252.6,
2025-02-24 07:40:29,251.02,64.0,254.9,20.0,249.88,16.0,258.17,36.0,252.96,3.879999999999996,80.0,56.0,0.1574801574765796,136,24.0,34.0,0.18,252.67,3.0
2025-02-24 07:40:30,251.0,91.0,256.14,44.0,249.0,13.0,259.17,36.0,253.57,5.139999999999986,104.0,80.0,0.3355294323882075,184,24.0,48.0,0.13,256.0,1.0
2025-02-24 07:40:31,251.0,49.0,254.82,11.0,249.0,7.0,256.14,21.0,252.91,3.819999999999993,56.0,32.0,0.3401911227512674,88,24.0,-96.0,0.27,256.0,
2025-02-24 07:40:32,251.0,98.0,253.93,30.0,249.0,14.0,257.48,44.0,252.47,2.930000000000007,112.0,74.0,0.3917524728687679,186,38.0,98.0,0.2,252.0,1.0
2025-02-24 07:40:33,250.9,59.0,253.27,33.0,248.28,29.0,259.59,34.0,252.09,2.3700000000000045,88.0,67.0,0.5575840743770785,155,21.0,-31.0,0.14,252.0,
2025-02-24 07:40:34,250.27,22.0,254.81,16.0,248.63,19.0,259.31,29.0,252.54,4.539999999999992,41.0,45.0,0.5590885439704608,86,-4.0,-69.0,-0.05,252.33,3.0
2025-02-24 07:40:35,251.0,8.0,259.0,16.0,249.0,8.0,260.0,24.0,255.0,8.0,16.0,40.0,1.1541966903430214,56,-24.0,-30.0,-0.43,252.33,
2025-02-24 07:40:36,254.88,33.0,259.36,28.0,251.52,21.0,260.16,51.0,257.12,4.480000000000018,54.0,79.0,2.164100274940628,133,-25.0,77.0,-0.19,252.33,
2025-02-24 07:40:37,252.2,20.0,259.0,10.0,248.36,22.0,260.0,20.0,255.6,6.800000000000011,42.0,30.0,2.119528249398334,72,12.0,-61.0,0.17,251.8,5.0
2025-02-24 07:40:38,247.57,14.0,259.0,10.0,246.28,58.0,260.0,20.0,253.29,11.430000000000009,72.0,30.0,1.8309560344250149,102,42.0,30.0,0.41,247.4,5.0
2025-02-24 07:40:39,246.54,13.0,257.46,13.0,245.88,51.0,260.7,37.0,252.0,10.919999999999987,64.0,50.0,1.9991548214176615,114,14.0,12.0,0.12,246.2,5.0
2025-02-24 07:40:40,246.0,36.0,255.54,24.0,243.0,12.0,256.46,39.0,250.77,9.539999999999992,48.0,63.0,2.5948853539218724,111,-15.0,-3.0,-0.14,246.2,
2025-02-24 07:40:41,245.29,17.0,254.0,7.0,228.56,9.0,258.0,14.0,249.65,8.710000000000008,26.0,21.0,2.308477853478266,47,5.0,-64.0,0.11,245.25,4.0
2025-02-24 07:40:42,249.31,122.0,254.0,16.0,230.56,18.0,258.0,42.0,251.66,4.689999999999998,140.0,58.0,1.3630590596156735,198,82.0,151.0,0.41,242.0,1.0
2025-02-24 07:40:43,250.0,176.0,253.0,44.0,243.67,21.0,254.0,11.0,251.5,3.0,197.0,55.0,0.9345747696148712,252,142.0,54.0,0.56,242.0,
2025-02-24 07:40:44,250.0,144.0,253.0,36.0,244.0,27.0,254.0,9.0,251.5,3.0,171.0,45.0,0.8381109711731357,216,126.0,-36.0,0.58,242.0,
2025-02-24 07:40:45,250.0,186.0,252.03,39.0,243.68,22.0,253.56,27.0,251.01,2.030000000000001,208.0,66.0,0.8273028466049996,274,142.0,58.0,0.52,250.0,1.0
2025-02-24 07:40:46,249.89,130.0,251.64,44.0,242.38,13.0,255.78,36.0,250.76,1.75,143.0,80.0,0.3822041339396269,223,63.0,-51.0,0.28,250.0,1.0
2025-02-24 07:40:47,249.96,77.0,256.26,76.0,249.11,90.0,259.6,63.0,253.11,6.299999999999983,167.0,139.0,0.9152759146838236,306,28.0,83.0,0.09,253.0,8.0
2025-02-24 07:40:48,251.83,48.0,261.0,60.0,250.0,72.0,262.0,36.0,256.42,9.169999999999987,120.0,96.0,2.343512321281777,216,24.0,-90.0,0.11,253.0,
2025-02-24 07:40:49,252.0,22.0,260.57,35.0,250.0,42.0,261.44,27.0,256.29,8.569999999999993,64.0,62.0,2.746301148817929,126,2.0,-90.0,0.02,252.0,3.0
2025-02-24 07:40:50,252.0,8.0,260.0,40.0,250.0,48.0,261.0,40.0,256.0,8.0,56.0,80.0,2.502944266258788,136,-24.0,10.0,-0.18,252.0,
2025-02-24 07:40:51,252.0,9.0,260.0,45.0,250.0,54.0,261.0,45.0,256.0,8.0,63.0,90.0,1.3840267338446857,153,-27.0,17.0,-0.18,252.0,
2025-02-24 07:40:52,252.0,8.0,259.62,40.0,250.0,48.0,262.0,40.0,255.81,7.620000000000003,56.0,80.0,0.246231598289727,136,-24.0,-17.0,-0.18,252.0,
2025-02-24 07:40:53,243.03,32.0,258.56,45.0,236.21,19.0,262.44,45.0,250.79,15.53,51.0,90.0,2.3474390300916044,141,-39.0,5.0,-0.28,248.2,10.0
2025-02-24 07:40:54,243.33,36.0,258.0,60.0,236.0,42.0,262.0,60.0,250.67,14.669999999999987,78.0,120.0,2.8531789288438336,198,-42.0,57.0,-0.21,248.2,
2025-02-24 07:40:55,255.0,12.0,256.75,60.0,243.0,60.0,259.08,60.0,255.88,1.75,72.0,120.0,2.8310333802338787,192,-48.0,-6.0,-0.25,248.2,
2025-02-24 07:40:56,244.11,84.0,255.71,70.0,206.5,70.0,258.33,60.0,249.91,11.599999999999994,154.0,130.0,2.970643028032746,284,24.0,92.0,0.08,255.0,1.0
2025-02-24 07:40:57,245.0,235.0,252.43,53.0,234.51,41.0,255.25,64.0,248.72,7.430000000000007,276.0,117.0,2.7461664188466157,393,159.0,109.0,0.4,255.0,
2025-02-24 07:41:00,247.93,127.0,251.22,72.0,243.0,60.0,258.6,136.0,249.58,3.289999999999992,187.0,208.0,1.1447707194032863,395,-21.0,135.0,-0.05,247.67,6.0
2025-02-24 07:41:01,248.0,43.0,257.0,82.0,242.35,23.0,259.0,83.0,252.5,9.0,66.0,165.0,2.0759865124809087,231,-99.0,-164.0,-0.43,249.0,5.0
2025-02-24 07:41:02,243.0,10.0,257.0,60.0,242.0,50.0,259.0,90.0,250.0,14.0,60.0,150.0,2.0888944444376345,210,-90.0,-21.0,-0.43,249.0,
2025-02-24 07:41:03,244.22,32.0,257.0,72.0,243.71,17.0,259.0,108.0,250.61,12.78,49.0,180.0,1.80563562215687,229,-131.0,19.0,-0.57,249.0,
2025-02-24 07:41:04,249.65,17.0,257.0,84.0,246.84,19.0,259.0,126.0,253.32,7.349999999999994,36.0,210.0,1.6276424668829237,246,-174.0,17.0,-0.71,249.0,
2025-02-24 07:41:05,245.92,50.0,257.0,78.0,243.49,49.0,259.0,117.0,251.46,11.080000000000013,99.0,195.0,1.353299671174271,294,-96.0,48.0,-0.33,251.5,8.0
2025-02-24 07:41:06,243.0,75.0,254.72,58.0,241.0,15.0,257.93,95.0,248.86,11.72,90.0,153.0,1.674305826305659,243,-63.0,-51.0,-0.26,244.0,2.0
2025-02-24 07:41:07,254.53,127.0,257.0,47.0,242.27,51.0,258.64,55.0,255.76,2.469999999999999,178.0,102.0,2.6440158849749658,280,76.0,37.0,0.27,255.0,4.0
2025-02-24 07:41:08,255.0,99.0,256.08,49.0,242.0,65.0,257.97,64.0,255.54,1.079999999999984,164.0,113.0,2.9018132262430365,277,51.0,-3.0,0.18,255.0,3.0
2025-02-24 07:41:09,255.0,36.0,256.0,30.0,250.25,20.0,258.0,36.0,255.5,1.0,56.0,66.0,3.119756400746477,122,-10.0,-155.0,-0.08,255.0,
2025-02-24 07:41:10,255.0,66.0,256.0,55.0,253.0,33.0,258.0,66.0,255.5,1.0,99.0,121.0,3.0049825290669934,220,-22.0,98.0,-0.1,255.0,
2025-02-24 07:41:11,255.0,54.0,256.0,45.0,253.0,27.0,258.0,54.0,255.5,1.0,81.0,99.0,0.1131370849752814,180,-18.0,-40.0,-0.1,255.0,
2025-02-24 07:41:12,255.0,54.0,256.0,45.0,253.0,27.0,258.0,54.0,255.5,1.0,81.0,99.0,0.0178885437291745,180,-18.0,0.0,-0.1,255.0,
2025-02-24 07:41:13,255.0,26.0,256.0,30.0,253.0,18.0,258.0,6.0,255.5,1.0,44.0,36.0,0.0,80,8.0,-100.0,0.1,255.0,2.0
2025-02-24 07:41:14,255.0,28.0,256.0,35.0,253.0,21.0,258.0,23.0,255.5,1.0,49.0,58.0,0.0,107,-9.0,27.0,-0.08,255.0,
2025-02-24 07:41:15,254.45,33.0,256.0,45.0,251.92,39.0,258.0,45.0,255.23,1.5500000000000114,72.0,90.0,0.120747670771773,162,-18.0,55.0,-0.11,255.0,4.0
2025-02-24 07:41:16,253.0,29.0,255.58,26.0,251.0,70.0,256.7,46.0,254.29,2.5800000000000125,99.0,72.0,0.5241469259635486,171,27.0,9.0,0.16,253.0,1.0
2025-02-24 07:41:17,253.0,15.0,256.5,50.0,251.0,70.0,258.14,14.0,254.75,3.5,85.0,64.0,0.5255758746338911,149,21.0,-22.0,0.14,253.0,1.0
2025-02-24 07:41:18,253.0,11.0,255.73,55.0,251.0,77.0,257.0,55.0,254.36,2.7299999999999898,88.0,110.0,0.5309708089880115,198,-22.0,49.0,-0.11,253.0,
2025-02-24 07:41:19,251.08,25.0,254.56,45.0,249.36,39.0,257.0,45.0,252.82,3.4799999999999898,64.0,90.0,0.9029119558394798,154,-26.0,-44.0,-0.17,251.4,5.0
2025-02-24 07:41:20,250.68,25.0,253.88,40.0,248.0,35.0,257.92,36.0,252.28,3.1999999999999886,60.0,76.0,1.0813186394390957,136,-16.0,-18.0,-0.12,251.0,3.0
2025-02-24 07:41:21,249.0,44.0,258.69,16.0,244.0,77.0,260.56,63.0,253.84,9.689999999999998,121.0,79.0,1.037786105128846,200,42.0,64.0,0.21,251.0,
2025-02-24 07:41:22,255.91,88.0,258.38,45.0,249.0,80.0,260.11,102.0,257.14,2.469999999999999,168.0,147.0,1.892543262384784,315,21.0,115.0,0.07,257.0,2.0
2025-02-24 07:41:23,252.79,19.0,259.0,70.0,245.36,77.0,260.0,14.0,255.89,6.210000000000008,96.0,84.0,2.0634873394323896,180,12.0,-135.0,0.07,254.0,9.0
2025-02-24 07:41:24,251.0,6.0,257.67,6.0,249.0,6.0,258.83,30.0,254.33,6.670000000000016,12.0,36.0,1.8776661045024736,48,-24.0,-132.0,-0.5,254.0,
2025-02-24 07:41:25,251.0,13.0,255.77,13.0,249.0,13.0,258.0,65.0,253.38,4.77000000000001,26.0,78.0,1.5616753824010023,104,-52.0,56.0,-0.5,254.0,
2025-02-24 07:41:26,242.35,51.0,254.0,9.0,241.31,51.0,259.33,45.0,248.18,11.650000000000006,102.0,54.0,3.4483372804872574,156,48.0,52.0,0.31,247.33,3.0
2025-02-24 07:41:27,242.0,77.0,252.82,11.0,241.0,77.0,259.27,55.0,247.41,10.819999999999991,154.0,66.0,3.807711911371436,220,88.0,64.0,0.4,247.33,
2025-02-24 07:41:28,242.0,77.0,258.26,34.0,241.0,77.0,260.65,23.0,250.13,16.25999999999999,154.0,57.0,3.0764313741738016,211,97.0,-9.0,0.46,252.0,1.0
2025-02-24 07:41:29,243.49,43.0,255.36,28.0,241.57,81.0,256.14,49.0,249.42,11.870000000000005,124.0,77.0,2.3108504927843496,201,47.0,-10.0,0.23,252.0,
2025-02-24 07:41:30,246.25,12.0,252.21,14.0,242.0,24.0,253.96,45.0,249.23,5.960000000000008,36.0,59.0,1.0755603190906309,95,-23.0,-106.0,-0.24,252.0,
2025-02-24 07:41:31,243.23,44.0,250.61,44.0,241.55,40.0,252.0,15.0,246.92,7.380000000000024,84.0,59.0,1.3825953854987882,143,25.0,48.0,0.17,250.0,1.0
2025-02-24 07:41:35,242.0,117.0,252.48,23.0,236.0,46.0,254.53,53.0,247.24,10.47999999999999,163.0,76.0,1.249207748937177,239,87.0,50.0,0.36,251.67,3.0
2025-02-24 07:41:36,242.0,156.0,254.0,36.0,241.0,12.0,255.0,84.0,248.0,12.0,168.0,120.0,1.5361380146342738,288,48.0,49.0,0.17,251.67,
2025-02-24 07:41:37,242.0,104.0,254.0,24.0,241.0,8.0,255.0,56.0,248.0,12.0,112.0,80.0,1.7526323059912534,192,32.0,-96.0,0.17,251.67,
2025-02-24 07:41:38,242.78,59.0,254.0,24.0,241.93,56.0,255.0,56.0,248.39,11.22,115.0,80.0,1.579898730932972,195,35.0,3.0,0.18,251.67,
2025-02-24 07:41:39,243.01,117.0,254.0,27.0,238.19,54.0,255.0,63.0,248.5,10.990000000000007,171.0,90.0,0.494044532408754,261,81.0,66.0,0.31,251.67,
2025-02-24 07:41:40,244.0,3.0,254.0,9.0,243.0,42.0,255.0,21.0,249.0,10.0,45.0,30.0,0.414632367287826,75,15.0,-164.0,0.2,251.67,
2025-02-24 07:41:41,244.0,12.0,254.0,36.0,243.0,168.0,255.0,40.0,249.0,10.0,180.0,76.0,0.4276914775893227,256,104.0,164.0,0.41,251.67,
2025-02-24 07:41:42,243.01,142.0,254.0,39.0,239.36,33.0,255.0,49.0,248.51,10.990000000000007,175.0,88.0,0.2958884925144135,263,87.0,7.0,0.33,243.17,6.0
2025-02-24 07:41:43,244.0,14.0,254.0,21.0,243.0,61.0,255.0,56.0,249.0,10.0,75.0,77.0,0.2711457172856337,152,-2.0,-111.0,-0.01,243.17,
2025-02-24 07:41:44,245.0,16.0,254.0,24.0,243.0,64.0,255.0,64.0,249.5,9.0,80.0,88.0,0.3500285702655736,168,-8.0,16.0,-0.05,243.17,
2025-02-24 07:41:45,246.67,18.0,252.71,31.0,243.0,72.0,254.9,62.0,249.69,6.0400000000000205,90.0,93.0,0.4658862522140324,183,-3.0,15.0,-0.02,243.17,
2025-02-24 07:41:48,243.0,79.0,251.85,26.0,241.0,11.0,254.6,53.0,247.42,8.849999999999994,90.0,79.0,1.6066829183143438,169,11.0,-10.0,0.07,243.17,
2025-02-24 07:41:50,251.0,30.0,252.0,21.0,243.0,35.0,255.0,56.0,251.5,1.0,65.0,77.0,2.3026332751880902,142,-12.0,-8.0,-0.08,251.0,2.0
2025-02-24 07:41:51,251.0,40.0,252.0,24.0,241.0,59.0,255.0,80.0,251.5,1.0,99.0,104.0,2.8371957986721026,203,-5.0,61.0,-0.02,252.0,2.0
2025-02-24 07:41:52,251.0,32.0,252.0,8.0,241.29,41.0,255.0,64.0,251.5,1.0,73.0,72.0,2.732090774480548,145,1.0,-58.0,0.01,252.0,
2025-02-24 07:41:53,251.0,20.0,252.0,5.0,245.57,7.0,255.0,40.0,251.5,1.0,27.0,45.0,2.5401732224399574,72,-18.0,-73.0,-0.25,252.0,
2025-02-24 07:41:54,251.0,36.0,254.86,44.0,249.0,9.0,255.32,47.0,252.93,3.8600000000000136,45.0,91.0,0.6395154415647557,136,-46.0,64.0,-0.34,252.0,1.0
2025-02-24 07:41:55,251.0,36.0,254.0,9.0,249.0,9.0,255.0,52.0,252.5,3.0,45.0,61.0,0.6826272775091822,106,-16.0,-30.0,-0.15,252.0,
2025-02-24 07:41:56,245.82,34.0,251.93,14.0,241.3,80.0,253.19,16.0,248.88,6.110000000000014,114.0,30.0,1.573378530424271,144,84.0,38.0,0.58,250.6,5.0
2025-02-24 07:42:01,240.59,34.0,254.41,85.0,237.14,44.0,256.37,76.0,247.5,13.819999999999991,78.0,161.0,1.1997791463451462,239,-83.0,121.0,-0.35,245.0,1.0
2025-02-24 07:42:02,240.87,55.0,255.12,49.0,236.6,50.0,257.23,62.0,248.0,14.25,105.0,111.0,1.580854199477106,216,-6.0,-23.0,-0.03,254.14,7.0
2025-02-24 07:42:03,240.0,156.0,252.37,27.0,236.0,162.0,255.85,54.0,246.19,12.370000000000005,318.0,81.0,1.5332547081304744,399,237.0,164.0,0.59,252.0,2.0
2025-02-24 07:42:04,240.0,150.0,252.0,16.0,237.09,66.0,254.0,16.0,246.0,12.0,216.0,32.0,1.4010817249554397,248,184.0,-151.0,0.74,252.0,
2025-02-24 07:42:05,240.25,158.0,252.0,20.0,239.44,128.0,254.0,65.0,246.13,11.75,286.0,85.0,0.9198532491674116,371,201.0,123.0,0.54,252.0,
2025-02-24 07:42:06,243.0,62.0,252.0,28.0,240.0,190.0,254.0,98.0,247.5,9.0,252.0,126.0,0.9198532491674116,378,126.0,7.0,0.33,243.0,4.0
2025-02-24 07:42:07,243.3,10.0,252.0,20.0,240.1,87.0,254.0,56.0,247.65,8.699999999999989,97.0,76.0,0.8089066695261588,173,21.0,-164.0,0.12,243.0,
2025-02-24 07:42:08,245.44,16.0,252.0,32.0,244.06,16.0,254.0,130.0,248.72,6.560000000000002,32.0,162.0,1.13883712619649,194,-130.0,21.0,-0.67,243.0,
2025-02-24 07:42:09,247.15,13.0,252.0,26.0,245.62,13.0,254.0,130.0,249.58,4.849999999999994,26.0,156.0,1.308522067067622,182,-130.0,-12.0,-0.71,243.0,
2025-02-24 07:42:10,249.28,102.0,252.0,24.0,247.25,12.0,254.0,120.0,250.64,2.719999999999999,114.0,144.0,1.323941086303397,258,-30.0,76.0,-0.12,243.0,
2025-02-24 07:42:11,250.04,125.0,252.4,40.0,249.58,57.0,255.33,162.0,251.22,2.3600000000000136,182.0,202.0,1.4384088431324598,384,-20.0,126.0,-0.05,252.0,6.0
2025-02-24 07:42:12,251.98,100.0,253.74,76.0,248.89,28.0,280.22,54.0,252.86,1.760000000000019,128.0,130.0,1.5865308065086292,258,-2.0,-126.0,-0.01,252.0,
2025-02-24 07:42:13,252.0,103.0,253.0,52.0,246.0,13.0,254.0,104.0,252.5,1.0,116.0,156.0,1.3468481725867791,272,-40.0,14.0,-0.15,252.0,6.0
2025-02-24 07:42:14,252.0,28.0,253.0,28.0,247.41,17.0,254.0,56.0,252.5,1.0,45.0,84.0,0.959416489330844,129,-39.0,-143.0,-0.3,252.0,
2025-02-24 07:42:15,248.31,52.0,250.67,36.0,246.6,20.0,253.36,44.0,249.49,2.359999999999985,72.0,80.0,1.390963694709564,152,-8.0,23.0,-0.05,252.0,4.0
2025-02-24 07:42:16,248.0,72.0,250.0,48.0,246.0,12.0,252.67,24.0,249.0,2.0,84.0,72.0,1.86247147629176,156,12.0,4.0,0.08,252.0,
2025-02-24 07:42:18,248.0,38.0,251.38,45.0,246.0,13.0,253.19,47.0,249.69,3.3799999999999955,51.0,92.0,1.4939109745903274,143,-41.0,82.0,-0.29,248.0,5.0
2025-02-24 07:42:20,247.76,34.0,250.38,24.0,244.34,58.0,254.0,37.0,249.07,2.6200000000000045,92.0,61.0,0.4727895937963208,153,31.0,66.0,0.2,248.0,
2025-02-24 07:42:23,244.53,55.0,254.42,52.0,242.98,205.0,256.3,79.0,249.48,9.889999999999986,260.0,131.0,0.8186391146301213,391,129.0,164.0,0.33,250.5,2.0
2025-02-24 07:42:24,245.0,24.0,253.0,8.0,243.0,96.0,254.0,8.0,249.0,8.0,120.0,16.0,0.8336486070295505,136,104.0,-164.0,0.76,250.5,
2025-02-24 07:42:25,245.31,39.0,253.0,13.0,243.0,156.0,254.0,13.0,249.15,7.689999999999998,195.0,26.0,0.8439016530392032,221,169.0,85.0,0.76,250.5,
2025-02-24 07:42:26,246.0,33.0,252.91,11.0,243.27,111.0,253.91,11.0,249.45,6.909999999999997,144.0,22.0,0.8952373986838144,166,122.0,-55.0,0.73,250.5,
2025-02-24 07:42:27,246.91,33.0,251.65,20.0,242.69,134.0,254.79,43.0,249.28,4.740000000000009,167.0,63.0,0.2024104740419379,230,104.0,64.0,0.45,250.5,
2025-02-24 07:42:28,249.62,39.0,251.0,64.0,240.61,171.0,252.5,16.0,250.31,1.3799999999999957,210.0,80.0,0.5148494925721221,290,130.0,60.0,0.45,250.0,1.0
2025-02-24 07:42:29,247.0,39.0,254.0,9.0,241.0,9.0,255.0,27.0,250.5,7.0,48.0,36.0,0.6217475371897828,84,12.0,-164.0,0.14,248.5,4.0
2025-02-24 07:42:30,237.49,82.0,251.95,20.0,236.84,261.0,252.73,22.0,244.72,14.45999999999998,343.0,42.0,2.3693817759074207,385,301.0,164.0,0.78,248.5,
2025-02-24 07:42:34,241.0,78.0,252.93,14.0,237.24,87.0,341.67,18.0,246.96,11.930000000000009,165.0,32.0,1.894576469822576,197,133.0,-91.0,0.68,251.0,9.0
2025-02-24 07:42:35,244.5,32.0,256.0,6.0,239.5,24.0,395.0,6.0,250.25,11.5,56.0,12.0,3.229555696996817,68,44.0,-129.0,0.65,251.0,
2025-02-24 07:42:36,255.0,60.0,256.0,15.0,241.73,90.0,331.88,16.0,255.5,1.0,150.0,31.0,5.141454074481547,181,119.0,113.0,0.66,251.0,
2025-02-24 07:42:37,255.0,48.0,256.0,12.0,243.14,74.0,416.0,18.0,255.5,1.0,122.0,30.0,5.7834954828374725,152,92.0,-29.0,0.61,251.0,
2025-02-24 07:42:38,255.0,17.0,256.0,5.0,248.0,35.0,469.0,5.0,255.5,1.0,52.0,10.0,3.9516224516013096,62,42.0,-90.0,0.68,255.0,1.0
2025-02-24 07:42:39,252.43,28.0,256.0,13.0,248.78,64.0,420.57,14.0,254.21,3.569999999999993,92.0,27.0,2.2733389540494358,119,65.0,57.0,0.55,253.0,6.0
2025-02-24 07:42:40,251.0,22.0,256.0,11.0,249.0,22.0,319.82,11.0,253.5,5.0,44.0,22.0,0.9353181276967528,66,22.0,-53.0,0.33,253.0,
2025-02-24 07:42:41,251.0,20.0,254.29,28.0,249.0,20.0,385.12,16.0,252.64,3.289999999999992,40.0,44.0,1.2529165973833063,84,-4.0,18.0,-0.05,253.0,
2025-02-24 07:42:42,251.0,18.0,254.0,36.0,249.0,18.0,256.0,9.0,252.5,3.0,36.0,45.0,1.2348279232342234,81,-9.0,-3.0,-0.11,253.0,
2025-02-24 07:42:43,247.74,23.0,254.0,44.0,245.29,34.0,255.91,11.0,250.87,6.259999999999991,57.0,55.0,1.2552808450699484,112,2.0,31.0,0.02,249.4,5.0
2025-02-24 07:42:44,246.0,30.0,254.0,32.0,242.0,36.0,255.0,6.0,250.0,8.0,66.0,38.0,1.426401065619358,104,28.0,-8.0,0.27,249.4,
2025-02-24 07:42:45,246.0,40.0,254.0,48.0,242.0,48.0,255.0,8.0,250.0,8.0,88.0,56.0,1.2992767218727783,144,32.0,40.0,0.22,249.4,
2025-02-24 07:42:46,246.0,37.0,254.0,48.0,242.0,48.0,255.0,8.0,250.0,8.0,85.0,56.0,1.0880624982053282,141,29.0,-3.0,0.21,246.0,3.0
2025-02-24 07:42:47,246.0,12.0,254.0,36.0,242.0,36.0,255.0,6.0,250.0,8.0,48.0,42.0,0.3890758280864293,90,6.0,-51.0,0.07,246.0,
2025-02-24 07:42:48,246.0,21.0,254.0,66.0,242.24,63.0,255.0,11.0,250.0,8.0,84.0,77.0,0.0,161,7.0,71.0,0.04,246.0,1.0
2025-02-24 07:42:49,247.0,18.0,254.0,38.0,242.9,31.0,255.0,11.0,250.5,7.0,49.0,49.0,0.2236067977526318,98,0.0,-63.0,0.0,246.0,
2025-02-24 07:42:50,248.22,27.0,253.13,52.0,247.0,48.0,254.16,25.0,250.68,4.909999999999997,75.0,77.0,0.3293630216054847,152,-2.0,54.0,-0.01,246.0,
2025-02-24 07:42:51,248.83,24.0,279.82,61.0,243.26,27.0,335.82,33.0,264.33,30.98999999999998,51.0,94.0,6.283893697382137,145,-43.0,-7.0,-0.3,251.67,12.0
2025-02-24 07:42:52,246.0,3.0,257.0,3.0,240.61,23.0,359.0,12.0,251.5,11.0,26.0,15.0,6.132766096958104,41,11.0,-104.0,0.27,251.67,
2025-02-24 07:42:53,246.0,13.0,257.0,13.0,241.75,96.0,392.55,47.0,251.5,11.0,109.0,60.0,5.9589697096057215,169,49.0,128.0,0.29,251.67,
2025-02-24 07:42:54,255.0,92.0,257.0,12.0,246.0,12.0,354.0,36.0,256.0,2.0,104.0,48.0,5.7230953163474165,152,56.0,-17.0,0.37,255.0,4.0
2025-02-24 07:42:55,255.0,35.0,257.0,7.0,246.0,7.0,333.38,26.0,256.0,2.0,42.0,33.0,5.239253763657284,75,9.0,-77.0,0.12,255.0,
2025-02-24 07:42:56,255.0,15.0,257.0,3.0,246.0,3.0,288.67,12.0,256.0,2.0,18.0,15.0,2.4647515087728853,33,3.0,-42.0,0.09,255.0,
2025-02-24 07:42:57,255.0,52.0,257.0,12.0,251.57,56.0,303.25,48.0,256.0,2.0,108.0,60.0,2.0124611797492142,168,48.0,135.0,0.29,255.0,4.0
2025-02-24 07:42:58,255.0,9.0,257.0,9.0,254.0,54.0,312.0,36.0,256.0,2.0,63.0,45.0,0.0,108,18.0,-60.0,0.17,255.0,
2025-02-24 07:42:59,255.0,6.0,257.0,6.0,254.0,36.0,314.18,22.0,256.0,2.0,42.0,28.0,0.0,70,14.0,-38.0,0.2,255.0,
2025-02-24 07:43:00,255.0,7.0,256.2,15.0,254.0,42.0,300.62,13.0,255.6,1.1999999999999886,49.0,28.0,0.1788854381916951,77,21.0,7.0,0.27,255.0,
2025-02-24 07:43:01,254.22,23.0,255.82,22.0,253.25,48.0,256.5,12.0,255.02,1.5999999999999943,71.0,34.0,0.4299767435538412,105,37.0,28.0,0.35,255.0,1.0
2025-02-24 07:43:02,253.33,36.0,255.27,22.0,251.66,58.0,256.31,26.0,254.3,1.9399999999999975,94.0,48.0,0.726828728104077,142,46.0,37.0,0.32,254.0,6.0
2025-02-24 07:43:03,252.0,30.0,256.0,15.0,250.0,25.0,260.0,5.0,254.0,4.0,55.0,20.0,0.8439668239911188,75,35.0,-67.0,0.47,254.0,
2025-02-24 07:43:04,252.0,54.0,255.89,27.0,250.0,45.0,260.0,9.0,253.94,3.8899999999999855,99.0,36.0,0.7173004949098587,135,63.0,60.0,0.47,254.0,
2025-02-24 07:43:05,252.0,48.0,255.0,39.0,250.0,65.0,260.0,13.0,253.5,3.0,113.0,52.0,0.5631340870505107,165,61.0,30.0,0.37,252.0,5.0
2025-02-24 07:43:06,250.67,30.0,253.12,25.0,249.28,78.0,254.84,37.0,251.89,2.450000000000017,108.0,62.0,0.9581649127361344,170,46.0,5.0,0.27,252.0,1.0
2025-02-24 07:43:07,250.0,37.0,251.05,21.0,248.0,77.0,252.17,12.0,250.52,1.0500000000000114,114.0,33.0,1.520822146077286,147,81.0,-23.0,0.55,250.0,2.0
2025-02-24 07:43:08,248.96,27.0,251.17,12.0,247.71,41.0,294.46,13.0,250.06,2.2099999999999795,68.0,25.0,1.730468144751479,93,43.0,-54.0,0.46,250.0,3.0
2025-02-24 07:43:09,248.0,84.0,251.09,22.0,246.0,36.0,282.67,18.0,249.55,3.0900000000000034,120.0,40.0,1.597225719802992,160,80.0,67.0,0.5,250.0,
2025-02-24 07:43:10,248.0,98.0,250.37,27.0,246.0,42.0,251.87,15.0,249.19,2.3700000000000045,140.0,42.0,1.0502237856765428,182,98.0,22.0,0.54,250.0,1.0
2025-02-24 07:43:11,248.0,23.0,250.0,9.0,246.0,27.0,252.0,9.0,249.0,2.0,50.0,18.0,0.6261229911137137,68,32.0,-114.0,0.47,248.0,6.0
2025-02-24 07:43:13,246.0,36.0,250.0,12.0,244.0,24.0,253.67,24.0,248.0,4.0,60.0,36.0,0.575039129104838,96,24.0,36.0,0.25,248.0,1.0
2025-02-24 07:43:15,246.0,33.0,252.12,16.0,244.05,21.0,254.79,57.0,249.06,6.1200000000000045,54.0,73.0,0.5601785429681033,127,-19.0,59.0,-0.15,249.0,1.0
2025-02-24 07:43:16,246.0,30.0,255.0,70.0,243.37,38.0,258.0,40.0,250.5,9.0,68.0,110.0,1.038652973808702,178,-42.0,51.0,-0.24,254.5,4.0
2025-02-24 07:43:17,246.0,39.0,255.0,91.0,242.66,29.0,258.0,52.0,250.5,9.0,68.0,143.0,1.2675961501998347,211,-75.0,33.0,-0.36,254.5,
2025-02-24 07:43:18,246.17,18.0,255.0,42.0,244.12,16.0,258.0,24.0,250.58,8.830000000000013,34.0,66.0,1.1790165393246603,100,-32.0,-111.0,-0.32,254.5,
2025-02-24 07:43:19,247.55,33.0,255.0,77.0,246.0,33.0,258.0,44.0,251.27,7.449999999999989,66.0,121.0,0.8067341569567125,187,-55.0,87.0,-0.29,254.5,
2025-02-24 07:43:20,250.46,39.0,255.0,63.0,249.65,51.0,258.0,36.0,252.73,4.539999999999992,90.0,99.0,0.9585040427667412,189,-9.0,2.0,-0.05,254.5,
2025-02-24 07:43:21,251.05,60.0,255.0,112.0,248.86,118.0,258.0,64.0,253.03,3.9499999999999886,178.0,176.0,1.19149905581158,354,2.0,164.0,0.01,252.0,3.0
2025-02-24 07:43:22,250.58,50.0,254.72,88.0,248.7,104.0,256.52,71.0,252.65,4.139999999999986,154.0,159.0,1.06678020229081,313,-5.0,-41.0,-0.02,250.75,4.0
2025-02-24 07:43:23,250.0,84.0,254.0,70.0,243.19,48.0,255.0,48.0,252.0,4.0,132.0,118.0,0.7044004542868051,250,14.0,-63.0,0.06,250.75,
2025-02-24 07:43:24,250.0,66.0,252.45,55.0,246.0,11.0,255.0,22.0,251.23,2.4499999999999886,77.0,77.0,0.719597109499108,154,0.0,-96.0,0.0,250.75,
2025-02-24 07:43:25,250.0,60.0,252.0,50.0,246.0,10.0,255.74,47.0,251.0,2.0,70.0,97.0,0.8767382733744924,167,-27.0,13.0,-0.16,250.75,
2025-02-24 07:43:26,250.0,54.0,251.09,55.0,246.0,9.0,255.0,45.0,250.55,1.0900000000000034,63.0,100.0,0.836199736904999,163,-37.0,-4.0,-0.23,250.75,
2025-02-24 07:43:27,245.28,40.0,250.91,110.0,239.95,56.0,254.8,51.0,248.09,5.629999999999996,96.0,161.0,1.4845975885742693,257,-65.0,94.0,-0.25,248.18,11.0
2025-02-24 07:43:28,242.44,16.0,250.0,55.0,238.04,91.0,251.23,53.0,246.22,7.560000000000002,107.0,108.0,2.1827894997001587,215,-1.0,-42.0,-0.0,243.0,3.0
2025-02-24 07:43:29,240.67,33.0,250.0,35.0,237.49,47.0,255.0,21.0,245.33,9.330000000000013,80.0,56.0,2.526097781164065,136,24.0,-79.0,0.18,243.0,
2025-02-24 07:43:30,238.0,70.0,250.0,29.0,236.0,56.0,255.0,21.0,244.0,12.0,126.0,50.0,2.552287209544198,176,76.0,40.0,0.43,250.0,1.0
2025-02-24 07:43:31,238.0,43.0,250.0,28.0,236.0,56.0,255.0,21.0,244.0,12.0,99.0,49.0,1.7140215867962985,148,50.0,-28.0,0.34,250.0,
2025-02-24 07:43:32,238.89,9.0,250.0,36.0,236.07,58.0,255.0,27.0,244.44,11.110000000000014,67.0,63.0,0.9626629732175952,130,4.0,-18.0,0.03,250.0,
2025-02-24 07:43:33,239.2,10.0,250.0,40.0,236.07,80.0,255.0,30.0,244.6,10.800000000000011,90.0,70.0,0.5475216890720628,160,20.0,30.0,0.12,250.0,
2025-02-24 07:43:36,241.69,13.0,254.0,39.0,236.11,76.0,259.0,127.0,247.85,12.310000000000002,89.0,166.0,1.993496927513113,255,-77.0,113.0,-0.3,250.0,
2025-02-24 07:43:37,239.47,15.0,254.0,45.0,237.73,30.0,259.0,165.0,246.73,14.53,45.0,210.0,2.190531898878433,255,-165.0,0.0,-0.65,250.0,
2025-02-24 07:43:38,240.62,13.0,254.0,27.0,239.44,9.0,259.0,99.0,247.31,13.379999999999995,22.0,126.0,2.365983939084044,148,-104.0,-107.0,-0.7,250.0,
2025-02-24 07:43:39,242.92,24.0,254.0,48.0,241.33,24.0,259.0,176.0,248.46,11.080000000000013,48.0,224.0,1.777562938408362,272,-176.0,124.0,-0.65,250.0,
2025-02-24 07:43:40,246.5,22.0,252.39,62.0,245.66,29.0,257.33,99.0,249.44,5.889999999999986,51.0,161.0,1.04736335624382,212,-110.0,-60.0,-0.52,250.0,
2025-02-24 07:43:41,247.78,18.0,250.41,54.0,245.31,35.0,253.67,49.0,249.09,2.6299999999999955,53.0,103.0,1.1565163206812823,156,-50.0,-56.0,-0.32,249.67,3.0
2025-02-24 07:43:44,246.0,15.0,251.58,48.0,240.0,45.0,255.12,102.0,248.79,5.5800000000000125,60.0,150.0,0.5638439500445569,210,-90.0,149.0,-0.43,249.67,
2025-02-24 07:43:45,246.0,10.0,255.39,64.0,239.2,30.0,257.07,44.0,250.7,9.389999999999986,40.0,108.0,1.0399423060928374,148,-68.0,-62.0,-0.46,249.67,
2025-02-24 07:43:46,239.25,56.0,251.96,84.0,237.06,204.0,255.64,66.0,245.61,12.710000000000008,260.0,150.0,1.8218452184535543,410,110.0,164.0,0.27,246.0,1.0
2025-02-24 07:44:17,236.48,25.0,251.43,28.0,233.85,26.0,252.64,47.0,243.95,14.950000000000015,51.0,75.0,1.2559578018410784,126,-24.0,-66.0,-0.19,246.0,
2025-02-24 07:44:18,236.0,21.0,251.0,14.0,234.0,42.0,252.0,28.0,243.5,15.0,63.0,42.0,1.148324866928099,105,21.0,-21.0,0.2,246.0,
2025-02-24 07:44:19,239.0,12.0,251.0,16.0,235.05,20.0,252.0,32.0,245.0,12.0,32.0,48.0,0.86086003508426,80,-16.0,-25.0,-0.2,246.0,
2025-02-24 07:44:20,241.24,17.0,251.0,24.0,240.04,25.0,252.0,48.0,246.12,9.759999999999993,42.0,72.0,1.088586239121739,114,-30.0,34.0,-0.26,246.0,
2025-02-24 07:44:21,243.0,16.0,251.0,16.0,242.0,8.0,252.0,32.0,247.0,8.0,24.0,48.0,1.4613281630096326,72,-24.0,-42.0,-0.33,246.0,
2025-02-24 07:44:22,243.6,15.0,251.0,20.0,242.67,15.0,252.0,40.0,247.3,7.400000000000006,30.0,60.0,1.558935534268446,90,-30.0,18.0,-0.33,246.0,
2025-02-24 07:44:23,245.33,9.0,251.78,18.0,243.0,18.0,252.84,50.0,248.56,6.449999999999989,27.0,68.0,1.3313451843922566,95,-41.0,5.0,-0.43,251.5,4.0
2025-02-24 07:44:24,247.93,27.0,252.0,34.0,244.67,24.0,253.0,102.0,249.96,4.069999999999993,51.0,136.0,1.496235275618131,187,-85.0,92.0,-0.45,251.5,
2025-02-24 07:44:25,249.27,22.0,252.0,22.0,247.62,13.0,253.0,56.0,250.64,2.7299999999999898,35.0,78.0,1.5984742725498329,113,-43.0,-74.0,-0.38,251.5,
2025-02-24 07:44:26,249.15,26.0,252.5,20.0,247.29,14.0,426.54,13.0,250.83,3.3499999999999943,40.0,33.0,1.4995732726357356,73,7.0,-40.0,0.1,252.0,2.0
2025-02-24 07:44:27,247.92,24.0,251.0,52.0,244.33,18.0,253.29,14.0,249.46,3.0800000000000125,42.0,66.0,0.9226050075754574,108,-24.0,35.0,-0.22,250.0,4.0
2025-02-24 07:44:28,243.95,19.0,250.5,20.0,239.2,30.0,254.0,10.0,247.22,6.550000000000011,49.0,30.0,1.4496275383709432,79,19.0,-29.0,0.24,248.0,2.0
2025-02-24 07:45:01,239.0,40.0,251.0,30.0,238.0,20.0,252.0,20.0,245.0,12.0,60.0,50.0,1.3310259201105188,110,10.0,-6.0,0.09,248.0,
2025-02-24 07:45:02,241.9,20.0,250.14,42.0,239.59,34.0,252.0,28.0,246.02,8.23999999999998,54.0,70.0,1.3615799646021156,124,-16.0,14.0,-0.13,248.0,
2025-02-24 07:45:06,242.0,46.0,384.1,41.0,239.12,16.0,462.15,39.0,313.05,142.10000000000002,62.0,80.0,31.13567487625736,142,-18.0,69.0,-0.13,247.38,13.0
2025-02-24 07:45:07,245.86,14.0,382.35,34.0,237.83,12.0,606.0,24.0,314.11,136.49,26.0,58.0,38.840273814688814,84,-32.0,-58.0,-0.38,256.0,3.0
2025-02-24 07:45:11,246.0,100.0,252.0,60.0,243.0,20.0,376.9,30.0,249.0,6.0,120.0,90.0,29.699591242978457,210,30.0,-61.0,0.14,256.0,
2025-02-24 07:45:12,246.0,109.0,252.0,66.0,243.0,22.0,424.26,47.0,249.0,6.0,131.0,113.0,0.998599018627767,244,18.0,34.0,0.07,246.0,1.0
2025-02-24 07:45:13,246.82,99.0,252.0,66.0,243.0,22.0,317.45,33.0,249.41,5.180000000000007,121.0,99.0,1.086793448638817,220,22.0,-24.0,0.1,246.0,
2025-02-24 07:45:14,248.0,108.0,252.0,72.0,241.18,17.0,267.0,36.0,250.0,4.0,125.0,108.0,0.8061141358418962,233,17.0,13.0,0.07,246.0,
2025-02-24 07:45:15,248.46,117.0,252.0,78.0,240.0,15.0,268.46,39.0,250.23,3.539999999999992,132.0,117.0,0.5672477412947793,249,15.0,16.0,0.06,246.0,
2025-02-24 07:45:16,249.0,90.0,252.0,60.0,240.0,20.0,274.42,38.0,250.5,3.0,110.0,98.0,0.613000815663388,208,12.0,-41.0,0.06,246.0,
2025-02-24 07:45:17,249.48,104.0,251.95,95.0,248.35,97.0,283.2,45.0,250.71,2.469999999999999,201.0,140.0,0.5026430144783928,341,61.0,133.0,0.18,246.0,
2025-02-24 07:45:18,249.04,119.0,252.77,78.0,240.35,234.0,361.73,52.0,250.91,3.730000000000018,353.0,130.0,0.3642114770347922,483,223.0,142.0,0.46,250.0,9.0
2025-02-24 07:45:19,249.0,60.0,253.0,59.0,240.06,127.0,396.73,22.0,251.0,4.0,187.0,81.0,0.3124899998461181,268,106.0,-164.0,0.4,250.0,
2025-02-24 07:45:20,249.29,35.0,253.0,80.0,248.71,35.0,349.57,14.0,251.14,3.710000000000008,70.0,94.0,0.2511374125927695,164,-24.0,-104.0,-0.15,250.0,
2025-02-24 07:45:21,251.0,9.0,253.0,72.0,249.0,54.0,257.29,34.0,252.0,2.0,63.0,106.0,0.4990691334912832,169,-43.0,5.0,-0.25,250.0,
2025-02-24 07:45:22,251.81,26.0,253.0,96.0,249.38,37.0,256.0,48.0,252.4,1.1899999999999975,63.0,144.0,0.6684309986854843,207,-81.0,38.0,-0.39,250.0,
2025-02-24 07:45:23,250.12,24.0,252.75,64.0,247.86,14.0,253.99,73.0,251.44,2.6299999999999955,38.0,137.0,0.590999153978793,175,-99.0,-32.0,-0.57,250.22,9.0
2025-02-24 07:45:24,249.0,11.0,251.4,25.0,247.0,11.0,252.8,30.0,250.2,2.4000000000000057,22.0,55.0,0.845978723138883,77,-33.0,-98.0,-0.43,249.0,1.0
2025-02-24 07:45:25,249.09,23.0,251.27,30.0,240.47,119.0,254.52,50.0,250.18,2.180000000000007,142.0,80.0,1.0208231972304158,222,62.0,145.0,0.28,249.0,
2025-02-24 07:45:33,243.36,44.0,252.53,30.0,238.19,158.0,254.91,68.0,247.95,9.169999999999987,202.0,98.0,3.2456000985959044,300,104.0,88.0,0.35,251.0,1.0
2025-02-24 07:45:36,238.41,68.0,250.3,50.0,237.54,123.0,252.2,40.0,244.36,11.890000000000017,191.0,90.0,2.5213785911690065,281,101.0,-20.0,0.36,251.0,
2025-02-24 07:47:08,247.47,68.0,250.46,37.0,240.14,56.0,347.94,51.0,248.97,2.990000000000009,124.0,88.0,1.180148295767394,212,36.0,-54.0,0.17,248.33,6.0
2025-02-24 07:47:09,247.73,30.0,310.29,42.0,245.31,52.0,416.2,45.0,279.01,62.56000000000003,82.0,87.0,13.796657203830168,169,-5.0,-43.0,-0.03,251.0,3.0
2025-02-24 07:47:10,255.0,9.0,341.0,36.0,248.78,18.0,508.21,33.0,298.0,86.0,27.0,69.0,22.962265349916876,96,-42.0,-73.0,-0.44,251.0,
2025-02-24 07:47:11,255.0,7.0,376.0,28.0,249.0,14.0,397.36,22.0,315.5,121.0,21.0,50.0,29.69077348268288,71,-29.0,-25.0,-0.41,251.0,
2025-02-24 07:47:12,255.0,9.0,372.07,29.0,249.0,18.0,425.18,33.0,313.53,117.07,27.0,62.0,27.690846321482795,89,-35.0,18.0,-0.39,251.0,
2025-02-24 07:47:13,251.25,8.0,424.8,30.0,247.26,46.0,439.44,27.0,338.02,173.55,54.0,57.0,21.938292321873337,111,-3.0,22.0,-0.03,252.0,2.0
2025-02-24 07:47:14,254.89,57.0,402.87,31.0,248.0,16.0,458.0,36.0,328.88,147.98000000000002,73.0,67.0,15.348588860216458,140,6.0,29.0,0.04,252.0,
2025-02-24 07:47:15,254.85,41.0,329.0,33.0,248.43,14.0,407.0,33.0,291.93,74.15,55.0,66.0,17.49381805095621,121,-11.0,-19.0,-0.09,255.0,7.0
2025-02-24 07:47:16,249.0,11.0,330.07,41.0,247.0,44.0,406.69,39.0,289.54,81.07,55.0,80.0,21.626662941840195,135,-25.0,14.0,-0.19,255.0,
2025-02-24 07:47:17,247.67,18.0,250.0,33.0,246.62,58.0,361.51,43.0,248.83,2.3300000000000125,76.0,76.0,35.60516886633136,152,0.0,17.0,0.0,248.0,1.0
2025-02-24 07:47:22,243.0,75.0,251.93,45.0,238.0,30.0,408.15,54.0,247.47,8.930000000000007,105.0,99.0,0.9514988176627928,204,6.0,67.0,0.03,248.0,
2025-02-24 07:47:23,244.84,95.0,250.26,57.0,243.72,76.0,332.63,57.0,247.55,5.419999999999988,171.0,114.0,1.0058926384130988,285,57.0,81.0,0.2,245.0,5.0
2025-02-24 07:47:25,246.0,9.0,251.0,19.0,240.0,35.0,353.29,17.0,248.5,5.0,44.0,36.0,0.9232713577345392,80,8.0,-148.0,0.1,249.33,3.0
2025-02-24 07:47:26,246.0,8.0,251.0,8.0,240.0,40.0,575.0,24.0,248.5,5.0,48.0,32.0,0.6906156673668297,80,16.0,0.0,0.2,249.33,
2025-02-24 07:47:30,240.44,36.0,251.02,45.0,238.62,52.0,252.62,16.0,245.73,10.580000000000013,88.0,61.0,1.3763829409045392,149,27.0,25.0,0.18,249.33,
2025-02-24 07:47:51,241.08,39.0,501.0,10.0,233.96,25.0,595.0,25.0,371.04,259.92,64.0,35.0,58.53571063889118,99,29.0,-89.0,0.29,247.0,14.0
2025-02-24 07:47:52,245.85,52.0,389.4,53.0,241.4,60.0,464.07,30.0,317.62,143.54999999999998,112.0,83.0,59.78073753308824,195,29.0,96.0,0.15,247.0,
2025-02-24 07:47:53,248.07,27.0,344.21,28.0,247.0,41.0,378.8,40.0,296.14,96.14,68.0,68.0,54.79913393476191,136,0.0,-59.0,0.0,247.0,
2025-02-24 07:47:54,255.0,9.0,293.86,21.0,248.0,27.0,327.71,21.0,274.43,38.860000000000014,36.0,42.0,48.44989143434656,78,-6.0,-58.0,-0.08,247.0,
2025-02-24 07:47:55,254.4,10.0,292.3,30.0,250.8,30.0,294.0,20.0,273.35,37.900000000000006,40.0,50.0,40.38502729973032,90,-10.0,12.0,-0.11,253.0,3.0
2025-02-24 07:47:56,254.61,23.0,290.67,27.0,246.67,27.0,291.86,28.0,272.64,36.06,50.0,55.0,19.8212418884382,105,-5.0,15.0,-0.05,253.0,
2025-02-24 07:47:57,254.0,20.0,274.62,34.0,246.38,32.0,283.0,34.0,264.31,20.620000000000005,52.0,68.0,11.86277075560281,120,-16.0,15.0,-0.13,256.0,5.0
2025-02-24 07:47:58,244.5,36.0,268.72,29.0,244.48,23.0,279.77,26.0,256.61,24.220000000000027,59.0,55.0,7.656469160128031,114,4.0,-6.0,0.04,246.12,8.0
2025-02-24 07:47:59,244.59,68.0,266.3,30.0,243.2,20.0,268.0,20.0,255.44,21.710000000000008,88.0,50.0,8.499255849778537,138,38.0,24.0,0.28,246.12,
2025-02-24 07:48:00,244.0,84.0,265.33,36.0,242.0,14.0,266.94,34.0,254.67,21.329999999999984,98.0,70.0,7.686782812074085,168,28.0,30.0,0.17,246.12,
2025-02-24 07:48:01,244.0,78.0,250.44,50.0,207.66,41.0,254.48,44.0,247.22,6.439999999999998,119.0,94.0,6.082487155761343,213,25.0,45.0,0.12,246.12,
2025-02-24 07:48:05,249.0,10.0,311.28,25.0,245.45,22.0,403.21,19.0,280.14,62.27999999999997,32.0,44.0,15.055732463085402,76,-12.0,-152.0,-0.16,248.5,6.0
2025-02-24 07:48:06,244.17,88.0,303.24,25.0,242.07,58.0,436.08,24.0,273.71,59.07000000000002,146.0,49.0,16.93929839160995,195,97.0,119.0,0.5,251.0,1.0
2025-02-24 07:48:07,244.0,136.0,250.0,26.0,239.12,48.0,406.4,20.0,247.0,6.0,184.0,46.0,16.570868112443573,230,138.0,35.0,0.6,250.0,4.0
2025-02-24 07:48:08,244.0,221.0,312.5,32.0,239.0,78.0,461.26,46.0,278.25,68.5,299.0,78.0,16.623855449323248,377,221.0,147.0,0.59,250.0,
2025-02-24 07:48:09,245.25,136.0,299.0,32.0,240.25,48.0,486.0,13.0,272.12,53.75,184.0,45.0,13.396295383425617,229,139.0,-148.0,0.61,250.0,
2025-02-24 07:48:10,253.92,117.0,299.0,48.0,248.3,171.0,612.84,19.0,276.46,45.08000000000001,288.0,67.0,12.804708899463158,355,221.0,126.0,0.62,250.0,
2025-02-24 07:48:11,257.0,44.0,434.23,26.0,255.0,121.0,577.69,13.0,345.62,177.23000000000002,165.0,39.0,36.73218071391867,204,126.0,-151.0,0.62,250.0,
2025-02-24 07:48:12,257.0,55.0,280.05,79.0,255.0,187.0,347.09,22.0,268.53,23.05000000000001,242.0,101.0,32.3239915542616,343,141.0,139.0,0.41,257.0,1.0
2025-02-24 07:48:13,257.0,22.0,278.9,50.0,255.0,110.0,432.0,19.0,267.95,21.899999999999977,132.0,69.0,33.425743522021726,201,63.0,-142.0,0.31,257.0,2.0
2025-02-24 07:48:14,257.0,3.0,278.0,15.0,255.0,33.0,347.0,3.0,267.5,21.0,36.0,18.0,33.969488809812525,54,18.0,-147.0,0.33,257.0,
2025-02-24 07:48:15,257.0,14.0,276.1,58.0,255.0,154.0,290.65,40.0,266.55,19.100000000000023,168.0,98.0,34.88458040452801,266,70.0,164.0,0.26,257.0,
2025-02-24 07:48:16,257.0,9.0,274.0,45.0,255.0,99.0,275.0,18.0,265.5,17.0,108.0,63.0,1.1972593703930277,171,45.0,-95.0,0.26,257.0,
2025-02-24 07:48:17,255.14,43.0,271.86,29.0,254.26,68.0,272.6,50.0,263.5,16.720000000000027,111.0,79.0,1.7786933406281311,190,32.0,19.0,0.17,255.43,7.0
2025-02-24 07:48:18,255.0,40.0,269.33,61.0,253.0,70.0,270.05,40.0,262.16,14.329999999999984,110.0,101.0,2.1914196311970944,211,9.0,21.0,0.04,255.0,4.0
2025-02-24 07:48:19,255.0,24.0,266.67,60.0,253.0,60.0,268.0,60.0,260.83,11.670000000000016,84.0,120.0,2.3457770567548484,204,-36.0,-7.0,-0.18,255.0,
2025-02-24 07:48:20,254.05,21.0,263.96,51.0,251.08,96.0,265.83,48.0,259.0,9.909999999999968,117.0,99.0,2.484878266635814,216,18.0,12.0,0.08,255.0,2.0
2025-02-24 07:48:21,253.0,60.0,258.17,48.0,249.0,276.0,259.11,38.0,255.58,5.170000000000016,336.0,86.0,3.078632813441872,422,250.0,164.0,0.59,255.0,
2025-02-24 07:48:22,249.61,163.0,253.64,28.0,248.76,151.0,265.71,48.0,251.63,4.029999999999973,314.0,76.0,4.260862588725825,390,238.0,-32.0,0.61,253.0,10.0
2025-02-24 07:48:23,249.0,263.0,252.05,21.0,247.0,33.0,341.56,25.0,250.52,3.050000000000012,296.0,46.0,4.484469868335093,342,250.0,-48.0,0.73,253.0,1.0
2025-02-24 07:48:24,249.0,355.0,250.6,40.0,247.0,39.0,251.72,25.0,249.8,1.5999999999999943,394.0,65.0,3.887657392313196,459,329.0,117.0,0.72,249.2,5.0
2025-02-24 07:48:25,249.44,165.0,275.06,18.0,248.67,141.0,399.08,37.0,262.25,25.620000000000005,306.0,55.0,5.1457875976381695,361,251.0,-98.0,0.7,249.6,5.0
2025-02-24 07:48:26,249.73,62.0,372.92,59.0,248.66,61.0,473.52,58.0,311.32,123.19000000000004,123.0,117.0,26.327353266137408,240,6.0,-121.0,0.03,249.5,10.0
2025-02-24 07:48:27,250.69,39.0,343.77,43.0,249.0,52.0,406.71,56.0,297.23,93.07999999999998,91.0,99.0,28.315973054090644,190,-8.0,-50.0,-0.04,249.5,
2025-02-24 07:48:28,253.0,26.0,260.0,14.0,249.0,28.0,416.0,28.0,256.5,7.0,54.0,42.0,27.167470438007044,96,12.0,-94.0,0.12,249.5,
2025-02-24 07:48:29,253.0,99.0,260.0,20.0,249.11,38.0,363.5,40.0,256.5,7.0,137.0,60.0,25.714246051556422,197,77.0,101.0,0.39,253.0,3.0
2025-02-24 07:48:30,253.0,63.0,260.0,14.0,251.0,14.0,320.71,28.0,256.5,7.0,77.0,42.0,26.63740227574728,119,35.0,-78.0,0.29,253.0,
2025-02-24 07:48:31,253.0,108.0,258.54,48.0,251.0,24.0,267.49,43.0,255.77,5.5400000000000205,132.0,91.0,18.29935654606462,223,41.0,104.0,0.18,253.0,
2025-02-24 07:48:32,253.0,140.0,255.35,49.0,251.0,32.0,257.22,78.0,254.17,2.3499999999999943,172.0,127.0,1.0110736867342212,299,45.0,76.0,0.15,253.0,4.0
