DateTime,Bid1_Price,Bid1_Volume,Ask1_Price,Ask1_Volume,Bid2_Price,Bid2_Volume,Ask2_Price,Ask2_Volume,Mid-Price,Bid_Ask_Spread,Market_Depth_Bid,Market_Depth_Ask,Historical_Volatility,Total_volume,Cumulative_Volume_Difference,Total_Volume_Change_Corrected,Order_imbalance,Weighted_Avg_Price,Trade_Volume
2025-04-22 07:30:04,155.0,16.0,316.0,17.0,154.0,8.0,483.54,13.0,235.5,161.0,24.0,30.0,,54,-6.0,28.0,-0.11,,
2025-04-22 07:30:09,166.76,51.0,168.8,40.0,164.68,41.0,268.88,41.0,167.78,2.0400000000000205,92.0,81.0,3.1306500922324347,173,11.0,86.0,0.06,168.0,2.0
2025-04-22 07:30:10,167.33,15.0,169.0,7.0,164.38,16.0,209.0,8.0,168.17,1.6699999999999875,31.0,15.0,2.5915497294080745,46,16.0,-127.0,0.35,169.0,3.0
2025-04-22 07:30:11,168.0,12.0,169.0,6.0,167.0,30.0,209.0,12.0,168.5,1.0,42.0,18.0,1.9056888518315884,60,24.0,14.0,0.4,169.0,
2025-04-22 07:30:12,167.12,34.0,198.33,15.0,163.55,22.0,211.33,12.0,182.73,31.210000000000008,56.0,27.0,6.851580109726185,83,29.0,23.0,0.35,168.33,3.0
2025-04-22 07:30:13,167.52,33.0,189.0,63.0,165.28,46.0,203.95,20.0,178.26,21.47999999999999,79.0,83.0,6.948544451897512,162,-4.0,79.0,-0.02,169.0,2.0
2025-04-22 07:30:14,169.0,16.0,190.13,31.0,167.0,40.0,200.5,16.0,179.56,21.129999999999995,56.0,47.0,6.691175531997041,103,9.0,-59.0,0.09,169.0,
2025-04-22 07:30:15,170.38,26.0,198.21,19.0,169.3,33.0,201.1,20.0,184.3,27.830000000000013,59.0,39.0,6.175953367699287,98,20.0,-5.0,0.2,169.0,
2025-04-22 07:30:16,174.78,45.0,194.92,25.0,170.24,49.0,197.69,64.0,184.85,20.139999999999983,94.0,89.0,2.9098367651805632,183,5.0,85.0,0.03,169.0,
2025-04-22 07:30:17,175.0,57.0,189.9,50.0,170.0,65.0,191.3,37.0,182.45,14.900000000000006,122.0,87.0,2.893480603010236,209,35.0,26.0,0.17,175.0,4.0
2025-04-22 07:30:18,175.0,10.0,187.38,24.0,170.0,50.0,188.71,42.0,181.19,12.379999999999995,60.0,66.0,2.1863325456106906,126,-6.0,-83.0,-0.05,175.0,
2025-04-22 07:30:19,175.0,9.0,186.0,43.0,170.0,45.0,187.75,12.0,180.5,11.0,54.0,55.0,1.8944840986391336,109,-1.0,-17.0,-0.01,175.0,
2025-04-22 07:30:20,172.71,14.0,185.28,32.0,170.38,32.0,185.97,40.0,179.0,12.569999999999991,46.0,72.0,2.203581176175819,118,-26.0,9.0,-0.22,175.0,
2025-04-22 07:30:21,174.73,59.0,182.27,49.0,170.69,32.0,183.38,24.0,178.5,7.54000000000002,91.0,73.0,1.6109531340160907,164,18.0,46.0,0.11,175.0,
2025-04-22 07:30:22,176.06,34.0,181.25,60.0,174.75,64.0,182.2,44.0,178.65,5.189999999999998,98.0,104.0,1.2047281851090612,202,-6.0,38.0,-0.03,175.0,
2025-04-22 07:30:23,176.1,42.0,179.87,69.0,174.49,63.0,181.04,26.0,177.98,3.77000000000001,105.0,95.0,0.9533519811675564,200,10.0,-2.0,0.05,178.0,2.0
2025-04-22 07:30:24,175.04,73.0,179.68,31.0,171.21,70.0,180.19,37.0,177.36,4.640000000000015,143.0,68.0,0.6400156248061644,211,75.0,11.0,0.36,178.0,
2025-04-22 07:30:25,176.18,11.0,178.27,11.0,175.0,55.0,179.53,17.0,177.23,2.0900000000000034,66.0,28.0,0.6441506035051033,94,38.0,-117.0,0.4,178.0,
2025-04-22 07:30:26,175.06,62.0,178.21,14.0,171.24,74.0,181.55,29.0,176.64,3.1500000000000057,136.0,43.0,0.7679648429426666,179,93.0,85.0,0.52,177.0,1.0
2025-04-22 07:30:27,175.0,51.0,176.19,16.0,173.0,112.0,181.0,16.0,175.59,1.1899999999999975,163.0,32.0,0.9017483019090542,195,131.0,16.0,0.67,175.0,3.0
2025-04-22 07:30:28,175.0,24.0,176.0,12.0,173.0,84.0,181.5,18.0,175.5,1.0,108.0,30.0,0.8822868014403249,138,78.0,-57.0,0.57,175.0,
2025-04-22 07:30:29,173.48,50.0,175.75,12.0,172.75,48.0,182.0,36.0,174.62,2.2700000000000102,98.0,48.0,1.0258801099522823,146,50.0,8.0,0.34,173.67,6.0
2025-04-22 07:30:30,173.0,24.0,174.88,8.0,170.03,36.0,182.0,24.0,173.94,1.8799999999999957,60.0,32.0,1.0274823599437646,92,28.0,-54.0,0.3,173.67,
2025-04-22 07:30:31,173.0,17.0,177.0,8.0,170.46,26.0,182.17,18.0,175.0,4.0,43.0,26.0,0.6785278181442216,69,17.0,-23.0,0.25,173.0,1.0
2025-04-22 07:30:32,173.0,16.0,182.0,24.0,172.0,24.0,183.0,24.0,177.5,9.0,40.0,48.0,1.349192350999526,88,-8.0,19.0,-0.09,173.0,
2025-04-22 07:30:33,173.0,31.0,181.27,33.0,172.0,39.0,182.49,37.0,177.14,8.27000000000001,70.0,70.0,1.5850552040846015,140,0.0,52.0,0.0,173.0,
2025-04-22 07:30:34,173.0,45.0,179.4,15.0,172.0,45.0,181.0,56.0,176.2,6.400000000000006,90.0,71.0,1.4852205223453283,161,19.0,21.0,0.12,173.0,
2025-04-22 07:30:35,172.91,33.0,176.57,28.0,171.18,51.0,180.09,22.0,174.74,3.6599999999999966,84.0,50.0,1.2359126182686804,134,34.0,-27.0,0.25,172.6,5.0
2025-04-22 07:30:36,172.0,17.0,175.78,41.0,170.0,119.0,178.11,35.0,173.89,3.780000000000001,136.0,76.0,1.5470229474690207,212,60.0,78.0,0.28,172.6,
2025-04-22 07:30:37,171.04,25.0,173.38,37.0,169.92,99.0,177.09,23.0,172.21,2.3400000000000034,124.0,60.0,1.9344844274368325,184,64.0,-28.0,0.35,171.0,2.0
2025-04-22 07:30:38,170.0,96.0,172.21,42.0,169.0,56.0,173.77,22.0,171.11,2.210000000000008,152.0,64.0,2.016891172075342,216,88.0,32.0,0.41,171.0,
2025-04-22 07:30:39,169.75,24.0,171.0,10.0,168.33,36.0,173.5,32.0,170.38,1.25,60.0,42.0,1.8340201743697648,102,18.0,-114.0,0.18,170.0,6.0
2025-04-22 07:30:40,169.0,68.0,170.14,14.0,167.0,58.0,177.27,30.0,169.57,1.1399999999999864,126.0,44.0,1.6825932366425178,170,82.0,68.0,0.48,169.0,2.0
2025-04-22 07:30:41,171.36,88.0,177.0,30.0,168.72,115.0,178.32,50.0,174.18,5.639999999999986,203.0,80.0,1.7900698310387753,283,123.0,113.0,0.43,170.0,1.0
2025-04-22 07:30:42,173.0,63.0,177.0,18.0,169.0,81.0,178.0,51.0,175.0,4.0,144.0,69.0,2.40116013626649,213,75.0,-70.0,0.35,170.0,
2025-04-22 07:30:43,173.0,77.0,176.64,22.0,169.0,27.0,177.9,77.0,174.82,3.6399999999999855,104.0,99.0,2.603536056980098,203,5.0,-10.0,0.02,170.0,
2025-04-22 07:30:44,173.01,71.0,175.0,16.0,172.06,17.0,177.0,22.0,174.01,1.990000000000009,88.0,38.0,2.244912025001347,126,50.0,-77.0,0.4,175.0,1.0
2025-04-22 07:30:45,173.49,74.0,176.25,24.0,172.84,50.0,177.79,76.0,174.87,2.759999999999991,124.0,100.0,0.448029016912834,224,24.0,98.0,0.11,175.0,1.0
2025-04-22 07:30:46,173.67,45.0,176.0,33.0,172.85,41.0,177.93,81.0,174.83,2.3300000000000125,86.0,114.0,0.3956387240853835,200,-28.0,-24.0,-0.14,174.2,5.0
2025-04-22 07:30:47,173.0,60.0,176.0,36.0,172.0,12.0,178.0,60.0,174.5,3.0,72.0,96.0,0.3647327788887265,168,-24.0,-32.0,-0.14,174.2,
2025-04-22 07:30:48,173.0,48.0,175.3,20.0,172.0,12.0,178.16,73.0,174.15,2.300000000000012,60.0,93.0,0.3887415593885908,153,-33.0,-15.0,-0.22,173.0,3.0
2025-04-22 07:30:49,173.0,21.0,178.55,77.0,172.0,14.0,179.38,112.0,175.77,5.550000000000011,35.0,189.0,0.6033904208685406,224,-154.0,71.0,-0.69,173.0,1.0
2025-04-22 07:30:50,170.5,8.0,179.0,70.0,168.88,8.0,180.0,58.0,174.75,8.5,16.0,128.0,0.6034898507811972,144,-112.0,-80.0,-0.78,172.5,2.0
2025-04-22 07:30:51,169.0,11.0,178.36,55.0,167.0,11.0,179.52,105.0,173.68,9.360000000000014,22.0,160.0,0.7819526839878961,182,-138.0,38.0,-0.76,172.5,
2025-04-22 07:30:52,169.0,11.0,176.81,31.0,166.56,18.0,178.0,70.0,172.9,7.810000000000002,29.0,101.0,1.0860248615919537,130,-72.0,-52.0,-0.55,172.5,
2025-04-22 07:30:53,168.09,22.0,174.02,45.0,166.44,36.0,176.06,33.0,171.06,5.930000000000007,58.0,78.0,1.8009913936484343,136,-20.0,6.0,-0.15,168.75,4.0
2025-04-22 07:30:54,166.76,34.0,172.65,85.0,165.76,68.0,175.0,32.0,169.71,5.890000000000015,102.0,117.0,2.027350487704473,219,-15.0,83.0,-0.07,166.5,4.0
2025-04-22 07:30:55,165.75,16.0,170.67,48.0,163.17,24.0,173.26,46.0,168.21,4.919999999999988,40.0,94.0,2.246190107714711,134,-54.0,-85.0,-0.4,166.5,
2025-04-22 07:30:56,166.64,11.0,168.76,49.0,164.44,18.0,170.0,11.0,167.7,2.1200000000000045,29.0,60.0,2.1258245459104432,89,-31.0,-45.0,-0.35,169.0,1.0
2025-04-22 07:30:58,166.0,12.0,173.17,23.0,164.0,24.0,174.57,89.0,169.59,7.169999999999988,36.0,112.0,1.2308614869249956,148,-76.0,68.0,-0.51,169.43,7.0
2025-04-22 07:30:59,165.17,6.0,169.0,6.0,164.0,12.0,173.0,6.0,167.08,3.830000000000013,18.0,12.0,1.0915722605467408,30,6.0,-118.0,0.2,169.43,
2025-04-22 07:31:00,167.04,54.0,169.0,14.0,164.24,21.0,173.0,14.0,168.02,1.960000000000008,75.0,28.0,1.080726607424429,103,47.0,73.0,0.46,169.43,
2025-04-22 07:31:01,167.05,19.0,168.83,12.0,163.6,10.0,173.5,12.0,167.94,1.7800000000000011,29.0,24.0,1.0778357945416008,53,5.0,-50.0,0.09,168.25,4.0
2025-04-22 07:31:13,168.57,14.0,172.18,17.0,160.0,9.0,173.15,41.0,170.37,3.6100000000000136,23.0,58.0,2.2978076507825933,81,-35.0,-83.0,-0.43,171.0,1.0
2025-04-22 07:31:14,172.0,48.0,173.0,65.0,168.11,18.0,174.0,39.0,172.5,1.0,66.0,104.0,3.3750185184670247,170,-38.0,89.0,-0.22,172.0,5.0
2025-04-22 07:31:15,170.5,4.0,173.0,8.0,164.5,4.0,174.0,12.0,171.75,2.5,8.0,20.0,3.3545163585822158,28,-12.0,-142.0,-0.43,171.67,6.0
2025-04-22 07:31:16,169.0,5.0,172.14,7.0,158.14,7.0,173.5,12.0,170.57,3.1399999999999864,12.0,19.0,2.5202380839904657,31,-7.0,3.0,-0.23,171.67,
2025-04-22 07:31:17,161.62,52.0,169.45,22.0,159.13,45.0,173.05,19.0,165.53,7.829999999999984,97.0,41.0,2.722660463589957,138,56.0,107.0,0.41,169.0,2.0
2025-04-22 07:31:19,173.0,87.0,314.64,33.0,162.96,53.0,657.67,36.0,243.82,141.64,140.0,69.0,109.54660866498794,209,71.0,86.0,0.34,169.0,
2025-04-22 07:31:21,173.67,24.0,315.2,20.0,172.92,51.0,412.92,24.0,244.43,141.53,75.0,44.0,99.7972731591401,119,31.0,3.0,0.26,169.0,
2025-04-22 07:31:22,172.73,30.0,249.86,28.0,170.94,36.0,264.82,34.0,211.3,77.13000000000002,66.0,62.0,87.57141656956354,128,4.0,9.0,0.03,174.25,8.0
2025-04-22 07:31:23,169.0,53.0,244.5,20.0,163.0,72.0,366.1,21.0,206.75,75.5,125.0,41.0,55.37584735243347,166,84.0,38.0,0.51,169.0,4.0
2025-04-22 07:31:24,170.09,35.0,236.0,24.0,164.35,51.0,248.0,16.0,203.04,65.91,86.0,40.0,59.38145021806061,126,46.0,-40.0,0.37,169.0,
2025-04-22 07:31:25,173.0,49.0,232.55,22.0,172.0,8.0,235.33,18.0,202.77,59.55000000000001,57.0,40.0,17.546275103280507,97,17.0,-29.0,0.18,173.0,3.0
2025-04-22 07:31:26,173.0,60.0,230.8,25.0,172.0,12.0,283.87,30.0,201.9,57.80000000000001,72.0,55.0,3.907092269194381,127,17.0,30.0,0.13,173.0,
2025-04-22 07:31:27,173.0,35.0,208.64,11.0,172.0,7.0,336.25,12.0,190.82,35.639999999999986,42.0,23.0,6.016305344644433,65,19.0,-62.0,0.29,173.0,
2025-04-22 07:31:28,173.0,20.0,201.07,14.0,172.0,4.0,203.0,6.0,187.04,28.069999999999997,24.0,20.0,7.601209114344629,44,4.0,-21.0,0.09,173.0,
2025-04-22 07:31:29,174.31,49.0,193.0,9.0,172.36,11.0,200.0,45.0,183.65,18.69,60.0,54.0,8.690237626209909,114,6.0,70.0,0.05,173.0,3.0
2025-04-22 07:31:30,175.0,144.0,192.0,18.0,173.0,18.0,199.36,33.0,183.5,17.0,162.0,51.0,7.610960517568912,213,111.0,99.0,0.52,173.0,
2025-04-22 07:31:31,175.11,90.0,190.18,34.0,174.88,170.0,199.42,69.0,182.64,15.069999999999991,260.0,103.0,3.4011615662875,363,157.0,150.0,0.43,173.0,
2025-04-22 07:31:32,176.0,6.0,186.27,22.0,175.0,96.0,187.18,22.0,181.14,10.27000000000001,102.0,44.0,2.169050483504348,146,58.0,-168.0,0.4,173.0,
2025-04-22 07:31:33,176.57,14.0,181.18,55.0,175.0,224.0,182.54,57.0,178.88,4.610000000000014,238.0,112.0,1.9905325920440888,350,126.0,168.0,0.36,173.0,
2025-04-22 07:31:34,175.0,230.0,177.91,55.0,173.0,30.0,179.26,62.0,176.45,2.9099999999999966,260.0,117.0,2.8728766071638225,377,143.0,27.0,0.38,175.3,10.0
2025-04-22 07:31:35,175.0,91.0,178.53,43.0,173.0,61.0,190.59,51.0,176.77,3.530000000000001,152.0,94.0,2.7001907340016738,246,58.0,-131.0,0.24,175.3,
2025-04-22 07:31:36,175.0,84.0,176.93,27.0,173.0,84.0,180.0,48.0,175.96,1.9300000000000068,168.0,75.0,2.1554001948566115,243,93.0,-3.0,0.38,177.0,3.0
2025-04-22 07:31:37,175.0,30.0,180.0,36.0,173.0,63.0,306.5,24.0,177.5,5.0,93.0,60.0,1.135636385463075,153,33.0,-90.0,0.22,175.0,5.0
2025-04-22 07:31:38,175.0,16.0,179.62,32.0,173.0,56.0,318.75,16.0,177.31,4.6200000000000045,72.0,48.0,0.6283072496697031,120,24.0,-33.0,0.2,175.0,
2025-04-22 07:31:39,175.0,16.0,179.0,32.0,173.0,56.0,398.0,24.0,177.0,4.0,72.0,56.0,0.5996415595900189,128,16.0,8.0,0.12,175.0,
2025-04-22 07:31:40,173.32,50.0,178.67,36.0,172.82,34.0,237.92,24.0,175.99,5.349999999999994,84.0,60.0,0.7314847913576082,144,24.0,16.0,0.17,175.0,2.0
2025-04-22 07:31:41,173.0,81.0,175.88,40.0,172.0,12.0,177.36,44.0,174.44,2.8799999999999955,93.0,84.0,1.2645433958498078,177,9.0,33.0,0.05,173.0,3.0
2025-04-22 07:31:42,169.88,33.0,173.47,38.0,167.9,41.0,186.33,24.0,171.68,3.5900000000000034,74.0,62.0,2.3048275423525504,136,12.0,-41.0,0.09,171.75,8.0
2025-04-22 07:31:43,169.0,62.0,171.0,26.0,167.0,78.0,172.0,52.0,170.0,2.0,140.0,78.0,2.931624123244028,218,62.0,82.0,0.28,169.0,3.0
2025-04-22 07:31:44,169.0,8.0,171.0,8.0,167.0,24.0,172.0,16.0,170.0,2.0,32.0,24.0,2.696557064107074,56,8.0,-162.0,0.14,169.0,
2025-04-22 07:31:45,169.0,14.0,170.56,18.0,167.0,42.0,298.75,16.0,169.78,1.5600000000000025,56.0,34.0,1.9762590923219725,90,22.0,34.0,0.24,170.0,4.0
2025-04-22 07:31:47,174.04,46.0,429.67,24.0,173.0,26.0,621.9,40.0,301.86,255.63,72.0,64.0,80.25537502248687,136,8.0,26.0,0.06,174.0,2.0
2025-04-22 07:31:49,178.0,16.0,409.0,24.0,177.0,16.0,529.18,17.0,293.5,231.0,32.0,41.0,71.6816043347248,73,-9.0,-32.0,-0.12,174.0,
2025-04-22 07:31:51,174.2,20.0,304.9,30.0,172.33,12.0,469.64,28.0,239.55,130.7,32.0,58.0,44.0893301151202,90,-26.0,24.0,-0.29,178.0,4.0
2025-04-22 07:31:52,174.78,18.0,217.0,15.0,171.85,13.0,222.56,16.0,195.89,42.22,31.0,31.0,65.82282863870283,62,0.0,-28.0,0.0,178.0,
2025-04-22 07:31:53,177.0,24.0,209.85,34.0,173.0,24.0,210.71,35.0,193.43,32.849999999999994,48.0,69.0,60.70032355762222,117,-21.0,55.0,-0.18,178.0,
2025-04-22 07:31:54,177.0,24.0,205.6,48.0,173.09,22.0,206.69,48.0,191.3,28.599999999999994,46.0,96.0,59.90206073249918,142,-50.0,25.0,-0.35,178.0,
2025-04-22 07:31:55,173.67,36.0,202.66,44.0,171.5,20.0,204.84,73.0,188.16,28.99000000000001,56.0,117.0,21.367366005196136,173,-61.0,31.0,-0.35,175.67,3.0
2025-04-22 07:31:56,173.0,43.0,198.26,31.0,170.0,9.0,199.6,30.0,185.63,25.25999999999999,52.0,61.0,4.084723980883901,113,-9.0,-60.0,-0.08,175.67,
2025-04-22 07:31:57,173.0,132.0,189.84,38.0,170.0,12.0,195.91,46.0,181.42,16.840000000000003,144.0,84.0,4.725279885891143,228,60.0,115.0,0.26,175.67,
2025-04-22 07:31:58,173.0,110.0,174.96,57.0,171.78,36.0,191.5,38.0,173.98,1.960000000000008,146.0,95.0,6.713070832339439,241,51.0,13.0,0.21,173.0,6.0
2025-04-22 07:31:59,173.0,35.0,174.0,21.0,172.0,28.0,181.0,35.0,173.5,1.0,63.0,56.0,6.658492321840251,119,7.0,-122.0,0.06,173.0,
2025-04-22 07:32:00,173.07,28.0,185.67,33.0,171.94,33.0,212.76,33.0,179.37,12.599999999999994,61.0,66.0,5.127343366696359,127,-5.0,8.0,-0.04,173.0,5.0
2025-04-22 07:32:01,172.12,50.0,192.34,29.0,170.8,20.0,194.11,44.0,182.23,20.22,70.0,73.0,4.1178453103540695,143,-3.0,16.0,-0.02,173.0,
2025-04-22 07:32:02,172.0,68.0,185.42,43.0,170.0,17.0,191.05,41.0,178.71,13.419999999999987,85.0,84.0,3.7318721843070826,169,1.0,26.0,0.01,173.0,
2025-04-22 07:32:03,171.43,69.0,176.32,74.0,166.46,95.0,179.58,36.0,173.88,4.889999999999986,164.0,110.0,3.756031150031225,274,54.0,105.0,0.2,171.64,14.0
2025-04-22 07:32:04,169.0,54.0,171.29,42.0,164.0,98.0,173.75,40.0,170.14,2.289999999999992,152.0,82.0,4.811395847361218,234,70.0,-40.0,0.3,169.0,6.0
2025-04-22 07:32:05,165.67,21.0,176.25,16.0,159.9,60.0,222.08,13.0,170.96,10.580000000000013,81.0,29.0,5.173570333918763,110,52.0,-124.0,0.47,172.0,4.0
2025-04-22 07:32:06,167.37,19.0,178.0,6.0,158.11,28.0,505.0,15.0,172.68,10.629999999999995,47.0,21.0,3.370709124205729,68,26.0,-42.0,0.38,172.0,
2025-04-22 07:32:07,173.0,9.0,178.0,18.0,168.0,99.0,294.81,26.0,175.5,5.0,108.0,44.0,2.1674224322922235,152,64.0,84.0,0.42,172.0,
2025-04-22 07:32:08,173.0,3.0,178.0,6.0,168.0,33.0,217.0,6.0,175.5,5.0,36.0,12.0,2.4966938138273216,48,24.0,-104.0,0.5,172.0,
2025-04-22 07:32:09,168.42,36.0,178.0,12.0,167.61,54.0,244.14,7.0,173.21,9.580000000000013,90.0,19.0,1.9483069573359684,109,71.0,61.0,0.65,173.0,1.0
2025-04-22 07:32:10,168.86,81.0,177.17,24.0,167.92,84.0,200.0,12.0,173.02,8.309999999999974,165.0,36.0,1.398685096797647,201,129.0,92.0,0.64,173.0,
2025-04-22 07:32:11,169.0,60.0,176.0,32.0,167.75,73.0,238.5,8.0,172.5,7.0,133.0,40.0,1.4422135764178063,173,93.0,-28.0,0.54,173.0,
2025-04-22 07:32:12,169.47,19.0,175.08,48.0,168.67,108.0,188.3,40.0,172.28,5.610000000000014,127.0,88.0,1.285192592572684,215,39.0,42.0,0.18,173.0,
2025-04-22 07:32:13,170.29,14.0,172.36,56.0,167.74,139.0,174.12,64.0,171.32,2.0700000000000216,153.0,120.0,0.7432227122494998,273,33.0,58.0,0.12,173.0,
2025-04-22 07:32:14,170.18,11.0,171.64,44.0,166.91,93.0,172.64,44.0,170.91,1.4599999999999795,104.0,88.0,0.8687807548532445,192,16.0,-81.0,0.08,171.0,1.0
2025-04-22 07:32:15,166.98,49.0,169.85,47.0,165.88,95.0,172.8,41.0,168.42,2.8700000000000045,144.0,88.0,1.6292881881371108,232,56.0,40.0,0.24,169.5,2.0
2025-04-22 07:32:17,166.0,84.0,171.67,27.0,162.0,132.0,192.52,29.0,168.83,5.669999999999988,216.0,56.0,1.5972695451934746,272,160.0,65.0,0.59,170.6,5.0
2025-04-22 07:32:18,164.17,84.0,175.29,42.0,162.0,132.0,209.5,24.0,169.73,11.120000000000005,216.0,66.0,1.2473692316240903,282,150.0,10.0,0.53,170.6,
2025-04-22 07:32:19,164.0,63.0,173.07,27.0,162.0,99.0,173.67,36.0,168.54,9.069999999999991,162.0,63.0,0.7423274210227662,225,99.0,-57.0,0.44,170.6,
2025-04-22 07:32:20,162.68,60.0,170.51,35.0,159.05,114.0,172.8,61.0,166.6,7.829999999999984,174.0,96.0,1.1890037846879178,270,78.0,45.0,0.29,170.0,1.0
2025-04-22 07:32:21,165.0,9.0,169.0,36.0,160.0,99.0,170.44,18.0,167.0,4.0,108.0,54.0,1.3072298956197996,162,54.0,-108.0,0.33,170.0,
2025-04-22 07:32:24,165.0,12.0,169.74,34.0,160.0,132.0,230.63,27.0,167.37,4.740000000000009,144.0,61.0,0.3715911732021294,205,83.0,103.0,0.4,169.5,8.0
2025-04-22 07:32:25,166.38,8.0,169.0,24.0,161.32,28.0,173.0,24.0,167.69,2.6200000000000045,36.0,48.0,0.5132543229255834,84,-12.0,-121.0,-0.14,169.5,
2025-04-22 07:32:26,168.0,6.0,169.0,18.0,165.0,6.0,173.0,18.0,168.5,1.0,12.0,36.0,0.8339244570114726,48,-24.0,-36.0,-0.5,169.5,
2025-04-22 07:32:27,168.0,6.0,169.0,18.0,162.33,6.0,173.0,18.0,168.5,1.0,12.0,36.0,0.8408745447461099,48,-24.0,0.0,-0.5,169.5,
2025-04-22 07:32:44,164.43,7.0,170.0,8.0,160.8,10.0,321.0,3.0,167.21,5.569999999999993,17.0,11.0,1.5245753507128188,28,6.0,-92.0,0.21,169.5,
2025-04-22 07:32:45,167.19,31.0,173.87,30.0,166.36,33.0,299.5,12.0,170.53,6.680000000000007,64.0,42.0,2.98195741082962,106,22.0,78.0,0.21,170.0,3.0
2025-04-22 07:32:46,172.93,28.0,320.81,21.0,172.04,27.0,406.71,21.0,246.87,147.88,55.0,42.0,36.01909798981661,97,13.0,-9.0,0.13,174.0,1.0
2025-04-22 07:32:47,174.9,20.0,241.82,11.0,172.56,27.0,407.2,25.0,208.36,66.91999999999999,47.0,36.0,35.65357177058163,83,11.0,-14.0,0.13,174.0,
2025-04-22 07:32:48,173.29,21.0,192.0,7.0,171.0,21.0,354.84,19.0,182.64,18.710000000000008,42.0,26.0,33.13889964980758,68,16.0,-15.0,0.24,174.0,
2025-04-22 07:32:49,175.5,96.0,191.42,12.0,173.5,36.0,229.0,12.0,183.46,15.919999999999987,132.0,24.0,30.400890940892157,156,108.0,88.0,0.69,176.0,3.0
2025-04-22 07:32:50,176.62,61.0,188.75,12.0,173.93,45.0,265.33,24.0,182.69,12.129999999999995,106.0,36.0,28.00906870997356,142,70.0,-14.0,0.49,176.75,4.0
2025-04-22 07:32:51,177.14,35.0,187.14,7.0,176.0,35.0,328.82,11.0,182.14,10.0,70.0,18.0,11.470676527564208,88,52.0,-54.0,0.59,176.75,
2025-04-22 07:32:52,176.57,35.0,187.0,10.0,171.56,90.0,288.6,10.0,181.79,10.430000000000009,125.0,20.0,0.6327163661620925,145,105.0,57.0,0.72,177.25,8.0
2025-04-22 07:32:53,176.0,18.0,186.89,9.0,171.0,90.0,269.67,9.0,181.44,10.889999999999986,108.0,18.0,0.7941851169653281,126,90.0,-19.0,0.71,177.25,
2025-04-22 07:32:54,176.0,24.0,186.0,12.0,171.54,122.0,262.36,14.0,181.0,10.0,146.0,26.0,0.647433394264566,172,120.0,46.0,0.7,177.25,
2025-04-22 07:32:55,176.0,20.0,184.7,10.0,174.0,110.0,187.7,10.0,180.35,8.699999999999989,130.0,20.0,0.697875347041753,150,110.0,-22.0,0.73,177.25,
2025-04-22 07:32:56,176.0,14.0,181.86,7.0,174.0,77.0,184.0,7.0,178.93,5.860000000000014,91.0,14.0,1.1270625537246042,105,77.0,-45.0,0.73,177.25,
2025-04-22 07:32:57,176.0,22.0,179.0,11.0,174.0,121.0,180.73,11.0,177.5,3.0,143.0,22.0,1.617816429638315,165,121.0,60.0,0.73,177.25,
2025-04-22 07:32:58,176.07,57.0,178.6,10.0,174.11,105.0,212.56,16.0,177.34,2.530000000000001,162.0,26.0,1.645457383224232,188,136.0,23.0,0.72,176.33,6.0
2025-04-22 07:32:59,174.0,88.0,190.0,8.0,171.0,80.0,244.25,16.0,182.0,16.0,168.0,24.0,1.9737097051003345,192,144.0,4.0,0.75,178.0,1.0
2025-04-22 07:33:00,174.0,110.0,189.75,12.0,171.0,100.0,221.0,10.0,181.88,15.75,210.0,22.0,2.2858477639614185,232,188.0,40.0,0.81,178.0,
2025-04-22 07:33:01,174.0,103.0,188.06,34.0,171.62,87.0,307.0,19.0,181.03,14.060000000000002,190.0,53.0,2.3403204908746256,243,137.0,11.0,0.56,174.0,3.0
2025-04-22 07:33:02,174.0,60.0,186.2,40.0,173.0,90.0,188.0,30.0,180.1,12.199999999999989,150.0,70.0,1.9089525923940387,220,80.0,-23.0,0.36,174.0,4.0
2025-04-22 07:33:03,174.0,49.0,183.46,37.0,173.0,129.0,184.56,36.0,178.73,9.460000000000008,178.0,73.0,1.3620462547241463,251,105.0,31.0,0.42,174.0,1.0
2025-04-22 07:33:04,174.0,36.0,180.13,31.0,173.0,108.0,181.22,32.0,177.06,6.129999999999996,144.0,63.0,1.908782334371199,207,81.0,-44.0,0.39,174.0,
2025-04-22 07:33:05,173.38,72.0,175.71,28.0,172.24,131.0,178.0,42.0,174.54,2.3300000000000125,203.0,70.0,2.576464632011624,273,133.0,66.0,0.49,174.0,3.0
2025-04-22 07:33:06,173.0,111.0,175.06,36.0,171.0,160.0,189.09,44.0,174.03,2.0600000000000023,271.0,80.0,2.618237957101309,351,191.0,78.0,0.54,174.0,2.0
2025-04-22 07:33:07,172.72,61.0,175.13,45.0,171.84,100.0,304.67,67.0,173.93,2.4099999999999966,161.0,112.0,2.1382866973363077,273,49.0,-78.0,0.18,172.75,4.0
2025-04-22 07:33:08,171.92,38.0,173.67,24.0,170.79,34.0,403.15,26.0,172.79,1.75,72.0,50.0,1.582766565228365,122,22.0,-151.0,0.18,172.0,4.0
2025-04-22 07:33:09,171.45,44.0,174.0,24.0,170.11,110.0,228.98,43.0,172.73,2.550000000000012,154.0,67.0,0.8047235550201643,221,87.0,99.0,0.39,172.0,
2025-04-22 07:33:10,170.06,51.0,174.0,14.0,169.42,31.0,276.0,14.0,172.03,3.9399999999999977,82.0,28.0,0.8561074698914763,110,54.0,-111.0,0.49,171.0,3.0
2025-04-22 07:33:11,170.0,42.0,172.83,12.0,169.0,18.0,256.0,12.0,171.42,2.8300000000000125,60.0,24.0,0.9403722667133856,84,36.0,-26.0,0.43,171.0,
2025-04-22 07:33:12,170.0,48.0,171.54,26.0,169.0,36.0,267.67,45.0,170.77,1.539999999999992,84.0,71.0,0.8651127094218829,155,13.0,71.0,0.08,170.0,3.0
2025-04-22 07:33:15,173.0,6.0,325.0,30.0,170.0,42.0,426.67,6.0,249.0,152.0,48.0,36.0,34.43662541539194,84,12.0,-3.0,0.14,170.0,
2025-04-22 07:33:16,173.89,28.0,317.71,28.0,170.58,26.0,337.35,20.0,245.8,143.82,54.0,48.0,36.629322543558274,102,6.0,18.0,0.06,170.0,
2025-04-22 07:33:17,174.65,43.0,240.1,30.0,173.74,27.0,300.7,30.0,207.38,65.44999999999999,70.0,60.0,29.28565945987952,130,10.0,28.0,0.08,175.33,3.0
2025-04-22 07:33:18,170.7,23.0,204.0,21.0,151.81,16.0,205.0,7.0,187.35,33.30000000000001,39.0,28.0,26.204899732684183,67,11.0,-63.0,0.16,173.1,10.0
2025-04-22 07:33:19,172.0,14.0,202.54,39.0,170.0,52.0,541.0,13.0,187.27,30.539999999999992,66.0,52.0,30.395442915016524,118,14.0,51.0,0.12,173.1,
2025-04-22 07:33:20,172.43,14.0,200.33,27.0,170.06,33.0,601.78,9.0,186.38,27.90000000000001,47.0,36.0,25.590377683809606,83,11.0,-35.0,0.13,173.1,
2025-04-22 07:33:21,172.73,11.0,199.0,35.0,170.26,19.0,200.0,21.0,185.86,26.27000000000001,30.0,56.0,9.26267078115232,86,-26.0,3.0,-0.3,175.0,2.0
2025-04-22 07:33:22,173.78,45.0,199.0,45.0,171.0,13.0,200.0,27.0,186.39,25.22,58.0,72.0,0.6401171767812602,130,-14.0,44.0,-0.11,175.0,
2025-04-22 07:33:23,176.82,61.0,198.69,58.0,172.14,28.0,199.44,54.0,187.75,21.870000000000005,89.0,112.0,0.7627253765350076,201,-23.0,71.0,-0.11,174.0,3.0
2025-04-22 07:33:24,178.0,21.0,198.0,9.0,171.0,6.0,199.0,15.0,188.0,20.0,27.0,24.0,0.9409729007843792,51,3.0,-150.0,0.06,174.0,
2025-04-22 07:33:25,178.0,77.0,196.43,37.0,171.0,22.0,197.31,51.0,187.22,18.430000000000007,99.0,88.0,0.9045606668492078,187,11.0,136.0,0.06,174.0,
2025-04-22 07:33:26,176.42,19.0,195.71,34.0,171.55,22.0,196.87,46.0,186.06,19.29000000000002,41.0,80.0,0.8413263338388475,121,-39.0,-66.0,-0.32,176.89,9.0
2025-04-22 07:33:27,170.5,24.0,192.64,33.0,168.69,13.0,194.77,39.0,181.57,22.139999999999983,37.0,72.0,2.6508206276566613,109,-35.0,-12.0,-0.32,171.67,3.0
2025-04-22 07:33:28,170.0,66.0,191.12,34.0,146.0,8.0,192.7,30.0,180.56,21.120000000000005,74.0,64.0,3.392081956558391,138,10.0,29.0,0.07,170.0,2.0
2025-04-22 07:33:29,170.41,111.0,186.83,36.0,162.21,56.0,188.36,44.0,178.62,16.420000000000016,167.0,80.0,3.679902172613775,247,87.0,109.0,0.35,173.0,1.0
2025-04-22 07:33:30,173.0,27.0,182.16,31.0,170.0,108.0,183.78,27.0,177.58,9.159999999999997,135.0,58.0,3.294255606355721,193,77.0,-54.0,0.4,173.0,
2025-04-22 07:33:31,171.67,54.0,178.0,52.0,169.94,124.0,179.41,44.0,174.83,6.3300000000000125,178.0,96.0,2.641546895287768,274,82.0,81.0,0.3,173.0,3.0
2025-04-22 07:33:32,170.0,102.0,173.6,30.0,168.25,16.0,176.0,50.0,171.8,3.5999999999999943,118.0,80.0,3.4228964343086723,198,38.0,-76.0,0.19,170.0,2.0
2025-04-22 07:33:33,170.0,100.0,172.08,36.0,169.0,10.0,173.88,40.0,171.04,2.0800000000000125,110.0,76.0,3.371050281440737,186,34.0,-12.0,0.18,171.25,4.0
2025-04-22 07:33:34,170.0,53.0,191.18,44.0,169.0,10.0,275.69,32.0,180.59,21.180000000000007,63.0,76.0,3.991048734355663,139,-13.0,-47.0,-0.09,170.0,8.0
2025-04-22 07:33:35,170.0,16.0,333.29,28.0,169.0,8.0,549.07,28.0,251.64,163.29000000000002,24.0,56.0,34.67306663680055,80,-32.0,-59.0,-0.4,170.0,
2025-04-22 07:33:36,170.9,20.0,210.81,31.0,169.92,13.0,320.54,26.0,190.85,39.91,33.0,57.0,33.64815195519679,90,-24.0,10.0,-0.27,170.0,
2025-04-22 07:33:37,172.41,32.0,205.93,43.0,170.39,23.0,283.67,33.0,189.17,33.52000000000001,55.0,76.0,31.730450201659856,131,-21.0,41.0,-0.16,170.0,
2025-04-22 07:33:38,174.91,69.0,209.6,30.0,173.61,23.0,328.1,20.0,192.26,34.69,92.0,50.0,28.724069523659395,142,42.0,11.0,0.3,170.0,
2025-04-22 07:33:39,175.0,40.0,208.86,21.0,174.0,14.0,286.14,14.0,191.93,33.860000000000014,54.0,35.0,27.122357014094845,89,19.0,-53.0,0.21,175.0,5.0
2025-04-22 07:33:40,175.33,30.0,186.79,28.0,174.76,33.0,190.57,21.0,181.06,11.45999999999998,63.0,49.0,4.62852352268103,112,14.0,23.0,0.12,175.0,
2025-04-22 07:33:41,176.79,48.0,184.03,34.0,175.08,49.0,185.14,43.0,180.41,7.240000000000009,97.0,77.0,5.817802849874711,174,20.0,62.0,0.11,175.0,
2025-04-22 07:33:42,179.18,62.0,182.43,42.0,176.63,27.0,184.14,42.0,180.8,3.25,89.0,84.0,6.215663279168944,173,5.0,-1.0,0.03,175.0,
2025-04-22 07:33:43,180.0,48.0,181.0,40.0,177.0,20.0,183.0,30.0,180.5,1.0,68.0,70.0,5.032111882699722,138,-2.0,-35.0,-0.01,180.0,2.0
2025-04-22 07:33:44,177.64,14.0,180.09,45.0,175.07,57.0,181.46,39.0,178.87,2.450000000000017,71.0,84.0,0.8544998537191404,155,-13.0,17.0,-0.08,179.25,4.0
2025-04-22 07:33:45,175.3,27.0,178.48,42.0,173.46,41.0,203.8,45.0,176.89,3.1799999999999784,68.0,87.0,1.637598851979792,155,-19.0,0.0,-0.12,175.4,5.0
2025-04-22 07:33:46,175.0,13.0,177.31,52.0,170.77,39.0,179.0,52.0,176.15,2.3100000000000023,52.0,104.0,2.0881020090036246,156,-52.0,1.0,-0.33,175.4,
2025-04-22 07:33:47,171.11,95.0,175.77,52.0,164.7,88.0,176.93,56.0,173.44,4.659999999999997,183.0,108.0,2.693074451255294,291,75.0,135.0,0.26,172.17,6.0
2025-04-22 07:33:48,173.02,132.0,174.88,57.0,171.32,63.0,356.93,60.0,173.95,1.8599999999999848,195.0,117.0,2.2197747633494567,312,78.0,21.0,0.25,174.2,5.0
2025-04-22 07:33:49,173.0,114.0,248.25,40.0,170.03,34.0,413.56,16.0,210.62,75.25,148.0,56.0,15.947528021609092,204,92.0,-108.0,0.45,173.0,3.0
2025-04-22 07:33:52,175.8,60.0,298.82,17.0,173.66,83.0,439.29,21.0,237.31,123.01999999999998,143.0,38.0,92.69476792138848,181,105.0,1.0,0.58,176.4,5.0
2025-04-22 07:33:53,174.0,48.0,189.88,8.0,173.0,56.0,413.12,16.0,181.94,15.879999999999995,104.0,24.0,90.647084178147,128,80.0,-53.0,0.62,176.4,
2025-04-22 07:33:54,174.0,36.0,189.0,6.0,173.0,42.0,565.0,30.0,181.5,15.0,78.0,36.0,96.38794338505238,114,42.0,-14.0,0.37,176.4,
2025-04-22 07:33:55,175.56,27.0,189.0,8.0,173.86,49.0,387.75,8.0,182.28,13.439999999999998,76.0,16.0,93.05066592991176,92,60.0,-22.0,0.65,176.4,
2025-04-22 07:33:56,176.0,19.0,188.22,9.0,174.0,54.0,290.0,9.0,182.11,12.22,73.0,18.0,24.75609157359076,91,55.0,-1.0,0.6,176.0,2.0
2025-04-22 07:33:57,176.0,10.0,185.9,10.0,174.0,60.0,226.2,10.0,180.95,9.900000000000006,70.0,20.0,0.5359384293031783,90,50.0,-1.0,0.56,176.0,
2025-04-22 07:33:58,174.06,33.0,183.89,9.0,173.1,62.0,185.33,9.0,178.97,9.829999999999984,95.0,18.0,1.3334804085563434,113,77.0,23.0,0.68,174.67,3.0
2025-04-22 07:33:59,174.34,58.0,182.07,14.0,173.09,92.0,183.07,14.0,178.21,7.72999999999999,150.0,28.0,1.8403749617953375,178,122.0,65.0,0.69,176.0,5.0
2025-04-22 07:34:00,174.0,40.0,179.77,22.0,173.0,70.0,181.9,10.0,176.89,5.77000000000001,110.0,32.0,2.100257127116245,142,78.0,-36.0,0.55,176.0,
2025-04-22 07:34:01,175.99,70.0,178.19,59.0,174.0,60.0,180.13,15.0,177.09,2.1999999999999886,130.0,74.0,1.6475193473832024,204,56.0,62.0,0.27,177.0,5.0
2025-04-22 07:34:02,174.0,44.0,179.64,11.0,173.0,77.0,369.73,11.0,176.82,5.639999999999986,121.0,22.0,0.951514582127628,143,99.0,-61.0,0.69,178.0,1.0
2025-04-22 07:34:03,173.0,48.0,178.5,8.0,172.0,24.0,322.62,8.0,175.75,5.5,72.0,16.0,0.8757396873507269,88,56.0,-55.0,0.64,173.8,5.0
2025-04-22 07:34:04,173.0,90.0,176.93,15.0,172.0,45.0,231.87,15.0,174.97,3.930000000000007,135.0,30.0,0.9102087672620872,165,105.0,77.0,0.64,173.8,
2025-04-22 07:34:05,173.0,72.0,176.0,12.0,172.0,36.0,293.0,44.0,174.5,3.0,108.0,56.0,1.1272222496031998,164,52.0,-1.0,0.32,173.8,
2025-04-22 07:34:06,173.94,93.0,175.0,9.0,172.94,51.0,292.0,45.0,174.47,1.0600000000000025,144.0,54.0,0.9938158783196156,198,90.0,34.0,0.45,173.8,
2025-04-22 07:34:07,174.0,72.0,285.0,18.0,173.0,60.0,301.0,18.0,229.5,111.0,132.0,36.0,24.41328060707955,168,96.0,-30.0,0.57,174.0,7.0
2025-04-22 07:34:08,174.0,36.0,459.35,17.0,173.0,54.0,517.09,33.0,316.68,285.35,90.0,50.0,62.10805366456128,140,40.0,-28.0,0.29,174.0,
2025-04-22 07:34:09,174.0,40.0,380.15,41.0,173.0,78.0,494.9,48.0,277.07,206.15,118.0,89.0,62.83777231888504,207,29.0,67.0,0.14,174.0,1.0
2025-04-22 07:34:10,174.0,27.0,238.89,27.0,173.0,54.0,296.67,18.0,206.44,64.88999999999999,81.0,45.0,56.527096776679045,126,36.0,-81.0,0.29,174.0,
2025-04-22 07:34:11,173.83,18.0,251.95,42.0,172.96,55.0,289.08,13.0,212.89,78.11999999999998,73.0,55.0,47.07141308692616,128,18.0,2.0,0.14,173.5,6.0
2025-04-22 07:34:12,177.61,38.0,307.57,14.0,172.91,22.0,308.46,26.0,242.59,129.95999999999998,60.0,40.0,46.1034470511701,100,20.0,-28.0,0.2,178.0,5.0
2025-04-22 07:34:13,172.31,39.0,218.23,13.0,169.58,19.0,272.0,25.0,195.27,45.91999999999999,58.0,38.0,33.085276483657104,96,20.0,-4.0,0.21,172.5,4.0
2025-04-22 07:34:14,170.0,18.0,178.67,6.0,168.0,18.0,293.78,18.0,174.33,8.669999999999987,36.0,24.0,25.020758981294414,60,12.0,-36.0,0.2,172.5,
2025-04-22 07:34:15,170.0,27.0,176.89,9.0,168.77,52.0,283.45,44.0,173.44,6.889999999999986,79.0,53.0,29.010246120983226,132,26.0,72.0,0.2,172.5,
2025-04-22 07:34:16,170.01,82.0,175.93,14.0,168.51,61.0,333.0,60.0,172.97,5.920000000000016,143.0,74.0,29.95201328792472,217,69.0,85.0,0.32,172.0,7.0
2025-04-22 07:34:17,173.0,80.0,297.38,24.0,168.32,31.0,401.96,49.0,235.19,124.38,111.0,73.0,26.83013417782361,184,38.0,-33.0,0.21,173.0,1.0
2025-04-22 07:34:18,173.0,17.0,211.23,31.0,169.0,14.0,339.0,20.0,192.11,38.22999999999999,31.0,51.0,26.7190160746989,82,-20.0,-102.0,-0.24,173.0,5.0
2025-04-22 07:34:19,176.0,10.0,207.3,50.0,173.0,10.0,412.59,29.0,191.65,31.30000000000001,20.0,79.0,25.32972206716884,99,-59.0,17.0,-0.6,173.0,
2025-04-22 07:34:20,176.97,35.0,206.78,45.0,175.67,9.0,284.0,27.0,191.87,29.81,44.0,72.0,22.99171415967113,116,-28.0,17.0,-0.24,173.0,
2025-04-22 07:34:21,178.0,21.0,204.81,31.0,177.0,14.0,261.38,21.0,191.4,26.81,35.0,52.0,19.42538236431972,87,-17.0,-29.0,-0.2,173.0,
2025-04-22 07:34:22,178.0,27.0,202.71,21.0,177.0,18.0,203.09,33.0,190.36,24.710000000000008,45.0,54.0,0.6779896754520032,99,-9.0,12.0,-0.09,173.0,
2025-04-22 07:34:23,175.46,26.0,189.78,18.0,172.23,30.0,202.95,42.0,182.62,14.319999999999991,56.0,60.0,3.9335543723226456,116,-4.0,17.0,-0.03,175.17,12.0
2025-04-22 07:34:24,169.47,19.0,201.1,39.0,167.4,30.0,202.74,27.0,185.29,31.629999999999995,49.0,66.0,4.120700183223481,115,-17.0,-1.0,-0.15,175.17,
2025-04-22 07:34:25,169.0,6.0,199.09,11.0,167.0,9.0,243.22,9.0,184.05,30.090000000000003,15.0,20.0,3.9093771882510056,35,-5.0,-80.0,-0.14,175.17,
2025-04-22 07:34:26,169.4,10.0,197.2,25.0,167.62,13.0,214.96,23.0,183.3,27.799999999999983,23.0,48.0,3.090053397599565,71,-25.0,36.0,-0.35,175.17,
2025-04-22 07:34:27,170.0,18.0,195.56,45.0,169.0,18.0,198.0,45.0,182.78,25.56,36.0,90.0,1.0932840436116718,126,-54.0,55.0,-0.43,175.17,
2025-04-22 07:34:28,170.89,19.0,195.0,45.0,169.89,18.0,198.0,45.0,182.95,24.110000000000014,37.0,90.0,1.0266596320182884,127,-53.0,1.0,-0.42,175.17,
2025-04-22 07:34:29,171.09,35.0,193.09,55.0,170.37,35.0,194.64,55.0,182.09,22.0,70.0,110.0,0.7186306422743307,180,-40.0,53.0,-0.22,171.5,2.0
2025-04-22 07:34:30,170.67,30.0,189.8,50.0,169.5,20.0,190.9,50.0,180.23,19.130000000000024,50.0,100.0,1.2224360924053346,150,-50.0,-30.0,-0.33,171.0,4.0
2025-04-22 07:34:40,139.12,8.0,312.44,18.0,93.0,18.0,339.74,19.0,225.78,173.32,26.0,37.0,57.81896488177576,63,-11.0,29.0,-0.17,171.0,
2025-04-22 07:34:53,163.88,34.0,183.07,27.0,158.2,15.0,225.89,18.0,173.48,19.19,49.0,45.0,6.349840942890373,94,4.0,56.0,0.04,167.22,9.0
2025-04-22 07:34:54,177.0,90.0,191.05,44.0,160.74,19.0,424.61,18.0,184.02,14.050000000000011,109.0,62.0,10.7967365439752,171,47.0,77.0,0.27,167.22,
2025-04-22 07:34:55,177.09,77.0,295.0,11.0,176.22,23.0,568.27,55.0,236.05,117.91,100.0,66.0,31.116171358314908,166,34.0,-5.0,0.2,167.22,
2025-04-22 07:34:56,178.31,13.0,310.0,8.0,177.17,54.0,512.97,31.0,244.15,131.69,67.0,39.0,37.6843061499084,106,28.0,-60.0,0.26,179.0,2.0
2025-04-22 07:34:57,177.38,16.0,372.0,28.0,176.49,65.0,405.94,16.0,274.69,194.62,81.0,44.0,42.60219912164199,125,37.0,19.0,0.3,177.33,6.0
2025-04-22 07:34:58,177.0,55.0,324.93,15.0,174.0,110.0,448.0,17.0,250.97,147.93,165.0,32.0,33.42842921825732,197,133.0,72.0,0.68,177.33,
2025-04-22 07:34:59,177.0,37.0,253.5,12.0,174.0,80.0,339.0,12.0,215.25,76.5,117.0,24.0,21.67947231830246,141,93.0,-56.0,0.66,177.0,1.0
2025-04-22 07:35:00,177.0,28.0,260.43,7.0,174.0,70.0,284.8,15.0,218.71,83.43,98.0,22.0,24.51501335916505,120,76.0,-21.0,0.63,177.0,1.0
2025-04-22 07:35:01,177.0,36.0,221.86,14.0,174.0,84.0,261.0,12.0,199.43,44.860000000000014,120.0,26.0,30.41425652551837,146,94.0,26.0,0.64,177.0,
2025-04-22 07:35:02,174.21,43.0,212.0,11.0,171.88,33.0,216.18,11.0,193.1,37.78999999999999,76.0,22.0,22.51939208771033,98,54.0,-48.0,0.55,176.25,4.0
2025-04-22 07:35:03,174.0,37.0,191.33,12.0,171.0,84.0,304.46,24.0,182.67,17.330000000000013,121.0,36.0,15.1171200961038,157,85.0,59.0,0.54,174.0,1.0
2025-04-22 07:35:04,172.59,51.0,190.0,13.0,170.89,71.0,262.52,29.0,181.29,17.409999999999997,122.0,42.0,15.210062458781124,164,80.0,7.0,0.49,173.25,4.0
2025-04-22 07:35:05,171.3,60.0,189.1,10.0,170.25,24.0,196.0,50.0,180.2,17.799999999999983,84.0,60.0,8.4961267645922,144,24.0,-20.0,0.17,173.25,
2025-04-22 07:35:06,176.0,7.0,189.0,7.0,174.0,42.0,234.38,21.0,182.5,13.0,49.0,28.0,5.2106016927048495,77,21.0,-67.0,0.27,173.25,
2025-04-22 07:35:07,177.0,33.0,188.55,11.0,176.0,11.0,273.6,20.0,182.77,11.550000000000011,44.0,31.0,1.1147780048143854,75,13.0,-2.0,0.17,173.25,
2025-04-22 07:35:08,177.0,33.0,187.64,11.0,176.0,11.0,263.06,16.0,182.32,10.639999999999986,44.0,27.0,1.0630286920012646,71,17.0,-4.0,0.24,177.0,1.0
2025-04-22 07:35:09,176.73,22.0,184.93,14.0,174.36,44.0,279.0,25.0,180.83,8.200000000000017,66.0,39.0,1.1372466750964254,105,27.0,34.0,0.26,177.0,2.0
2025-04-22 07:35:10,174.75,16.0,182.88,8.0,173.25,48.0,205.75,8.0,178.81,8.129999999999995,64.0,16.0,1.654971298850154,80,48.0,-25.0,0.6,175.0,2.0
2025-04-22 07:35:11,174.0,60.0,180.5,12.0,171.0,72.0,183.0,12.0,177.25,6.5,132.0,24.0,2.3419393672803355,156,108.0,76.0,0.69,175.0,
2025-04-22 07:35:12,174.0,55.0,177.09,11.0,171.0,80.0,178.36,11.0,175.55,3.0900000000000034,135.0,22.0,2.709284038268585,157,113.0,1.0,0.72,175.0,
2025-04-22 07:35:13,174.58,38.0,176.0,14.0,171.9,40.0,265.2,20.0,175.29,1.4199999999999875,78.0,34.0,2.320749878814287,112,44.0,-45.0,0.39,174.57,7.0
2025-04-22 07:35:14,174.0,12.0,241.67,9.0,171.0,14.0,352.33,12.0,207.83,67.66999999999999,26.0,21.0,13.982842343387064,47,5.0,-65.0,0.11,172.5,4.0
2025-04-22 07:35:18,178.0,8.0,318.83,12.0,173.0,40.0,373.44,9.0,248.42,140.82999999999998,48.0,21.0,77.17658841902801,69,27.0,-34.0,0.39,172.5,
2025-04-22 07:35:19,178.0,12.0,303.46,13.0,173.0,60.0,383.33,15.0,240.73,125.45999999999998,72.0,28.0,67.45305997506748,100,44.0,31.0,0.44,172.5,
2025-04-22 07:35:20,178.0,6.0,301.14,7.0,173.0,30.0,303.64,11.0,239.57,123.14,36.0,18.0,72.5898345500253,54,18.0,-46.0,0.33,178.0,1.0
2025-04-22 07:35:21,173.0,65.0,297.21,14.0,170.0,13.0,301.09,22.0,235.11,124.20999999999998,78.0,36.0,43.98701081001118,114,42.0,60.0,0.37,178.0,
2025-04-22 07:35:22,173.0,65.0,292.82,28.0,170.0,13.0,293.68,19.0,232.91,119.82,78.0,47.0,5.993097696520259,125,31.0,11.0,0.25,178.0,
2025-04-22 07:35:23,173.0,36.0,283.27,22.0,170.0,10.0,287.6,10.0,228.14,110.26999999999998,46.0,32.0,5.116915086263981,78,14.0,-47.0,0.18,173.0,2.0
2025-04-22 07:35:24,173.53,15.0,282.94,34.0,170.3,10.0,283.5,16.0,228.24,109.41,25.0,50.0,4.839682840851831,75,-25.0,-3.0,-0.33,173.0,2.0
2025-04-22 07:35:25,174.56,27.0,258.13,30.0,172.88,24.0,271.22,54.0,216.34,83.57,51.0,84.0,7.255747377082186,135,-33.0,60.0,-0.24,176.0,2.0
2025-04-22 07:35:26,173.63,70.0,223.42,24.0,169.12,16.0,229.1,21.0,198.52,49.78999999999999,86.0,45.0,13.893944724232696,131,41.0,-4.0,0.31,170.0,5.0
2025-04-22 07:35:27,169.75,32.0,182.5,16.0,168.58,19.0,183.06,34.0,176.12,12.75,51.0,50.0,22.24973977375986,101,1.0,-30.0,0.01,170.0,
2025-04-22 07:35:28,170.6,35.0,180.33,9.0,167.67,27.0,182.0,9.0,175.47,9.730000000000018,62.0,18.0,23.62741881797564,80,44.0,-21.0,0.55,171.0,4.0
2025-04-22 07:35:29,169.0,30.0,177.53,19.0,161.5,34.0,178.32,25.0,173.26,8.530000000000001,64.0,44.0,18.90246068637696,108,20.0,28.0,0.19,171.0,
2025-04-22 07:35:30,162.25,8.0,170.45,11.0,109.3,23.0,173.88,8.0,166.35,8.199999999999989,31.0,19.0,12.136516386509914,50,12.0,-58.0,0.24,169.0,3.0
2025-04-22 07:35:34,166.39,31.0,339.73,44.0,157.57,37.0,437.64,28.0,253.06,173.34000000000003,68.0,72.0,55.95382355121066,140,-4.0,-23.0,-0.03,169.0,
2025-04-22 07:35:35,177.07,15.0,285.13,60.0,174.0,90.0,335.12,50.0,231.1,108.06,105.0,110.0,64.81576289761635,215,-5.0,75.0,-0.02,169.0,
2025-04-22 07:35:36,178.0,7.0,254.43,28.0,174.0,42.0,255.86,28.0,216.21,76.43,49.0,56.0,59.27181480265327,105,-7.0,-110.0,-0.07,169.0,
2025-04-22 07:35:37,178.0,9.0,253.11,36.0,175.53,49.0,254.11,36.0,215.56,75.11000000000001,58.0,72.0,51.59144715938905,130,-14.0,25.0,-0.11,169.0,
2025-04-22 07:35:38,178.0,10.0,193.81,31.0,177.0,50.0,219.24,37.0,185.9,15.810000000000002,60.0,68.0,24.558051225617167,128,-8.0,-2.0,-0.06,169.0,
2025-04-22 07:35:39,178.0,9.0,189.56,36.0,177.0,45.0,193.22,36.0,183.78,11.560000000000002,54.0,72.0,20.749009614919743,126,-18.0,-2.0,-0.14,169.0,
2025-04-22 07:35:40,178.0,10.0,188.0,40.0,177.0,50.0,189.0,40.0,183.0,10.0,60.0,80.0,17.3739431333255,140,-20.0,14.0,-0.14,177.5,2.0
2025-04-22 07:35:41,177.0,48.0,187.08,48.0,175.26,57.0,188.08,48.0,182.04,10.080000000000013,105.0,96.0,14.327926577143868,201,9.0,61.0,0.04,177.5,
2025-04-22 07:35:42,177.0,44.0,186.0,44.0,176.0,44.0,187.0,44.0,181.5,9.0,88.0,88.0,1.7242621610482844,176,0.0,-25.0,0.0,177.5,
2025-04-22 07:35:43,177.0,56.0,185.0,56.0,176.0,56.0,187.0,56.0,181.0,8.0,112.0,112.0,1.1260017762075365,224,0.0,48.0,0.0,177.5,
2025-04-22 07:35:44,177.0,48.0,182.5,48.0,176.0,48.0,185.42,48.0,179.75,5.5,96.0,96.0,1.2088506938502337,192,0.0,-32.0,0.0,177.5,
2025-04-22 07:35:45,177.0,36.0,180.78,36.0,176.0,36.0,182.0,36.0,178.89,3.780000000000001,72.0,72.0,1.2926445760617475,144,0.0,-48.0,0.0,177.5,
2025-04-22 07:35:46,176.73,44.0,178.37,38.0,175.56,41.0,179.8,30.0,177.55,1.6400000000000148,85.0,68.0,1.5971756321774608,153,17.0,9.0,0.11,177.0,1.0
2025-04-22 07:35:47,174.86,42.0,176.57,56.0,173.21,86.0,235.37,51.0,175.71,1.7099999999999795,128.0,107.0,2.038332651953791,235,21.0,82.0,0.09,176.0,4.0
2025-04-22 07:35:48,173.3,37.0,175.08,12.0,171.55,31.0,225.45,11.0,174.19,1.7800000000000011,68.0,23.0,2.2781395918644747,91,45.0,-144.0,0.49,175.2,5.0
2025-04-22 07:35:49,173.07,30.0,176.0,6.0,171.62,26.0,312.0,12.0,174.53,2.930000000000007,56.0,18.0,2.0077549651339504,74,38.0,-17.0,0.51,174.0,1.0
2025-04-22 07:35:50,173.51,49.0,175.92,13.0,172.56,66.0,467.76,34.0,174.72,2.4099999999999966,115.0,47.0,1.3586758259495595,162,68.0,88.0,0.42,173.5,2.0
2025-04-22 07:35:51,174.33,33.0,436.95,37.0,173.27,64.0,578.42,48.0,305.64,262.62,97.0,85.0,58.52174869225996,182,12.0,20.0,0.07,175.0,1.0
2025-04-22 07:35:52,178.5,22.0,194.44,72.0,176.4,30.0,534.76,42.0,186.47,15.939999999999998,52.0,114.0,57.550989131378365,166,-62.0,-16.0,-0.37,179.0,2.0
2025-04-22 07:35:53,179.0,9.0,207.67,36.0,178.0,9.0,624.0,18.0,193.33,28.669999999999987,18.0,54.0,55.75499860999041,72,-36.0,-94.0,-0.5,179.0,
2025-04-22 07:35:54,179.9,10.0,291.59,32.0,178.0,10.0,329.78,36.0,235.75,111.68999999999996,20.0,68.0,53.53679734537768,88,-48.0,16.0,-0.55,179.0,
2025-04-22 07:35:55,174.0,28.0,290.25,24.0,171.88,32.0,538.88,16.0,232.12,116.25,60.0,40.0,47.424479649228026,100,20.0,12.0,0.2,179.0,2.0
2025-04-22 07:35:56,173.0,24.0,290.0,12.0,171.0,28.0,468.57,14.0,231.5,117.0,52.0,26.0,23.853610418551693,78,26.0,-22.0,0.33,179.0,
2025-04-22 07:35:57,173.0,62.0,287.45,33.0,171.0,77.0,388.0,39.0,230.23,114.45,139.0,72.0,17.592553254148232,211,67.0,133.0,0.32,173.0,2.0
2025-04-22 07:35:58,173.0,34.0,282.97,29.0,171.0,70.0,286.9,30.0,227.98,109.97000000000004,104.0,59.0,2.848197675731988,163,45.0,-48.0,0.28,173.0,1.0
2025-04-22 07:35:59,175.61,46.0,285.33,36.0,172.36,44.0,286.75,36.0,230.47,109.71999999999996,90.0,72.0,1.5843452906625388,162,18.0,-1.0,0.11,173.0,
2025-04-22 07:36:00,176.0,30.0,253.0,22.0,173.0,36.0,275.53,32.0,214.5,77.0,66.0,54.0,7.0695424180100135,120,12.0,-42.0,0.1,176.0,3.0
2025-04-22 07:36:01,176.0,12.0,214.42,36.0,173.0,20.0,215.88,32.0,195.21,38.41999999999999,32.0,68.0,15.184119006384242,100,-36.0,-20.0,-0.36,176.0,
2025-04-22 07:36:02,173.38,32.0,211.0,40.0,171.69,32.0,213.07,42.0,192.19,37.620000000000005,64.0,82.0,17.868037105402355,146,-18.0,46.0,-0.12,174.5,2.0
2025-04-22 07:36:03,172.0,80.0,210.25,36.0,171.0,84.0,212.25,36.0,191.12,38.25,164.0,72.0,17.25622699201745,236,92.0,90.0,0.39,172.6,5.0
2025-04-22 07:36:04,175.81,42.0,209.83,36.0,171.22,36.0,226.52,46.0,192.82,34.02000000000001,78.0,82.0,9.80428324764376,160,-4.0,-76.0,-0.03,172.0,2.0
2025-04-22 07:36:05,177.0,48.0,200.97,31.0,175.0,12.0,222.37,43.0,188.98,23.97,60.0,74.0,2.285110500616023,134,-14.0,-26.0,-0.1,172.0,
2025-04-22 07:36:06,177.0,58.0,180.39,28.0,175.0,10.0,187.44,27.0,178.7,3.3899999999999864,68.0,55.0,5.810982705190577,123,13.0,-11.0,0.11,172.0,
2025-04-22 07:36:07,177.0,36.0,178.56,27.0,175.0,9.0,180.0,27.0,177.78,1.5600000000000025,45.0,54.0,7.113255232312597,99,-9.0,-24.0,-0.09,177.0,6.0
2025-04-22 07:36:08,176.35,20.0,177.93,42.0,174.57,14.0,179.86,42.0,177.14,1.5800000000000125,34.0,84.0,7.284152661773439,118,-50.0,19.0,-0.42,177.0,1.0
2025-04-22 07:36:09,174.54,13.0,178.63,30.0,172.0,11.0,216.09,23.0,176.59,4.090000000000003,24.0,53.0,5.170475800157979,77,-29.0,-41.0,-0.38,175.75,4.0
2025-04-22 07:36:10,172.0,10.0,184.6,20.0,171.0,10.0,187.0,20.0,178.3,12.599999999999994,20.0,40.0,0.8532408804189698,60,-20.0,-17.0,-0.33,175.75,
2025-04-22 07:36:11,172.0,6.0,182.5,24.0,171.0,6.0,184.0,12.0,177.25,10.5,12.0,36.0,0.6518972311783313,48,-24.0,-12.0,-0.5,175.75,
2025-04-22 07:36:12,172.0,22.0,181.0,28.0,171.0,10.0,181.75,32.0,176.5,9.0,32.0,60.0,0.7191175147483286,92,-28.0,44.0,-0.3,175.75,
2025-04-22 07:36:13,172.0,56.0,178.45,22.0,171.0,8.0,180.54,26.0,175.23,6.449999999999989,64.0,48.0,1.123401085996261,112,16.0,20.0,0.14,175.75,
2025-04-22 07:36:14,172.0,70.0,176.89,36.0,171.0,10.0,178.0,24.0,174.44,4.889999999999986,80.0,60.0,1.5441275854077938,140,20.0,28.0,0.14,175.75,
2025-04-22 07:36:15,172.0,97.0,220.48,54.0,170.04,184.0,374.28,58.0,196.24,48.47999999999999,281.0,112.0,9.181414379060543,393,169.0,168.0,0.43,172.0,6.0
2025-04-22 07:36:18,170.0,86.0,315.0,8.0,169.0,72.0,619.0,40.0,242.5,145.0,158.0,48.0,102.73831670803294,206,110.0,-145.0,0.53,170.0,2.0
2025-04-22 07:36:19,170.0,60.0,272.5,18.0,169.0,54.0,511.0,14.0,221.25,102.5,114.0,32.0,92.74780266938988,146,82.0,-60.0,0.56,170.0,
2025-04-22 07:36:20,173.56,182.0,305.38,8.0,169.77,78.0,504.38,32.0,239.47,131.82,260.0,40.0,83.88329708589244,300,220.0,154.0,0.73,170.0,
2025-04-22 07:36:21,174.0,216.0,237.08,26.0,173.0,16.0,314.12,8.0,205.54,63.08000000000001,232.0,34.0,80.26309643914864,266,198.0,-34.0,0.74,170.0,
2025-04-22 07:36:22,174.0,297.0,235.81,43.0,173.0,22.0,381.45,22.0,204.91,61.81,319.0,65.0,17.932647043871,384,254.0,118.0,0.66,170.0,
2025-04-22 07:36:23,174.0,216.0,232.0,24.0,173.0,16.0,236.0,32.0,203.0,58.0,232.0,56.0,15.596516598268073,288,176.0,-96.0,0.61,170.0,
2025-04-22 07:36:24,174.0,276.0,206.8,30.0,172.4,25.0,236.0,40.0,190.4,32.80000000000001,301.0,70.0,18.29286828247688,371,231.0,83.0,0.62,170.0,
2025-04-22 07:36:25,174.0,295.0,202.43,51.0,172.0,39.0,207.2,40.0,188.22,28.430000000000007,334.0,91.0,8.398677276812341,425,243.0,54.0,0.57,174.0,8.0
2025-04-22 07:36:26,174.0,252.0,201.5,48.0,172.0,36.0,206.79,34.0,187.75,27.5,288.0,82.0,8.39338012960466,370,206.0,-55.0,0.56,174.0,
2025-04-22 07:36:27,174.0,297.0,198.68,28.0,172.0,39.0,209.78,37.0,186.34,24.680000000000007,336.0,65.0,6.787224764219961,401,271.0,31.0,0.68,174.0,
2025-04-22 07:36:28,174.0,147.0,197.14,28.0,172.0,21.0,431.0,7.0,185.57,23.139999999999983,168.0,35.0,1.866796721670359,203,133.0,-168.0,0.66,174.0,
2025-04-22 07:36:29,174.0,70.0,196.56,36.0,172.45,22.0,335.0,15.0,185.28,22.56,92.0,51.0,1.3050555543879248,143,41.0,-60.0,0.29,174.0,
2025-04-22 07:36:30,174.0,68.0,195.25,32.0,173.0,16.0,331.38,8.0,184.62,21.25,84.0,40.0,1.19865341114038,124,44.0,-19.0,0.35,174.0,1.0
2025-04-22 07:36:31,174.0,50.0,194.71,28.0,173.0,14.0,354.0,7.0,184.36,20.710000000000008,64.0,35.0,0.7872610748907757,99,29.0,-25.0,0.29,174.0,1.0
2025-04-22 07:36:32,174.0,70.0,189.5,32.0,173.0,20.0,294.73,30.0,181.75,15.5,90.0,62.0,1.5149686465527386,152,28.0,53.0,0.18,174.0,
2025-04-22 07:36:33,174.0,58.0,175.15,26.0,173.0,18.0,193.24,21.0,174.58,1.1500000000000057,76.0,47.0,4.422716359889814,123,29.0,-29.0,0.24,174.75,4.0
2025-04-22 07:36:34,174.0,64.0,295.8,45.0,173.0,28.0,417.17,18.0,234.9,121.8,92.0,63.0,24.298940717653533,155,29.0,32.0,0.19,174.0,2.0
2025-04-22 07:36:35,174.0,56.0,371.95,38.0,173.0,28.0,433.64,22.0,272.97,197.95,84.0,60.0,42.70498998946199,144,24.0,-11.0,0.17,174.0,
2025-04-22 07:36:36,177.22,55.0,332.6,30.0,174.54,35.0,358.21,19.0,254.91,155.38000000000002,90.0,49.0,43.87350988922648,139,41.0,-5.0,0.29,174.0,
2025-04-22 07:36:37,179.17,36.0,301.3,30.0,178.0,72.0,353.97,30.0,240.23,122.13000000000002,108.0,60.0,37.13060287687311,168,48.0,29.0,0.29,174.0,
2025-04-22 07:36:38,178.19,31.0,328.14,22.0,174.71,34.0,352.5,14.0,253.16,149.95,65.0,36.0,14.811850998442551,101,29.0,-67.0,0.29,179.0,6.0
2025-04-22 07:36:39,177.0,36.0,240.28,29.0,173.86,42.0,262.74,19.0,208.64,63.28,78.0,48.0,23.911793533736905,126,30.0,25.0,0.24,177.0,4.0
2025-04-22 07:36:40,174.0,36.0,178.81,16.0,173.0,24.0,179.81,32.0,176.41,4.810000000000002,60.0,48.0,33.668382052009186,108,12.0,-18.0,0.11,177.0,
2025-04-22 07:36:41,174.27,45.0,175.76,17.0,173.24,37.0,186.04,23.0,175.02,1.489999999999981,82.0,40.0,35.804965717062885,122,42.0,14.0,0.34,175.33,3.0
2025-04-22 07:36:42,173.62,16.0,236.64,11.0,172.61,23.0,291.67,12.0,205.13,63.01999999999998,39.0,23.0,31.78058636966987,62,16.0,-60.0,0.26,174.0,2.0
2025-04-22 07:36:43,178.0,18.0,402.0,9.0,175.5,48.0,469.11,18.0,290.0,224.0,66.0,27.0,46.8296033508725,93,39.0,31.0,0.42,174.0,
2025-04-22 07:36:44,178.0,6.0,346.0,3.0,176.0,24.0,482.0,6.0,262.0,168.0,30.0,9.0,51.94648852425016,39,21.0,-54.0,0.54,174.0,
2025-04-22 07:36:45,178.0,24.0,255.3,23.0,176.0,96.0,323.6,15.0,216.65,77.30000000000001,120.0,38.0,45.94358442699107,158,82.0,119.0,0.52,174.0,
2025-04-22 07:36:46,178.0,28.0,258.84,25.0,176.0,112.0,294.1,29.0,218.42,80.83999999999997,140.0,54.0,36.050893886283326,194,86.0,36.0,0.44,174.0,
2025-04-22 07:36:47,178.0,18.0,211.35,23.0,176.0,72.0,225.64,22.0,194.67,33.349999999999994,90.0,45.0,38.675063930135394,135,45.0,-59.0,0.33,174.0,
2025-04-22 07:36:48,178.0,22.0,208.55,29.0,176.0,88.0,211.2,25.0,193.28,30.55000000000001,110.0,54.0,27.78671499116173,164,56.0,29.0,0.34,174.0,
2025-04-22 07:36:49,176.57,49.0,209.08,36.0,175.55,66.0,255.69,26.0,192.83,32.51000000000002,115.0,62.0,13.145822530372415,177,53.0,13.0,0.3,177.33,3.0
2025-04-22 07:36:50,176.0,77.0,209.0,33.0,173.0,30.0,305.55,22.0,192.5,33.0,107.0,55.0,11.255494213940382,162,52.0,-15.0,0.32,176.0,1.0
2025-04-22 07:36:51,176.0,80.0,207.57,42.0,173.62,64.0,404.48,50.0,191.79,31.569999999999997,144.0,92.0,1.073466347886004,236,52.0,74.0,0.22,176.0,1.0
2025-04-22 07:36:52,176.0,47.0,207.0,27.0,174.0,36.0,391.15,26.0,191.5,31.0,83.0,53.0,0.7330416086713853,136,30.0,-100.0,0.22,176.0,
2025-04-22 07:36:53,176.07,58.0,206.5,30.0,174.4,30.0,335.55,22.0,191.28,30.430000000000007,88.0,52.0,0.6613244287363159,140,36.0,4.0,0.26,177.0,4.0
2025-04-22 07:36:54,176.0,70.0,205.21,42.0,174.0,40.0,254.31,39.0,190.61,29.210000000000008,110.0,81.0,0.6924810467032769,191,29.0,51.0,0.15,177.0,
2025-04-22 07:36:55,176.0,30.0,204.5,18.0,174.0,24.0,232.5,18.0,190.25,28.5,54.0,36.0,0.6383807641550056,90,18.0,-101.0,0.2,176.0,1.0
2025-04-22 07:36:56,176.0,40.0,201.8,30.0,174.0,40.0,203.5,30.0,188.9,25.80000000000001,80.0,60.0,1.0298883434833903,140,20.0,50.0,0.14,176.0,
2025-04-22 07:36:57,176.0,36.0,197.78,27.0,174.0,36.0,199.33,27.0,186.89,21.78,72.0,54.0,1.7391175923561788,126,18.0,-14.0,0.14,176.0,
2025-04-22 07:36:58,176.0,64.0,193.87,38.0,174.0,64.0,196.12,34.0,184.93,17.870000000000005,128.0,72.0,2.3896819872197312,200,56.0,74.0,0.28,176.0,
2025-04-22 07:36:59,176.11,27.0,191.6,15.0,174.67,36.0,192.33,27.0,183.86,15.48999999999998,63.0,42.0,2.660982901117954,105,21.0,-95.0,0.2,176.0,
2025-04-22 07:37:00,174.3,30.0,188.51,41.0,174.68,50.0,189.61,41.0,181.41,14.20999999999998,80.0,82.0,2.8626334030122997,162,-2.0,57.0,-0.01,174.5,14.0
2025-04-22 07:37:01,173.26,19.0,186.0,42.0,171.08,52.0,187.07,42.0,179.63,12.740000000000007,71.0,84.0,2.8674867044227743,155,-13.0,-7.0,-0.08,178.0,1.0
2025-04-22 07:37:02,173.0,24.0,181.52,25.0,171.0,38.0,182.36,33.0,177.26,8.52000000000001,62.0,58.0,3.113819198354495,120,4.0,-35.0,0.03,178.0,
2025-04-22 07:37:03,173.0,24.0,178.72,25.0,171.0,108.0,179.5,22.0,175.86,5.719999999999999,132.0,47.0,3.1971753158124825,179,85.0,59.0,0.47,178.0,
2025-04-22 07:37:04,173.52,91.0,175.6,35.0,170.81,106.0,176.69,29.0,174.56,2.079999999999984,197.0,64.0,2.780203229988818,261,133.0,82.0,0.51,173.2,10.0
2025-04-22 07:37:05,171.39,46.0,174.67,18.0,170.15,94.0,176.67,12.0,173.03,3.280000000000001,140.0,30.0,2.532561943968978,170,110.0,-91.0,0.65,172.8,5.0
2025-04-22 07:37:06,171.0,45.0,172.08,13.0,170.0,130.0,206.57,28.0,171.54,1.0800000000000125,175.0,41.0,2.257254970099659,216,134.0,46.0,0.62,171.0,2.0
2025-04-22 07:37:07,170.36,22.0,191.64,11.0,169.88,34.0,240.67,18.0,181.0,21.279999999999973,56.0,29.0,3.625937120254537,85,27.0,-131.0,0.32,170.5,6.0
2025-04-22 07:37:08,171.88,43.0,251.65,23.0,169.5,12.0,301.74,19.0,211.77,79.77000000000001,55.0,42.0,16.820798138020713,97,13.0,12.0,0.13,170.0,5.0
2025-04-22 07:37:09,173.0,103.0,260.5,52.0,170.0,22.0,279.1,40.0,216.75,87.5,125.0,92.0,21.770979996317173,217,33.0,120.0,0.15,170.0,
2025-04-22 07:37:10,173.69,42.0,260.64,55.0,172.81,77.0,263.0,44.0,217.16,86.94999999999999,119.0,99.0,21.701952216334,218,20.0,1.0,0.09,173.0,3.0
2025-04-22 07:37:11,177.7,20.0,259.09,55.0,176.0,11.0,361.68,38.0,218.4,81.38999999999999,31.0,93.0,15.864108232108286,124,-62.0,-94.0,-0.5,178.0,1.0
2025-04-22 07:37:12,178.0,9.0,236.66,41.0,176.0,9.0,299.29,34.0,207.33,58.66,18.0,75.0,4.63606190640793,93,-57.0,-31.0,-0.61,178.0,
2025-04-22 07:37:13,178.0,9.0,202.29,42.0,176.0,9.0,224.15,39.0,190.14,24.289999999999992,18.0,81.0,11.926094499040598,99,-63.0,6.0,-0.64,178.0,
2025-04-22 07:37:14,178.0,9.0,201.11,45.0,176.0,9.0,203.0,36.0,189.56,23.110000000000014,18.0,81.0,14.061526232953725,99,-63.0,0.0,-0.64,178.0,
2025-04-22 07:37:15,173.33,60.0,199.58,60.0,172.0,12.0,259.21,43.0,186.46,26.25,72.0,103.0,13.862532957581916,175,-31.0,76.0,-0.18,174.6,5.0
2025-04-22 07:37:16,173.0,42.0,199.0,30.0,170.0,6.0,378.83,24.0,186.0,26.0,48.0,54.0,8.818470388907823,102,-6.0,-73.0,-0.06,174.6,
2025-04-22 07:37:17,173.0,98.0,194.52,61.0,170.0,14.0,286.56,55.0,183.76,21.52000000000001,112.0,116.0,2.647315621538852,228,-4.0,126.0,-0.02,174.6,
2025-04-22 07:37:18,174.75,12.0,177.93,40.0,173.0,78.0,179.29,51.0,176.34,3.180000000000007,90.0,91.0,4.969897383250832,181,-1.0,-47.0,-0.01,174.6,
2025-04-22 07:37:19,173.18,11.0,177.0,38.0,172.02,61.0,346.97,39.0,175.09,3.819999999999993,72.0,77.0,5.423753312978326,149,-5.0,-32.0,-0.03,176.5,4.0
2025-04-22 07:37:20,172.33,21.0,174.34,35.0,171.71,49.0,387.53,45.0,173.34,2.009999999999991,70.0,80.0,5.612769369931691,150,-10.0,1.0,-0.07,172.2,5.0
2025-04-22 07:37:21,169.69,26.0,171.47,30.0,131.53,81.0,183.06,32.0,170.58,1.7800000000000011,107.0,62.0,4.935961912337183,169,45.0,19.0,0.27,171.29,7.0
2025-04-22 07:37:28,175.0,44.0,315.71,28.0,67.54,39.0,473.43,23.0,245.36,140.70999999999998,83.0,51.0,92.69835937059533,134,32.0,50.0,0.24,171.29,
2025-04-22 07:37:29,175.0,28.0,223.0,28.0,137.0,56.0,263.0,7.0,199.0,48.0,84.0,35.0,81.70307937893185,119,49.0,-15.0,0.41,171.29,
2025-04-22 07:37:30,175.0,16.0,195.31,13.0,103.5,32.0,226.08,13.0,185.15,20.31,48.0,26.0,67.68918953570089,74,22.0,-45.0,0.3,171.29,
2025-04-22 07:37:31,175.0,28.0,221.92,13.0,127.57,56.0,334.11,18.0,198.46,46.91999999999999,84.0,31.0,68.75242453906654,115,53.0,41.0,0.46,171.29,
2025-04-22 07:37:32,175.0,20.0,262.0,9.0,164.0,40.0,358.23,13.0,218.5,87.0,60.0,22.0,23.40823316698727,82,38.0,-33.0,0.46,171.29,
2025-04-22 07:37:33,175.0,36.0,347.22,27.0,158.22,102.0,354.4,25.0,261.11,172.22000000000003,138.0,52.0,29.69137298947361,190,86.0,108.0,0.45,171.29,
2025-04-22 07:37:34,171.97,70.0,347.0,30.0,169.42,77.0,360.5,24.0,259.49,175.03,147.0,54.0,34.73862216611423,201,93.0,11.0,0.46,174.0,6.0
2025-04-22 07:37:35,172.35,55.0,346.25,36.0,170.82,84.0,437.17,36.0,259.3,173.9,139.0,72.0,29.08535662494176,211,67.0,10.0,0.32,172.0,2.0
2025-04-22 07:37:36,176.03,74.0,281.53,47.0,173.5,24.0,321.47,45.0,228.78,105.49999999999996,98.0,92.0,20.238392475689466,190,6.0,-21.0,0.03,172.0,
2025-04-22 07:37:37,177.17,36.0,254.89,36.0,176.63,41.0,255.95,41.0,216.03,77.72,77.0,77.0,21.073174179511827,154,0.0,-36.0,0.0,172.0,
2025-04-22 07:37:38,178.21,14.0,219.0,42.0,177.0,104.0,243.78,50.0,198.61,40.78999999999999,118.0,92.0,26.83428161885544,210,26.0,56.0,0.12,172.0,
2025-04-22 07:37:39,179.0,13.0,213.02,47.0,177.0,130.0,214.27,44.0,196.01,34.02000000000001,143.0,91.0,25.836354812551296,234,52.0,24.0,0.22,172.0,
2025-04-22 07:37:40,179.0,10.0,206.54,37.0,177.0,100.0,210.55,33.0,192.77,27.539999999999992,110.0,70.0,15.39485628383848,180,40.0,-54.0,0.22,172.0,
2025-04-22 07:37:41,177.23,61.0,207.34,65.0,176.64,77.0,208.59,51.0,192.28,30.110000000000014,138.0,116.0,9.785019161965938,254,22.0,74.0,0.09,177.4,5.0
2025-04-22 07:37:42,177.0,102.0,201.16,73.0,173.0,17.0,204.06,67.0,189.08,24.16,119.0,140.0,3.662560579709238,259,-21.0,5.0,-0.08,177.4,
2025-04-22 07:37:43,177.0,66.0,195.74,47.0,173.0,11.0,197.12,43.0,186.37,18.74000000000001,77.0,90.0,3.692515402816872,167,-13.0,-92.0,-0.08,177.4,
2025-04-22 07:37:44,177.0,64.0,188.73,44.0,173.0,14.0,234.19,52.0,182.86,11.72999999999999,78.0,96.0,4.155005415163687,174,-18.0,7.0,-0.1,177.0,4.0
2025-04-22 07:37:45,177.0,26.0,191.56,50.0,173.62,13.0,192.51,41.0,184.28,14.560000000000002,39.0,91.0,3.7794285282353712,130,-52.0,-44.0,-0.4,177.0,
2025-04-22 07:37:46,173.89,81.0,188.42,62.0,171.83,155.0,340.76,59.0,181.15,14.53,236.0,121.0,3.0873240840636007,357,115.0,168.0,0.32,174.6,5.0
2025-04-22 07:37:47,173.0,81.0,186.23,35.0,171.0,117.0,241.27,33.0,179.61,13.22999999999999,198.0,68.0,2.637371797839463,266,130.0,-91.0,0.49,174.6,
2025-04-22 07:37:48,173.05,104.0,184.2,59.0,171.48,188.0,185.17,53.0,178.63,11.149999999999975,292.0,112.0,2.3087507444587594,404,180.0,138.0,0.45,174.6,
2025-04-22 07:37:49,173.47,19.0,182.1,40.0,172.51,107.0,183.14,37.0,177.79,8.629999999999995,126.0,77.0,2.5557621172634213,203,49.0,-168.0,0.24,173.2,5.0
2025-04-22 07:37:50,173.0,38.0,180.64,33.0,171.0,130.0,181.76,37.0,176.82,7.639999999999986,168.0,70.0,1.6694310408156092,238,98.0,35.0,0.41,173.0,2.0
2025-04-22 07:37:51,173.0,24.0,179.2,30.0,171.0,104.0,180.38,26.0,176.1,6.199999999999989,128.0,56.0,1.3977660748632377,184,72.0,-54.0,0.39,173.0,1.0
2025-04-22 07:37:52,173.95,44.0,177.22,49.0,172.37,41.0,178.57,56.0,175.59,3.2700000000000102,85.0,105.0,1.2359733006980729,190,-20.0,6.0,-0.11,173.0,
2025-04-22 07:37:53,173.75,24.0,176.53,34.0,171.19,86.0,189.17,18.0,175.14,2.780000000000001,110.0,52.0,1.046360358594704,162,58.0,-28.0,0.36,175.0,3.0
2025-04-22 07:37:54,173.0,22.0,213.65,31.0,171.0,143.0,406.37,27.0,193.32,40.650000000000006,165.0,58.0,7.809870677548943,223,107.0,61.0,0.48,176.0,3.0
2025-04-22 07:37:55,178.0,66.0,188.91,11.0,173.0,22.0,242.67,15.0,183.45,10.909999999999997,88.0,26.0,7.826407221710286,114,62.0,-109.0,0.54,176.0,
2025-04-22 07:37:56,178.0,164.0,186.14,14.0,173.0,28.0,190.0,14.0,182.07,8.139999999999986,192.0,28.0,7.388513382273802,220,164.0,106.0,0.75,176.0,
2025-04-22 07:37:57,178.0,131.0,183.38,13.0,173.14,28.0,190.0,13.0,180.69,5.379999999999996,159.0,26.0,6.608020127090958,185,133.0,-35.0,0.72,178.0,6.0
2025-04-22 07:37:58,178.0,91.0,180.33,12.0,174.0,48.0,265.69,48.0,179.17,2.3300000000000125,139.0,60.0,5.586519488916086,199,79.0,14.0,0.4,178.0,1.0
2025-04-22 07:37:59,178.0,84.0,179.0,12.0,174.0,48.0,261.45,44.0,178.5,1.0,132.0,56.0,2.036634478751433,188,76.0,-11.0,0.4,178.0,
2025-04-22 07:38:00,178.0,25.0,179.0,7.0,174.0,68.0,268.0,35.0,178.5,1.0,93.0,42.0,1.5589194976133671,135,51.0,-53.0,0.38,178.0,4.0
2025-04-22 07:38:01,175.73,44.0,179.0,9.0,174.25,48.0,342.0,27.0,177.36,3.2700000000000102,92.0,36.0,1.219930325895341,128,56.0,-7.0,0.44,178.0,3.0
2025-04-22 07:38:02,174.0,84.0,178.71,7.0,173.0,14.0,343.61,31.0,176.36,4.710000000000008,98.0,38.0,1.1141902889718154,136,60.0,8.0,0.44,178.0,
2025-04-22 07:38:03,174.0,104.0,177.0,9.0,173.0,18.0,501.33,45.0,175.5,3.0,122.0,54.0,1.3220741280424158,176,68.0,40.0,0.39,174.0,2.0
2025-04-22 07:38:04,174.05,82.0,177.0,10.0,173.53,34.0,470.75,40.0,175.52,2.9499999999999886,116.0,50.0,1.2855037923083346,166,66.0,-10.0,0.4,174.0,
2025-04-22 07:38:05,174.11,75.0,362.29,34.0,173.44,72.0,511.6,62.0,268.2,188.18,147.0,96.0,41.15741391292751,243,51.0,77.0,0.21,174.5,4.0
2025-04-22 07:38:06,174.84,38.0,249.1,30.0,173.45,44.0,527.54,26.0,211.97,74.25999999999999,82.0,56.0,40.439740355250045,138,26.0,-105.0,0.19,174.5,
2025-04-22 07:38:07,174.0,45.0,368.55,11.0,173.0,36.0,474.84,25.0,271.27,194.55,81.0,36.0,47.36518732149214,117,45.0,-21.0,0.38,174.5,
2025-04-22 07:38:10,175.74,27.0,269.79,19.0,174.82,44.0,456.63,38.0,222.77,94.05,71.0,57.0,65.80225695217484,128,14.0,8.0,0.11,176.0,5.0
2025-04-22 07:38:11,177.0,39.0,205.22,9.0,174.0,36.0,207.0,18.0,191.11,28.22,75.0,27.0,71.58746817704927,102,48.0,-26.0,0.47,177.0,1.0
2025-04-22 07:38:12,177.0,20.0,203.0,10.0,174.0,20.0,205.0,5.0,190.0,26.0,40.0,15.0,81.38867138613362,55,25.0,-47.0,0.45,177.0,
2025-04-22 07:38:13,177.0,32.0,204.38,8.0,174.0,32.0,407.86,28.0,190.69,27.379999999999995,64.0,36.0,60.875692850267015,100,28.0,45.0,0.28,177.0,
2025-04-22 07:38:14,177.0,72.0,201.06,54.0,174.0,72.0,224.79,39.0,189.03,24.06,144.0,93.0,14.583638092055663,237,51.0,137.0,0.22,177.0,
2025-04-22 07:38:15,177.0,22.0,198.0,6.0,174.0,24.0,200.0,30.0,187.5,21.0,46.0,36.0,1.4440671729730046,82,10.0,-155.0,0.12,177.0,2.0
2025-04-22 07:38:16,177.0,15.0,196.75,12.0,174.0,48.0,200.0,60.0,186.88,19.75,63.0,72.0,1.615503017656854,135,-9.0,53.0,-0.07,177.0,1.0
2025-04-22 07:38:17,177.57,7.0,193.73,11.0,174.75,16.0,199.81,31.0,185.65,16.159999999999997,23.0,42.0,1.9564892026429777,65,-19.0,-70.0,-0.29,177.0,
2025-04-22 07:38:18,178.0,7.0,192.48,31.0,177.0,7.0,193.13,23.0,185.24,14.47999999999999,14.0,54.0,1.5171848931685152,68,-40.0,3.0,-0.59,177.0,
2025-04-22 07:38:19,173.71,56.0,189.0,21.0,173.54,26.0,189.6,42.0,181.36,15.289999999999992,82.0,63.0,2.397014810145944,145,19.0,77.0,0.13,175.25,4.0
2025-04-22 07:38:20,173.31,104.0,185.04,25.0,172.48,46.0,187.5,20.0,179.17,11.72999999999999,150.0,45.0,3.250961396273308,195,105.0,50.0,0.54,175.25,
2025-04-22 07:38:21,175.0,100.0,181.95,40.0,173.0,132.0,183.33,36.0,178.47,6.949999999999989,232.0,76.0,3.342793741776414,308,156.0,113.0,0.51,175.25,
2025-04-22 07:38:22,175.0,168.0,179.35,69.0,173.0,187.0,181.63,59.0,177.17,4.349999999999994,355.0,128.0,3.1602325863866185,483,227.0,168.0,0.47,175.0,1.0
2025-04-22 07:38:23,174.58,106.0,177.56,68.0,172.95,162.0,178.94,68.0,176.07,2.9799999999999898,268.0,136.0,2.018023785801379,404,132.0,-79.0,0.33,175.0,2.0
2025-04-22 07:38:24,172.87,60.0,174.54,65.0,171.69,52.0,176.28,53.0,173.7,1.6699999999999875,112.0,118.0,2.157447566004877,230,-6.0,-168.0,-0.03,173.0,7.0
2025-04-22 07:38:25,172.0,32.0,173.38,53.0,170.0,68.0,178.16,49.0,172.69,1.3799999999999957,100.0,102.0,2.3978532065288283,202,-2.0,-28.0,-0.01,172.33,3.0
2025-04-22 07:38:26,172.0,9.0,173.0,39.0,170.0,18.0,265.78,9.0,172.5,1.0,27.0,48.0,2.090605175555821,75,-21.0,-127.0,-0.28,173.0,1.0
2025-04-22 07:38:27,167.95,37.0,173.0,68.0,147.77,65.0,250.57,46.0,170.47,5.050000000000011,102.0,114.0,2.038683398681868,216,-12.0,141.0,-0.06,170.67,3.0
2025-04-22 07:38:28,169.0,12.0,173.0,48.0,167.0,60.0,252.62,37.0,171.0,4.0,72.0,85.0,1.316347218655184,157,-13.0,-59.0,-0.08,170.67,
2025-04-22 07:38:29,168.33,12.0,172.0,22.0,164.38,42.0,182.6,30.0,170.17,3.669999999999988,54.0,52.0,1.1625532246144126,106,2.0,-51.0,0.02,168.0,2.0
2025-04-22 07:38:32,175.0,16.0,259.2,25.0,100.08,52.0,388.46,28.0,217.1,84.19999999999999,68.0,53.0,35.34830646579921,121,15.0,-26.0,0.12,168.0,
2025-04-22 07:38:33,173.36,77.0,410.32,38.0,170.94,128.0,585.21,43.0,291.84,236.96,205.0,81.0,66.1659242359695,286,124.0,165.0,0.43,174.33,3.0
2025-04-22 07:38:34,171.72,75.0,322.82,11.0,169.12,64.0,492.07,27.0,247.27,151.1,139.0,38.0,68.81735050116397,177,101.0,-109.0,0.57,173.0,7.0
2025-04-22 07:38:35,170.0,16.0,223.0,2.0,163.0,4.0,508.0,2.0,196.5,53.0,20.0,4.0,64.74753331208882,24,16.0,-153.0,0.67,173.0,
2025-04-22 07:38:36,170.0,79.0,223.0,9.0,166.2,10.0,314.9,29.0,196.5,53.0,89.0,38.0,40.41417968980747,127,51.0,103.0,0.4,173.0,
2025-04-22 07:38:37,170.0,81.0,281.32,37.0,167.0,9.0,296.52,33.0,225.66,111.32,90.0,70.0,39.91772638816051,160,20.0,33.0,0.12,173.0,
2025-04-22 07:38:38,170.0,72.0,281.62,40.0,167.0,8.0,392.75,8.0,225.81,111.62,80.0,48.0,21.79620999164878,128,32.0,-32.0,0.25,173.0,
2025-04-22 07:38:39,170.0,63.0,281.0,35.0,167.0,7.0,450.36,11.0,225.5,111.0,70.0,46.0,15.970140262378758,116,24.0,-12.0,0.21,173.0,
2025-04-22 07:38:40,170.0,117.0,280.54,61.0,167.0,13.0,335.12,17.0,225.27,110.54000000000002,130.0,78.0,12.99756784941128,208,52.0,92.0,0.25,170.0,3.0
2025-04-22 07:38:41,170.0,72.0,279.25,60.0,167.0,12.0,389.77,22.0,224.62,109.25,84.0,82.0,0.4655856527518214,166,2.0,-42.0,0.01,170.0,
2025-04-22 07:38:42,170.51,37.0,277.0,45.0,169.58,19.0,383.6,25.0,223.76,106.49,56.0,70.0,0.8155795485717153,126,-14.0,-40.0,-0.11,170.0,3.0
2025-04-22 07:38:43,177.0,41.0,276.09,55.0,170.58,43.0,401.09,55.0,226.55,99.08999999999996,84.0,110.0,1.0379547196522656,194,-26.0,68.0,-0.13,170.0,
2025-04-22 07:38:44,177.0,36.0,274.83,30.0,171.5,18.0,563.33,30.0,225.92,97.82999999999998,54.0,60.0,1.090059631418569,114,-6.0,-80.0,-0.05,170.0,
2025-04-22 07:38:45,177.0,60.0,221.14,44.0,173.0,30.0,436.32,41.0,199.07,44.13999999999999,90.0,85.0,11.741960228175266,175,5.0,61.0,0.03,170.0,
2025-04-22 07:38:46,177.0,60.0,425.64,47.0,173.0,33.0,466.1,51.0,301.32,248.64,93.0,98.0,38.62955125289506,191,-5.0,16.0,-0.03,177.0,1.0
2025-04-22 07:38:47,177.0,75.0,185.5,56.0,173.0,104.0,384.49,67.0,181.25,8.5,179.0,123.0,45.81981089005112,302,56.0,111.0,0.19,177.0,
2025-04-22 07:38:48,177.0,35.0,183.0,28.0,173.0,49.0,279.0,35.0,180.0,6.0,84.0,63.0,50.39014159535622,147,21.0,-155.0,0.14,177.0,
2025-04-22 07:38:49,177.0,36.0,183.0,40.0,173.0,70.0,315.0,50.0,180.0,6.0,106.0,90.0,52.61034090366694,196,16.0,49.0,0.08,177.0,3.0
2025-04-22 07:38:50,177.0,12.0,183.0,24.0,173.0,42.0,358.38,24.0,180.0,6.0,54.0,48.0,54.118905938683305,102,6.0,-94.0,0.06,177.0,
2025-04-22 07:38:51,173.18,44.0,180.83,48.0,172.39,18.0,249.08,39.0,177.01,7.650000000000006,62.0,87.0,1.572981245932579,149,-25.0,47.0,-0.17,174.14,7.0
2025-04-22 07:38:52,173.0,20.0,180.0,40.0,172.0,10.0,225.62,42.0,176.5,7.0,30.0,82.0,1.7864825775964794,112,-52.0,-37.0,-0.46,174.14,
2025-04-22 07:38:53,173.46,39.0,179.54,52.0,172.27,15.0,367.2,59.0,176.5,6.079999999999984,54.0,111.0,1.835761422422816,165,-57.0,53.0,-0.35,173.0,1.0
2025-04-22 07:38:54,171.12,16.0,179.0,44.0,169.25,16.0,361.56,52.0,175.06,7.8799999999999955,32.0,96.0,1.8209008759556184,128,-64.0,-37.0,-0.5,171.0,5.0
2025-04-22 07:38:55,169.56,18.0,174.93,30.0,167.33,18.0,241.84,31.0,172.24,5.3700000000000045,36.0,61.0,1.9425550185402904,97,-25.0,-31.0,-0.26,170.0,2.0
2025-04-22 07:38:58,149.83,35.0,187.16,45.0,131.65,91.0,316.16,67.0,168.49,37.329999999999984,126.0,112.0,3.876160471401621,238,14.0,68.0,0.06,165.33,3.0
2025-04-22 07:39:00,175.77,31.0,400.0,10.0,170.06,17.0,401.2,10.0,287.89,224.23,48.0,20.0,54.43401078370079,68,28.0,-116.0,0.41,165.33,
2025-04-22 07:39:01,176.0,118.0,326.2,15.0,175.0,15.0,396.87,15.0,251.1,150.2,133.0,30.0,53.14583304455819,163,103.0,95.0,0.63,176.0,2.0
2025-04-22 07:39:02,176.24,34.0,201.29,14.0,175.0,14.0,271.26,38.0,188.76,25.049999999999983,48.0,52.0,47.89514516107089,100,-4.0,-63.0,-0.04,176.0,5.0
2025-04-22 07:39:03,176.91,11.0,198.18,11.0,174.52,33.0,209.0,11.0,187.55,21.27000000000001,44.0,22.0,42.710562745064045,66,22.0,-34.0,0.33,177.33,3.0
2025-04-22 07:39:04,175.0,11.0,195.27,11.0,173.0,55.0,196.91,11.0,185.14,20.27000000000001,66.0,22.0,46.95844726990079,88,44.0,22.0,0.5,177.33,
2025-04-22 07:39:05,175.0,8.0,193.5,8.0,173.12,34.0,195.0,8.0,184.25,18.5,42.0,16.0,28.980097480858355,58,26.0,-30.0,0.45,177.33,
2025-04-22 07:39:06,173.06,33.0,193.0,9.0,172.14,37.0,195.0,9.0,183.03,19.94,70.0,18.0,2.3622298787485594,88,52.0,30.0,0.59,174.0,2.0
2025-04-22 07:39:07,173.0,49.0,191.17,12.0,172.0,48.0,193.0,12.0,182.08,18.169999999999987,97.0,24.0,2.106620516384568,121,73.0,33.0,0.6,174.0,
2025-04-22 07:39:08,173.0,42.0,189.2,10.0,172.0,40.0,193.0,10.0,181.1,16.19999999999999,82.0,20.0,1.6222977532045002,102,62.0,-19.0,0.61,173.0,4.0
2025-04-22 07:39:09,172.04,28.0,185.5,10.0,169.55,22.0,188.0,10.0,178.77,13.460000000000008,50.0,20.0,2.076903945793446,70,30.0,-32.0,0.43,172.5,2.0
2025-04-22 07:39:10,172.0,39.0,183.04,57.0,169.64,50.0,282.2,46.0,177.52,11.039999999999992,89.0,103.0,2.2984016185280534,192,-14.0,122.0,-0.07,172.5,
2025-04-22 07:39:11,172.0,33.0,181.98,43.0,170.0,77.0,402.29,45.0,176.99,9.97999999999999,110.0,88.0,2.222244361012617,198,22.0,6.0,0.11,172.5,
2025-04-22 07:39:12,172.0,15.0,179.23,13.0,170.0,35.0,180.88,17.0,175.62,7.22999999999999,50.0,30.0,2.0686831560324426,80,20.0,-118.0,0.25,172.5,
2025-04-22 07:39:13,170.7,60.0,179.0,50.0,169.93,83.0,180.0,10.0,174.85,8.300000000000011,143.0,60.0,1.5506289046874997,203,83.0,123.0,0.41,171.5,4.0
2025-04-22 07:39:14,170.0,195.0,178.8,75.0,169.0,30.0,180.0,15.0,174.4,8.800000000000011,225.0,90.0,1.3454107179788428,315,135.0,112.0,0.43,171.5,
2025-04-22 07:39:15,170.0,169.0,177.94,53.0,168.53,34.0,178.8,25.0,173.97,7.939999999999998,203.0,78.0,1.188499053450334,281,125.0,-34.0,0.44,177.0,1.0
2025-04-22 07:39:16,170.0,156.0,175.83,52.0,169.0,24.0,183.83,53.0,172.91,5.8300000000000125,180.0,105.0,1.0103712189350569,285,75.0,4.0,0.26,175.0,1.0
2025-04-22 07:39:17,170.0,143.0,175.0,44.0,169.0,22.0,176.0,44.0,172.5,5.0,165.0,88.0,0.9932421658650552,253,77.0,-32.0,0.3,175.0,
2025-04-22 07:39:18,170.0,143.0,173.57,42.0,169.0,22.0,175.11,38.0,171.79,3.569999999999993,165.0,80.0,1.0674877048717295,245,85.0,-8.0,0.35,175.0,1.0
2025-04-22 07:39:19,170.0,89.0,171.0,24.0,169.0,16.0,172.0,32.0,170.5,1.0,105.0,56.0,1.293765821179523,161,49.0,-84.0,0.3,170.0,3.0
2025-04-22 07:39:20,170.41,51.0,171.84,38.0,169.92,76.0,240.97,37.0,171.13,1.4300000000000068,127.0,75.0,0.981748440310623,202,52.0,41.0,0.26,171.0,3.0
2025-04-22 07:39:21,171.0,96.0,172.0,48.0,170.0,60.0,258.6,40.0,171.5,1.0,156.0,88.0,0.7449362389173688,244,68.0,42.0,0.28,171.0,
2025-04-22 07:39:22,170.1,40.0,172.0,44.0,167.67,36.0,301.0,22.0,171.05,1.9000000000000057,76.0,66.0,0.4887023634609956,142,10.0,-102.0,0.07,169.1,21.0
2025-04-22 07:39:23,163.0,9.0,171.0,33.0,151.0,18.0,200.33,27.0,167.0,8.0,27.0,60.0,1.8439712579247003,87,-33.0,-55.0,-0.38,169.1,
2025-04-22 07:39:42,159.67,12.0,187.79,39.0,140.67,36.0,498.8,55.0,173.73,28.120000000000005,48.0,94.0,3.843406041527766,142,-46.0,15.0,-0.32,168.8,5.0
2025-04-22 07:39:43,159.0,6.0,169.19,21.0,144.0,22.0,339.67,18.0,164.1,10.189999999999998,28.0,39.0,3.9915573401934448,67,-11.0,-75.0,-0.16,163.0,4.0
2025-04-22 07:39:44,161.29,7.0,234.29,21.0,146.96,27.0,482.69,13.0,197.79,73.0,34.0,34.0,14.323366573541694,68,0.0,1.0,0.0,163.0,
2025-04-22 07:39:45,164.8,10.0,458.0,20.0,144.0,30.0,536.33,36.0,311.4,293.2,40.0,56.0,62.5580444867009,96,-16.0,28.0,-0.17,163.0,
2025-04-22 07:39:46,161.0,7.0,363.56,27.0,127.63,19.0,535.4,25.0,262.28,202.56,26.0,52.0,63.01441779466068,78,-26.0,-18.0,-0.33,173.0,1.0
2025-04-22 07:39:47,171.78,23.0,243.38,13.0,143.57,7.0,295.67,24.0,207.58,71.6,30.0,37.0,58.18402787707335,67,-7.0,-11.0,-0.1,173.0,
2025-04-22 07:39:48,173.57,28.0,236.7,23.0,172.45,51.0,242.48,29.0,205.13,63.13,79.0,52.0,48.97183200575662,131,27.0,64.0,0.21,173.0,
2025-04-22 07:39:49,176.15,26.0,231.1,29.0,173.0,91.0,237.17,29.0,203.63,54.94999999999999,117.0,58.0,47.86488410097791,175,59.0,44.0,0.34,173.0,
2025-04-22 07:39:50,177.17,12.0,228.8,10.0,173.0,42.0,230.33,12.0,202.98,51.63000000000002,54.0,22.0,25.753237660535955,76,32.0,-99.0,0.42,173.0,
2025-04-22 07:39:51,178.73,22.0,226.0,17.0,176.27,77.0,226.83,18.0,202.36,47.27000000000001,99.0,35.0,2.085408832830408,134,64.0,58.0,0.48,173.0,
2025-04-22 07:39:52,177.41,68.0,220.65,23.0,174.75,112.0,221.48,25.0,199.03,43.24000000000001,180.0,48.0,2.258612405891473,228,132.0,94.0,0.58,178.33,3.0
2025-04-22 07:39:53,176.54,35.0,214.8,30.0,172.89,114.0,216.03,33.0,195.67,38.26000000000002,149.0,63.0,3.340019461028137,212,86.0,-16.0,0.41,175.67,9.0
2025-04-22 07:39:54,173.0,24.0,213.57,14.0,167.0,14.0,215.0,14.0,193.29,40.56999999999999,38.0,28.0,4.191244445274749,66,10.0,-146.0,0.15,173.0,2.0
2025-04-22 07:39:55,174.75,32.0,209.07,30.0,170.0,32.0,210.48,29.0,191.91,34.31999999999999,64.0,59.0,4.2658551311602375,123,5.0,57.0,0.04,173.0,
2025-04-22 07:39:56,167.96,100.0,206.67,18.0,166.11,18.0,208.42,19.0,187.31,38.70999999999998,118.0,37.0,4.36352151364532,155,81.0,32.0,0.52,174.0,4.0
2025-04-22 07:39:57,167.98,86.0,201.66,29.0,166.47,15.0,204.57,21.0,184.82,33.68000000000001,101.0,50.0,4.440990880428036,151,51.0,-4.0,0.34,169.0,1.0
2025-04-22 07:39:58,167.9,61.0,202.84,19.0,165.15,13.0,203.76,25.0,185.37,34.94,74.0,44.0,3.850960919049239,118,30.0,-33.0,0.25,169.0,
2025-04-22 07:39:59,170.26,118.0,200.93,28.0,168.85,52.0,202.0,28.0,185.6,30.670000000000016,170.0,56.0,2.897131339798769,226,114.0,108.0,0.5,170.0,4.0
2025-04-22 07:40:00,174.35,182.0,197.41,34.0,171.68,189.0,198.82,34.0,185.88,23.06,371.0,68.0,0.9316276080301072,439,303.0,168.0,0.69,170.0,
2025-04-22 07:40:01,176.74,82.0,192.6,30.0,175.0,224.0,194.0,26.0,184.67,15.859999999999983,306.0,56.0,0.5131958690828895,362,250.0,-77.0,0.69,177.0,3.0
2025-04-22 07:40:02,177.0,56.0,187.76,38.0,175.0,196.0,189.4,20.0,182.38,10.759999999999993,252.0,58.0,1.4144433534233904,310,194.0,-52.0,0.63,177.0,
2025-04-22 07:40:03,177.0,63.0,183.27,22.0,175.0,210.0,185.05,20.0,180.14,6.27000000000001,273.0,42.0,2.4348264825328534,315,231.0,5.0,0.73,177.0,6.0
2025-04-22 07:40:04,177.0,51.0,180.0,11.0,175.0,126.0,181.07,14.0,178.5,3.0,177.0,25.0,3.0636710006204755,202,152.0,-113.0,0.75,177.0,8.0
2025-04-22 07:40:05,175.04,100.0,177.8,10.0,173.47,119.0,191.36,22.0,176.42,2.7600000000000198,219.0,32.0,3.227571842739109,251,187.0,49.0,0.75,177.0,1.0
2025-04-22 07:40:06,175.0,120.0,232.59,17.0,173.0,117.0,311.2,25.0,203.79,57.59,237.0,42.0,11.14194686758304,279,195.0,28.0,0.7,175.0,2.0
2025-04-22 07:40:07,175.0,84.0,313.43,35.0,173.0,91.0,429.36,33.0,244.21,138.43,175.0,68.0,28.827857533990407,243,107.0,-36.0,0.44,175.0,
2025-04-22 07:40:08,175.0,88.0,254.34,41.0,173.0,55.0,448.0,40.0,214.67,79.34,143.0,81.0,28.020001249108635,224,62.0,-19.0,0.28,175.0,5.0
2025-04-22 07:40:09,175.0,35.0,371.5,18.0,173.0,54.0,427.38,39.0,273.25,196.5,89.0,57.0,37.35512307569143,146,32.0,-78.0,0.22,174.56,9.0
2025-04-22 07:40:10,173.0,59.0,273.59,17.0,172.0,77.0,293.79,28.0,223.29,100.58999999999996,136.0,45.0,27.488719868339743,181,91.0,35.0,0.5,173.0,5.0
2025-04-22 07:40:11,173.0,35.0,231.55,11.0,172.0,49.0,351.32,19.0,202.27,58.55000000000001,84.0,30.0,27.882096764771045,114,54.0,-67.0,0.47,173.0,
2025-04-22 07:40:12,173.0,50.0,223.11,18.0,170.15,68.0,436.98,40.0,198.06,50.110000000000014,118.0,58.0,30.1822699610227,176,60.0,62.0,0.34,173.0,
2025-04-22 07:40:13,173.0,35.0,263.0,11.0,172.0,35.0,321.57,21.0,218.0,90.0,70.0,32.0,30.007831144553805,102,38.0,-74.0,0.37,173.0,
2025-04-22 07:40:14,173.0,45.0,260.88,24.0,172.0,45.0,261.17,29.0,216.94,87.88,90.0,53.0,10.913861369838363,143,37.0,41.0,0.26,173.0,
2025-04-22 07:40:15,173.0,53.0,256.36,36.0,172.0,55.0,258.0,26.0,214.68,83.36000000000001,108.0,62.0,9.170359862080094,170,46.0,27.0,0.27,173.0,1.0
2025-04-22 07:40:16,172.9,31.0,254.94,34.0,171.67,49.0,256.0,16.0,213.92,82.03999999999999,80.0,50.0,8.140700215586511,130,30.0,-40.0,0.23,172.86,7.0
2025-04-22 07:40:17,173.0,108.0,253.0,11.0,172.0,33.0,255.0,44.0,213.0,80.0,141.0,55.0,2.095118135106226,196,86.0,66.0,0.44,173.0,1.0
2025-04-22 07:40:18,174.14,42.0,251.88,8.0,172.9,60.0,255.0,32.0,213.01,77.74000000000001,102.0,40.0,1.6288032416626483,142,62.0,-54.0,0.44,173.0,
2025-04-22 07:40:19,175.0,48.0,249.18,50.0,173.0,108.0,250.94,35.0,212.09,74.18,156.0,85.0,0.9898232165646972,241,71.0,99.0,0.29,173.0,
2025-04-22 07:40:20,175.0,24.0,243.25,16.0,173.0,54.0,246.85,26.0,209.12,68.25,78.0,42.0,1.8539875943625292,120,36.0,-121.0,0.3,173.0,
2025-04-22 07:40:21,174.18,39.0,201.34,29.0,172.91,64.0,207.0,34.0,187.76,27.16,103.0,63.0,10.870833914656634,166,40.0,46.0,0.24,174.6,5.0
2025-04-22 07:40:22,176.0,36.0,198.37,46.0,173.0,96.0,199.14,22.0,187.18,22.370000000000005,132.0,68.0,13.190825220585989,200,64.0,34.0,0.32,174.6,
2025-04-22 07:40:23,176.06,47.0,194.3,47.0,173.98,98.0,196.28,67.0,185.18,18.24000000000001,145.0,114.0,13.166540168170442,259,31.0,59.0,0.12,177.0,5.0
2025-04-22 07:40:24,175.0,140.0,189.33,30.0,173.0,114.0,190.87,47.0,182.17,14.330000000000013,254.0,77.0,10.755092747161404,331,177.0,72.0,0.53,177.0,
2025-04-22 07:40:25,176.05,74.0,185.58,43.0,174.69,130.0,186.57,23.0,180.82,9.53,204.0,66.0,3.048330690729243,270,138.0,-61.0,0.51,177.0,3.0
2025-04-22 07:40:26,177.59,51.0,181.02,44.0,175.33,132.0,181.83,60.0,179.31,3.430000000000007,183.0,104.0,3.211661563745654,287,79.0,17.0,0.28,179.0,3.0
2025-04-22 07:40:27,175.18,66.0,177.9,42.0,173.87,138.0,180.95,57.0,176.54,2.719999999999999,204.0,99.0,3.2182805968467605,303,105.0,16.0,0.35,177.0,4.0
2025-04-22 07:40:28,175.0,68.0,176.5,40.0,173.0,117.0,225.35,40.0,175.75,1.5,185.0,80.0,2.7403412196366204,265,105.0,-38.0,0.4,175.0,6.0
2025-04-22 07:40:31,173.0,80.0,463.3,20.0,172.0,24.0,673.25,12.0,318.15,290.3,104.0,32.0,100.66368496136072,136,72.0,2.0,0.53,175.0,
2025-04-22 07:40:32,173.0,80.0,407.36,22.0,172.0,24.0,598.3,10.0,290.18,234.36,104.0,32.0,82.59156706347257,136,72.0,0.0,0.53,175.0,
2025-04-22 07:40:33,173.0,75.0,347.65,20.0,172.0,30.0,408.25,20.0,260.32,174.64999999999998,105.0,40.0,53.577932304262106,145,65.0,9.0,0.45,173.0,3.0
2025-04-22 07:40:34,173.0,42.0,331.11,9.0,172.0,18.0,347.81,16.0,252.06,158.11,60.0,25.0,61.01972238547211,85,35.0,-60.0,0.41,173.0,
2025-04-22 07:40:35,173.0,35.0,313.0,20.0,172.0,15.0,345.0,5.0,243.0,140.0,50.0,25.0,30.95403075530022,75,25.0,-10.0,0.33,173.0,
2025-04-22 07:40:36,173.0,60.0,303.4,25.0,172.0,30.0,312.52,25.0,238.2,130.39999999999998,90.0,50.0,20.52724336095976,140,40.0,65.0,0.29,173.0,
2025-04-22 07:40:37,173.0,21.0,286.0,7.0,172.0,21.0,290.79,19.0,229.5,113.0,42.0,26.0,11.98226522824719,68,16.0,-72.0,0.24,173.0,
2025-04-22 07:40:38,172.8,30.0,261.17,12.0,171.5,32.0,308.4,10.0,216.98,88.37,62.0,22.0,13.376850152411007,84,40.0,16.0,0.48,173.0,3.0
2025-04-22 07:40:39,173.64,25.0,178.85,39.0,171.0,48.0,239.53,19.0,176.24,5.210000000000008,73.0,58.0,26.793071492459607,131,15.0,47.0,0.11,177.0,1.0
2025-04-22 07:40:40,171.28,18.0,175.73,11.0,170.68,37.0,195.73,33.0,173.5,4.449999999999989,55.0,44.0,30.19789197940886,99,11.0,-32.0,0.11,172.0,5.0
2025-04-22 07:40:41,133.5,32.0,293.67,15.0,101.45,20.0,394.6,30.0,213.58,160.17000000000002,52.0,45.0,25.44880350822105,97,7.0,-2.0,0.07,169.33,3.0
2025-04-22 07:40:45,143.63,41.0,217.58,31.0,129.21,57.0,437.0,21.0,180.61,73.95000000000002,98.0,52.0,30.15614746614744,150,46.0,22.0,0.31,165.33,6.0
2025-04-22 07:40:46,175.8,20.0,358.08,13.0,174.83,35.0,489.48,25.0,266.94,182.28,55.0,38.0,52.23902631175312,93,17.0,-57.0,0.18,165.33,
2025-04-22 07:40:47,177.0,6.0,241.0,24.0,175.0,24.0,302.0,6.0,209.0,64.0,30.0,30.0,50.531668585155984,60,0.0,-33.0,0.0,165.33,
2025-04-22 07:40:48,176.27,11.0,302.11,38.0,174.27,44.0,408.59,17.0,239.19,125.84,55.0,55.0,46.443031016505024,110,0.0,50.0,0.0,175.5,4.0
2025-04-22 07:40:49,173.44,18.0,336.62,21.0,171.95,38.0,446.67,21.0,255.03,163.18,56.0,42.0,35.19862966082707,98,14.0,-12.0,0.14,173.29,7.0
2025-04-22 07:40:50,173.0,9.0,257.33,9.0,170.87,60.0,544.93,41.0,215.17,84.32999999999998,69.0,50.0,24.93395135152185,119,19.0,21.0,0.16,173.29,
2025-04-22 07:40:51,173.0,10.0,254.25,16.0,169.0,20.0,551.73,22.0,213.62,81.25,30.0,38.0,19.846046709610828,68,-8.0,-51.0,-0.12,173.29,
2025-04-22 07:40:52,173.0,10.0,228.24,34.0,169.0,20.0,242.48,23.0,200.62,55.24000000000001,30.0,57.0,21.92771830355484,87,-27.0,19.0,-0.31,173.29,
2025-04-22 07:40:53,173.68,22.0,197.58,38.0,170.05,19.0,206.47,34.0,185.63,23.90000000000001,41.0,72.0,25.830478702495046,113,-31.0,26.0,-0.27,173.29,
2025-04-22 07:40:54,171.17,36.0,194.58,62.0,89.76,50.0,195.79,38.0,182.87,23.410000000000025,86.0,100.0,15.125127106905383,186,-14.0,73.0,-0.08,172.57,7.0
2025-04-22 07:40:55,131.8,10.0,192.68,38.0,90.64,59.0,195.82,22.0,162.24,60.88,69.0,60.0,19.404897062340712,129,9.0,-57.0,0.07,161.0,2.0
2025-04-22 07:40:56,173.0,10.0,193.9,40.0,136.24,25.0,196.0,20.0,183.45,20.90000000000001,35.0,60.0,13.680013523386451,95,-25.0,-34.0,-0.26,161.0,
2025-04-22 07:40:57,168.92,12.0,191.92,48.0,131.16,67.0,194.4,30.0,180.42,23.0,79.0,78.0,9.508152817452714,157,1.0,62.0,0.01,173.0,1.0
2025-04-22 07:40:59,138.27,44.0,174.12,32.0,125.82,44.0,175.36,22.0,156.2,35.849999999999994,88.0,54.0,14.172425692168137,142,34.0,10.0,0.24,171.0,1.0
2025-04-22 07:41:00,159.35,34.0,171.83,24.0,130.04,46.0,173.0,24.0,165.59,12.480000000000018,80.0,48.0,13.97246041325678,128,32.0,-14.0,0.25,171.0,
2025-04-22 07:41:01,167.4,100.0,169.84,38.0,163.4,100.0,171.0,28.0,168.62,2.4399999999999977,200.0,66.0,11.034574300806824,266,134.0,138.0,0.5,171.0,
2025-04-22 07:41:02,165.38,78.0,169.03,74.0,163.8,166.0,306.2,70.0,167.21,3.6500000000000057,244.0,144.0,7.243077384649791,388,100.0,122.0,0.26,168.75,8.0
2025-04-22 07:41:15,172.38,66.0,282.67,33.0,160.74,31.0,267.95,37.0,227.52,110.29000000000002,97.0,70.0,27.929978517715192,167,27.0,31.0,0.16,168.8,5.0
2025-04-22 07:41:16,173.0,42.0,318.7,10.0,165.4,10.0,320.0,20.0,245.85,145.7,52.0,30.0,39.6487824529334,82,22.0,-85.0,0.27,173.0,4.0
2025-04-22 07:41:17,173.9,49.0,291.11,19.0,170.33,15.0,302.36,14.0,232.5,117.21,64.0,33.0,38.72035575766376,97,31.0,15.0,0.32,173.0,
2025-04-22 07:41:18,175.0,143.0,239.89,38.0,173.0,39.0,284.26,27.0,207.45,64.88999999999999,182.0,65.0,31.10061462415251,247,117.0,150.0,0.47,173.0,
2025-04-22 07:41:19,175.0,79.0,270.75,8.0,173.0,24.0,272.0,16.0,222.88,95.75,103.0,24.0,14.006532404562329,127,79.0,-120.0,0.62,175.0,3.0
2025-04-22 07:41:20,175.0,64.0,269.6,10.0,173.0,24.0,271.71,14.0,222.3,94.60000000000002,88.0,24.0,14.17398426696086,112,64.0,-15.0,0.57,175.0,
2025-04-22 07:41:21,175.0,56.0,268.55,11.0,173.0,24.0,269.23,13.0,221.77,93.55,80.0,24.0,8.957508024001521,104,56.0,-8.0,0.54,175.0,1.0
2025-04-22 07:41:22,175.0,45.0,267.38,13.0,173.0,27.0,268.71,14.0,221.19,92.38,72.0,27.0,6.552600247233953,99,45.0,-5.0,0.45,175.0,3.0
2025-04-22 07:41:23,173.82,56.0,265.27,51.0,170.67,81.0,266.17,35.0,219.55,91.45,137.0,86.0,1.2756057384833352,223,51.0,124.0,0.23,175.0,3.0
2025-04-22 07:41:24,173.0,40.0,261.2,50.0,170.03,58.0,264.0,20.0,217.1,88.19999999999999,98.0,70.0,2.104868166905234,168,28.0,-55.0,0.17,175.0,
2025-04-22 07:41:25,173.57,37.0,247.09,35.0,172.75,32.0,249.5,26.0,210.33,73.52000000000001,69.0,61.0,4.648378211812114,130,8.0,-38.0,0.06,175.0,
2025-04-22 07:41:26,175.69,39.0,235.75,44.0,173.0,44.0,237.74,47.0,205.72,60.06,83.0,91.0,6.540441116625673,174,-8.0,44.0,-0.05,175.0,
2025-04-22 07:41:27,176.41,59.0,233.27,55.0,172.29,49.0,233.82,71.0,204.84,56.860000000000014,108.0,126.0,6.619952416750872,234,-18.0,60.0,-0.08,174.44,9.0
2025-04-22 07:41:28,170.0,170.0,228.66,47.0,169.0,16.0,230.6,35.0,199.33,58.66,186.0,82.0,6.654985349348491,268,104.0,34.0,0.39,174.44,
2025-04-22 07:41:29,172.11,112.0,208.91,56.0,170.18,111.0,228.38,58.0,190.51,36.79999999999998,223.0,114.0,7.588401017344802,337,109.0,69.0,0.32,174.44,
2025-04-22 07:41:30,174.1,160.0,187.6,35.0,173.0,40.0,205.33,45.0,180.85,13.5,200.0,80.0,10.524530868406226,280,120.0,-57.0,0.43,174.44,
2025-04-22 07:41:31,175.0,201.0,180.98,53.0,173.0,60.0,183.02,41.0,177.99,5.97999999999999,261.0,94.0,11.54360342354291,355,167.0,75.0,0.47,175.0,3.0
2025-04-22 07:41:32,176.28,126.0,178.0,70.0,173.0,56.0,179.48,50.0,177.14,1.7199999999999989,182.0,120.0,9.535679315079117,302,62.0,-53.0,0.21,177.0,11.0
2025-04-22 07:41:33,177.0,13.0,178.0,50.0,173.0,40.0,254.14,28.0,177.5,1.0,53.0,78.0,5.622905832398796,131,-25.0,-168.0,-0.19,177.0,1.0
2025-04-22 07:41:34,177.0,9.0,178.0,45.0,173.0,36.0,243.11,27.0,177.5,1.0,45.0,72.0,1.5141102998205418,117,-27.0,-14.0,-0.23,177.0,
2025-04-22 07:41:35,173.08,49.0,313.8,56.0,170.3,40.0,351.22,58.0,243.44,140.72,89.0,114.0,29.47627995524589,203,-25.0,86.0,-0.12,177.0,1.0
2025-04-22 07:41:36,172.0,36.0,291.0,60.0,169.75,24.0,313.2,40.0,231.5,119.0,60.0,100.0,33.18259302706824,160,-40.0,-43.0,-0.25,172.4,5.0
2025-04-22 07:41:37,170.0,14.0,275.0,33.0,169.0,7.0,356.86,28.0,222.5,105.0,21.0,61.0,31.01629765139681,82,-40.0,-78.0,-0.49,172.4,
2025-04-22 07:41:38,170.75,12.0,262.89,38.0,168.29,21.0,532.25,32.0,216.82,92.14,33.0,70.0,24.95353922793415,103,-37.0,21.0,-0.36,170.0,2.0
2025-04-22 07:41:39,172.0,4.0,279.71,14.0,168.55,11.0,527.75,16.0,225.86,107.70999999999998,15.0,30.0,10.12993978264701,45,-15.0,-58.0,-0.33,170.0,
2025-04-22 07:41:40,172.0,6.0,189.06,17.0,169.0,12.0,248.0,20.0,180.53,17.060000000000002,18.0,37.0,20.22965694222338,55,-19.0,10.0,-0.35,170.0,
2025-04-22 07:41:41,169.07,41.0,173.0,68.0,167.76,58.0,229.53,51.0,171.04,3.930000000000007,99.0,119.0,25.590779589532623,218,-20.0,163.0,-0.09,170.0,3.0
2025-04-22 07:41:42,168.0,55.0,170.28,39.0,167.0,66.0,187.24,41.0,169.14,2.280000000000001,121.0,80.0,26.70999663047589,201,41.0,-17.0,0.2,169.5,8.0
2025-04-22 07:41:43,168.08,66.0,219.86,42.0,167.06,83.0,291.46,54.0,193.97,51.78,149.0,96.0,23.28145334810589,245,53.0,44.0,0.22,171.0,3.0
2025-04-22 07:41:44,173.0,6.0,224.09,22.0,171.0,12.0,321.4,20.0,198.55,51.09,18.0,42.0,13.25480026254743,60,-24.0,-168.0,-0.4,171.0,
2025-04-22 07:41:45,173.0,9.0,181.0,45.0,168.31,39.0,360.78,32.0,177.0,8.0,48.0,77.0,13.487648052941884,125,-29.0,65.0,-0.23,171.0,
2025-04-22 07:41:46,173.0,14.0,283.83,58.0,168.84,38.0,448.92,51.0,228.41,110.82999999999998,52.0,109.0,22.967662702156577,161,-57.0,36.0,-0.35,171.0,
2025-04-22 07:41:47,174.16,50.0,229.46,39.0,170.73,45.0,500.95,56.0,201.81,55.30000000000001,95.0,95.0,18.55972844629033,190,0.0,29.0,0.0,170.25,4.0
2025-04-22 07:41:48,174.67,24.0,228.48,25.0,170.74,42.0,386.52,25.0,201.57,53.81,66.0,50.0,18.25648158874101,116,16.0,-74.0,0.14,174.6,5.0
2025-04-22 07:41:49,173.0,30.0,326.33,55.0,169.0,210.0,480.07,46.0,249.66,153.32999999999998,240.0,101.0,27.94952682962713,341,139.0,168.0,0.41,174.6,
2025-04-22 07:41:50,169.29,56.0,447.67,24.0,168.7,40.0,764.0,18.0,308.48,278.38,96.0,42.0,44.24989864395247,138,54.0,-168.0,0.39,171.67,3.0
2025-04-22 07:41:51,170.35,82.0,434.11,37.0,168.71,51.0,508.05,37.0,302.23,263.76,133.0,74.0,51.90839864607728,207,59.0,69.0,0.29,169.6,5.0
2025-04-22 07:41:52,172.0,63.0,456.29,35.0,169.0,63.0,523.57,28.0,314.14,284.29,126.0,63.0,48.549382385361945,189,63.0,-18.0,0.33,169.6,
2025-04-22 07:41:53,172.0,117.0,422.47,59.0,169.0,117.0,515.87,55.0,297.24,250.47000000000003,234.0,114.0,25.782472728582608,348,120.0,159.0,0.34,169.6,
2025-04-22 07:41:54,172.0,54.0,347.72,25.0,169.0,59.0,424.33,27.0,259.86,175.72000000000003,113.0,52.0,21.39216912798015,165,61.0,-168.0,0.37,169.6,
2025-04-22 07:41:55,172.0,42.0,232.14,21.0,169.0,50.0,249.55,22.0,202.07,60.13999999999999,92.0,43.0,45.59598743310748,135,49.0,-30.0,0.36,172.0,3.0
2025-04-22 07:41:56,172.12,48.0,248.63,49.0,169.61,88.0,286.54,41.0,210.38,76.50999999999999,136.0,90.0,50.20658044519747,226,46.0,91.0,0.2,173.0,2.0
2025-04-22 07:41:57,172.42,72.0,230.84,43.0,169.96,94.0,242.57,53.0,201.63,58.420000000000016,166.0,96.0,42.69954601632284,262,70.0,36.0,0.27,173.0,
2025-04-22 07:41:58,174.64,66.0,207.47,43.0,172.4,60.0,208.41,44.0,191.05,32.83000000000001,126.0,87.0,27.079827732097165,213,39.0,-49.0,0.18,177.0,3.0
2025-04-22 07:41:59,177.0,48.0,206.03,35.0,174.0,48.0,207.35,37.0,191.51,29.03,96.0,72.0,8.133432239838841,168,24.0,-45.0,0.14,177.0,
2025-04-22 07:42:00,177.0,69.0,204.33,45.0,173.11,54.0,205.29,42.0,190.67,27.330000000000013,123.0,87.0,8.747303584536697,210,36.0,42.0,0.17,177.0,3.0
2025-04-22 07:42:01,177.0,106.0,201.45,58.0,172.5,80.0,202.42,52.0,189.22,24.44999999999999,186.0,110.0,5.001187858903714,296,76.0,86.0,0.26,177.0,2.0
2025-04-22 07:42:02,177.0,69.0,197.49,49.0,173.8,122.0,198.79,53.0,187.24,20.49000000000001,191.0,102.0,1.7348112289364663,293,89.0,-3.0,0.3,177.0,2.0
2025-04-22 07:42:03,177.0,35.0,192.96,25.0,172.0,42.0,194.07,28.0,184.98,15.960000000000008,77.0,53.0,2.646437227678609,130,24.0,-163.0,0.18,177.0,
2025-04-22 07:42:04,177.0,50.0,187.0,39.0,172.0,60.0,188.41,46.0,182.0,10.0,110.0,85.0,3.441543258487674,195,25.0,65.0,0.13,177.0,
2025-04-22 07:42:05,176.03,31.0,180.25,44.0,171.57,63.0,181.23,47.0,178.14,4.219999999999999,94.0,91.0,4.374549119628246,185,3.0,-10.0,0.02,177.0,5.0
2025-04-22 07:42:06,172.0,93.0,177.57,56.0,169.25,96.0,178.88,69.0,174.79,5.569999999999993,189.0,125.0,5.039771820235334,314,64.0,129.0,0.2,177.0,
2025-04-22 07:42:07,172.0,69.0,173.74,38.0,169.0,90.0,175.2,40.0,172.87,1.740000000000009,159.0,78.0,4.99538086636404,237,81.0,-77.0,0.34,172.25,8.0
2025-04-22 07:42:08,169.43,84.0,172.36,22.0,168.54,39.0,175.36,33.0,170.9,2.930000000000007,123.0,55.0,4.402062016831866,178,68.0,-59.0,0.38,172.0,3.0
2025-04-22 07:42:09,168.56,64.0,169.52,27.0,167.23,52.0,178.47,19.0,169.04,0.960000000000008,116.0,46.0,3.522168366224399,162,70.0,-16.0,0.43,168.67,3.0
2025-04-22 07:42:10,168.94,34.0,316.29,21.0,160.56,36.0,421.04,23.0,242.61,147.35000000000002,70.0,44.0,31.69540928904441,114,26.0,-48.0,0.23,168.0,2.0
2025-04-22 07:42:11,175.0,12.0,438.0,9.0,167.0,12.0,450.0,6.0,306.5,263.0,24.0,15.0,61.09912708050796,39,9.0,-75.0,0.23,168.0,
2025-04-22 07:42:12,170.56,36.0,408.32,19.0,160.85,26.0,509.44,18.0,289.44,237.76,62.0,37.0,64.40297213638576,99,25.0,60.0,0.25,168.0,
2025-04-22 07:42:13,167.0,28.0,293.8,10.0,125.6,20.0,329.64,11.0,230.4,126.8,48.0,21.0,54.1114804824271,69,27.0,-30.0,0.39,168.0,
2025-04-22 07:42:14,173.52,46.0,214.0,22.0,160.69,29.0,262.53,17.0,193.76,40.47999999999999,75.0,39.0,45.59924473058839,114,36.0,45.0,0.32,177.0,2.0
2025-04-22 07:42:15,177.0,72.0,178.46,39.0,172.27,11.0,185.88,16.0,177.73,1.460000000000008,83.0,55.0,56.95057576530797,138,28.0,24.0,0.2,177.0,
2025-04-22 07:42:16,177.0,48.0,178.0,55.0,173.0,33.0,301.11,19.0,177.5,1.0,81.0,74.0,47.479733360667296,155,7.0,17.0,0.05,177.0,5.0
2025-04-22 07:42:17,173.33,36.0,347.21,33.0,172.21,14.0,400.31,32.0,260.27,173.87999999999997,50.0,65.0,36.34277878753986,115,-15.0,-40.0,-0.13,177.0,3.0
2025-04-22 07:42:18,173.0,26.0,299.17,24.0,172.0,10.0,384.64,28.0,236.08,126.17000000000002,36.0,52.0,37.29690563572344,88,-16.0,-27.0,-0.18,173.0,1.0
2025-04-22 07:42:19,172.05,19.0,237.78,36.0,171.71,21.0,282.33,30.0,204.92,65.72999999999999,40.0,66.0,36.4767000974603,106,-26.0,18.0,-0.25,172.6,5.0
2025-04-22 07:42:20,168.0,54.0,237.0,18.0,167.0,36.0,535.42,24.0,202.5,69.0,90.0,42.0,32.21018130964283,132,48.0,26.0,0.36,172.6,
2025-04-22 07:42:21,170.33,36.0,231.5,20.0,167.69,52.0,546.0,22.0,200.92,61.16999999999999,88.0,42.0,26.332218288630152,130,46.0,-2.0,0.35,175.0,2.0
2025-04-22 07:42:22,167.32,53.0,188.43,28.0,147.82,67.0,450.0,28.0,177.87,21.110000000000014,120.0,56.0,20.757151056926265,176,64.0,46.0,0.36,167.75,8.0
2025-04-22 07:42:23,175.29,17.0,185.43,28.0,107.97,33.0,317.75,16.0,180.36,10.140000000000017,50.0,44.0,13.06958606842796,94,6.0,-82.0,0.06,176.0,3.0
2025-04-22 07:42:24,167.0,9.0,183.78,18.0,144.76,21.0,185.0,36.0,175.39,16.78,30.0,54.0,13.185434008785665,84,-24.0,-10.0,-0.29,174.75,4.0
2025-04-22 07:42:26,163.7,80.0,181.4,30.0,138.61,49.0,183.08,48.0,172.55,17.700000000000017,129.0,78.0,12.897715689222965,207,51.0,82.0,0.25,174.75,
2025-04-22 07:42:27,169.0,63.0,178.27,22.0,167.0,18.0,179.5,32.0,173.64,9.27000000000001,81.0,54.0,12.459319002258008,135,27.0,-72.0,0.2,168.0,1.0
2025-04-22 07:42:28,170.0,54.0,175.53,30.0,166.1,20.0,178.0,30.0,172.77,5.530000000000001,74.0,60.0,11.30170208420069,134,14.0,-1.0,0.1,170.0,2.0
2025-04-22 07:42:29,171.11,45.0,174.33,36.0,166.0,18.0,176.0,18.0,172.72,3.219999999999999,63.0,54.0,10.955981471325416,117,9.0,-17.0,0.08,170.0,
2025-04-22 07:42:30,170.29,35.0,173.69,26.0,158.4,30.0,175.78,18.0,171.99,3.4000000000000057,65.0,44.0,0.5936581508152904,109,21.0,-8.0,0.19,173.0,4.0
2025-04-22 07:42:31,167.21,14.0,176.0,24.0,163.38,32.0,189.83,48.0,171.61,8.789999999999992,46.0,72.0,0.7846209276008937,118,-26.0,9.0,-0.22,173.0,
2025-04-22 07:42:32,170.13,15.0,177.87,30.0,168.44,16.0,186.71,42.0,174.0,7.740000000000009,31.0,72.0,0.9156800751514398,103,-41.0,-15.0,-0.4,176.5,4.0
2025-04-22 07:42:33,171.9,29.0,216.22,18.0,169.0,9.0,324.07,15.0,194.06,44.31999999999999,38.0,33.0,9.649317592453489,71,5.0,-32.0,0.07,176.5,
2025-04-22 07:42:34,172.92,12.0,339.48,21.0,169.0,12.0,653.8,15.0,256.2,166.56000000000003,24.0,36.0,36.24113643361703,60,-12.0,-11.0,-0.2,176.5,
2025-04-22 07:42:36,175.15,26.0,239.36,28.0,173.4,50.0,540.81,16.0,207.26,64.21000000000001,76.0,44.0,61.285820709198894,120,32.0,-18.0,0.27,175.67,3.0
2025-04-22 07:42:37,174.2,30.0,306.11,27.0,172.96,90.0,616.12,16.0,240.16,131.91000000000005,120.0,43.0,52.17852795930603,163,77.0,43.0,0.47,175.0,1.0
2025-04-22 07:42:38,173.0,99.0,370.0,32.0,169.4,30.0,504.57,28.0,271.5,197.0,129.0,60.0,44.18312143794384,189,69.0,26.0,0.37,173.0,5.0
2025-04-22 07:42:39,173.0,79.0,346.4,30.0,170.0,72.0,402.6,30.0,259.7,173.39999999999998,151.0,60.0,44.1271993219612,211,91.0,22.0,0.43,173.0,5.0
2025-04-22 07:42:40,172.18,22.0,302.9,21.0,169.98,49.0,314.14,21.0,237.54,130.71999999999997,71.0,42.0,24.52598458778114,113,29.0,-98.0,0.26,173.0,2.0
2025-04-22 07:42:41,170.0,189.0,270.54,39.0,169.0,15.0,276.76,33.0,220.27,100.54000000000002,204.0,72.0,20.034422377500174,276,132.0,163.0,0.48,170.0,5.0
2025-04-22 07:42:42,171.71,14.0,264.15,26.0,169.57,14.0,265.25,16.0,217.93,92.43999999999996,28.0,42.0,23.73350311269021,70,-14.0,-168.0,-0.2,170.0,
2025-04-22 07:42:43,173.0,14.0,258.92,26.0,170.0,14.0,259.16,25.0,215.96,85.92000000000002,28.0,51.0,18.547432436864856,79,-23.0,9.0,-0.29,170.0,
2025-04-22 07:42:44,171.89,18.0,254.0,9.0,169.11,9.0,256.0,9.0,212.94,82.11000000000001,27.0,18.0,9.667842054980984,45,9.0,-34.0,0.2,171.25,4.0
2025-04-22 07:42:45,172.8,49.0,207.03,29.0,167.93,29.0,204.73,33.0,189.92,34.22999999999999,78.0,62.0,12.307247052044216,140,16.0,95.0,0.11,173.0,1.0
2025-04-22 07:42:46,173.57,42.0,175.38,21.0,171.46,39.0,176.82,39.0,174.48,1.8100000000000025,81.0,60.0,19.17879245416779,141,21.0,1.0,0.15,174.0,1.0
2025-04-22 07:42:47,173.92,13.0,175.0,48.0,172.71,35.0,214.5,20.0,174.46,1.0800000000000125,48.0,68.0,20.121195789515998,116,-20.0,-25.0,-0.17,173.5,4.0
2025-04-22 07:42:48,173.0,14.0,174.43,56.0,168.0,38.0,215.58,19.0,173.71,1.4300000000000068,52.0,75.0,16.985464962727075,127,-23.0,11.0,-0.18,173.5,
2025-04-22 07:42:52,139.08,25.0,360.5,40.0,105.58,57.0,434.0,10.0,249.79,221.42,82.0,50.0,45.60537797234026,132,32.0,-100.0,0.24,168.67,6.0
2025-04-22 07:42:53,177.0,54.0,343.89,38.0,143.86,14.0,379.64,22.0,260.45,166.89,68.0,60.0,60.67397399214949,128,8.0,-4.0,0.06,177.0,5.0
2025-04-22 07:42:54,177.0,20.0,288.0,31.0,166.77,60.0,362.21,29.0,232.5,111.0,80.0,60.0,56.29068990517037,140,20.0,12.0,0.14,177.0,
2025-04-22 07:42:55,177.0,22.0,223.73,44.0,169.03,74.0,311.09,46.0,200.36,46.72999999999999,96.0,90.0,46.1189042584498,186,6.0,46.0,0.03,177.0,
2025-04-22 07:42:56,172.5,20.0,218.73,44.0,167.77,53.0,223.36,44.0,195.61,46.22999999999999,73.0,88.0,28.98622724674716,161,-15.0,-25.0,-0.09,172.4,5.0
2025-04-22 07:42:57,169.1,20.0,218.0,16.0,150.0,10.0,219.0,16.0,193.55,48.900000000000006,30.0,32.0,29.202724701644847,62,-2.0,-99.0,-0.03,172.4,
2025-04-22 07:42:58,169.0,54.0,216.56,36.0,144.62,16.0,217.56,36.0,192.78,47.56,70.0,72.0,16.774792100054405,142,-2.0,80.0,-0.01,172.4,
2025-04-22 07:42:59,169.0,42.0,215.57,28.0,139.17,12.0,216.57,28.0,192.29,46.56999999999999,54.0,56.0,3.295568236289617,110,-2.0,-32.0,-0.02,172.4,
2025-04-22 07:43:00,170.0,30.0,212.1,40.0,165.3,40.0,214.1,40.0,191.05,42.1,70.0,80.0,1.6921820233176577,150,-10.0,40.0,-0.07,172.4,
2025-04-22 07:43:01,169.0,25.0,207.27,49.0,113.07,15.0,209.1,40.0,188.13,38.27000000000001,40.0,89.0,2.121697433669135,129,-49.0,-21.0,-0.38,169.0,5.0
2025-04-22 07:43:02,174.06,108.0,203.83,59.0,168.17,58.0,206.4,48.0,188.94,29.77000000000001,166.0,107.0,2.0408503129914752,273,59.0,144.0,0.22,175.0,4.0
2025-04-22 07:43:03,175.0,130.0,198.71,31.0,173.0,117.0,200.74,34.0,186.85,23.710000000000008,247.0,65.0,2.201594876455791,312,182.0,39.0,0.58,175.0,
2025-04-22 07:43:04,175.0,130.0,195.22,46.0,173.0,117.0,197.14,22.0,185.11,20.22,247.0,68.0,2.2291433332191053,315,179.0,3.0,0.57,175.0,
2025-04-22 07:43:05,175.0,160.0,190.06,34.0,173.0,144.0,190.78,46.0,182.53,15.060000000000002,304.0,80.0,2.561702558852955,384,224.0,69.0,0.58,175.0,
2025-04-22 07:43:06,175.0,122.0,184.57,28.0,173.0,144.0,188.83,60.0,179.79,9.569999999999991,266.0,88.0,3.5905960508016523,354,178.0,-30.0,0.5,175.0,6.0
2025-04-22 07:43:07,175.0,44.0,180.67,39.0,173.0,99.0,181.26,38.0,177.83,5.669999999999988,143.0,77.0,3.703312031145984,220,66.0,-134.0,0.3,175.0,
2025-04-22 07:43:08,173.76,29.0,176.41,17.0,172.92,49.0,178.67,15.0,175.09,2.6500000000000057,78.0,32.0,3.916299273552613,110,46.0,-110.0,0.42,175.0,4.0
2025-04-22 07:43:09,173.0,153.0,175.12,42.0,172.0,34.0,176.39,23.0,174.06,2.1200000000000045,187.0,65.0,3.4513620499777926,252,122.0,142.0,0.48,173.0,1.0
2025-04-22 07:43:10,173.0,48.0,179.25,44.0,172.0,22.0,266.76,45.0,176.12,6.25,70.0,89.0,2.272040932735559,159,-19.0,-93.0,-0.12,173.0,6.0
2025-04-22 07:43:11,173.0,14.0,183.0,21.0,172.0,14.0,190.33,15.0,178.0,10.0,28.0,36.0,1.711213020060801,64,-8.0,-95.0,-0.12,173.0,
2025-04-22 07:43:12,172.23,35.0,183.0,42.0,171.6,30.0,264.6,50.0,177.61,10.77000000000001,65.0,92.0,1.6615745544589855,157,-27.0,93.0,-0.17,172.0,5.0
2025-04-22 07:43:13,171.54,78.0,181.74,43.0,169.75,96.0,352.47,60.0,176.64,10.200000000000015,174.0,103.0,1.549090055492523,277,71.0,120.0,0.26,172.0,
2025-04-22 07:43:14,175.0,39.0,178.49,43.0,170.0,117.0,179.5,48.0,176.74,3.490000000000009,156.0,91.0,0.7650620890007945,247,65.0,-30.0,0.26,172.0,
2025-04-22 07:43:15,172.86,42.0,176.2,30.0,169.92,72.0,235.37,38.0,174.53,3.339999999999975,114.0,68.0,1.3446300606583277,182,46.0,-65.0,0.25,175.0,3.0
2025-04-22 07:43:16,170.26,46.0,232.16,31.0,169.74,61.0,468.0,29.0,201.21,61.900000000000006,107.0,60.0,11.161941139426853,167,47.0,-15.0,0.28,174.25,4.0
2025-04-22 07:43:17,174.81,21.0,274.18,33.0,171.58,55.0,450.33,27.0,224.5,99.37,76.0,60.0,21.834212374162643,136,16.0,-31.0,0.12,174.25,
2025-04-22 07:43:18,178.57,98.0,224.28,18.0,177.0,32.0,235.11,38.0,201.42,45.71000000000001,130.0,56.0,20.61654068945712,186,74.0,50.0,0.4,174.25,
2025-04-22 07:43:19,179.0,77.0,221.64,11.0,177.0,33.0,224.82,33.0,200.32,42.63999999999999,110.0,44.0,17.69017891373755,154,66.0,-32.0,0.43,174.25,
2025-04-22 07:43:20,178.86,43.0,220.09,11.0,176.43,35.0,406.26,35.0,199.48,41.22999999999999,78.0,46.0,10.712823157321717,124,32.0,-30.0,0.26,179.0,7.0
2025-04-22 07:43:21,177.0,30.0,219.42,12.0,173.0,82.0,386.46,48.0,198.21,42.41999999999999,112.0,60.0,11.082805601473298,172,52.0,48.0,0.3,177.0,1.0
2025-04-22 07:43:22,177.0,30.0,199.67,51.0,173.0,105.0,208.84,31.0,188.33,22.669999999999987,135.0,82.0,5.287217604756054,217,53.0,45.0,0.24,177.0,
2025-04-22 07:43:23,177.0,14.0,195.14,7.0,173.0,49.0,197.0,21.0,186.07,18.139999999999983,63.0,28.0,6.737378570337294,91,35.0,-126.0,0.38,177.0,
2025-04-22 07:43:24,177.0,24.0,194.58,12.0,173.0,69.0,197.0,36.0,185.79,17.580000000000013,93.0,48.0,6.723345893231892,141,45.0,50.0,0.32,177.0,
2025-04-22 07:43:25,177.0,12.0,192.71,14.0,173.0,36.0,195.8,10.0,184.86,15.710000000000008,48.0,24.0,5.493088384509756,72,24.0,-69.0,0.33,177.0,
2025-04-22 07:43:26,173.47,51.0,191.52,29.0,172.5,36.0,192.38,26.0,182.49,18.05000000000001,87.0,55.0,2.1146678226221662,142,32.0,70.0,0.23,175.67,3.0
2025-04-22 07:43:27,173.79,43.0,189.21,24.0,172.74,39.0,190.0,40.0,181.5,15.420000000000016,82.0,64.0,2.040703310143955,146,18.0,4.0,0.12,175.67,
2025-04-22 07:43:28,170.84,64.0,185.39,18.0,170.5,40.0,186.86,21.0,178.12,14.549999999999985,104.0,39.0,3.023436786180789,143,65.0,-3.0,0.45,173.57,7.0
2025-04-22 07:43:29,170.33,82.0,182.64,36.0,169.69,130.0,183.61,33.0,176.48,12.309999999999974,212.0,69.0,3.37690686872318,281,143.0,138.0,0.51,170.75,4.0
2025-04-22 07:43:30,173.0,80.0,179.73,33.0,170.0,98.0,180.62,26.0,176.36,6.72999999999999,178.0,59.0,2.851490838145621,237,119.0,-44.0,0.5,173.0,1.0
2025-04-22 07:43:31,173.0,78.0,176.69,39.0,169.67,73.0,177.57,21.0,174.85,3.6899999999999977,151.0,60.0,2.536714410418961,211,91.0,-26.0,0.43,173.0,
2025-04-22 07:43:32,171.33,9.0,174.29,21.0,169.07,30.0,175.0,27.0,172.81,2.9599999999999795,39.0,48.0,1.9982567402678255,87,-9.0,-124.0,-0.1,173.0,1.0
2025-04-22 07:43:33,169.6,20.0,171.88,25.0,168.96,50.0,227.65,31.0,170.74,2.280000000000001,70.0,56.0,2.458591059941565,126,14.0,39.0,0.11,171.0,5.0
2025-04-22 07:43:34,169.0,48.0,201.92,24.0,168.0,12.0,241.17,48.0,185.46,32.91999999999999,60.0,72.0,5.674013570659318,132,-12.0,6.0,-0.09,171.0,1.0
2025-04-22 07:43:35,141.61,36.0,188.0,24.0,100.56,27.0,190.56,36.0,164.81,46.38999999999999,63.0,60.0,7.553147026241722,123,3.0,-9.0,0.02,168.8,5.0
2025-04-22 07:43:36,153.08,12.0,184.5,6.0,120.79,19.0,186.0,6.0,168.79,31.419999999999987,31.0,12.0,7.811099154409908,43,19.0,-80.0,0.44,168.0,1.0
2025-04-22 07:43:37,163.94,31.0,183.73,11.0,108.95,43.0,185.0,11.0,173.83,19.789999999999992,74.0,22.0,7.833787717319341,96,52.0,53.0,0.54,168.0,1.0
2025-04-22 07:43:38,175.67,18.0,181.2,10.0,160.59,34.0,183.0,10.0,178.43,5.530000000000001,52.0,20.0,8.096868530489095,72,32.0,-24.0,0.44,168.0,
2025-04-22 07:43:39,170.9,21.0,179.89,9.0,115.57,35.0,182.67,9.0,175.4,8.98999999999998,56.0,18.0,5.429928176322676,74,38.0,2.0,0.51,175.5,4.0
2025-04-22 07:43:40,169.0,32.0,176.62,8.0,76.43,30.0,177.62,8.0,172.81,7.620000000000003,62.0,16.0,3.5378128836930087,78,46.0,4.0,0.59,175.5,
2025-04-22 07:43:41,169.41,74.0,173.11,19.0,156.87,52.0,174.89,19.0,171.26,3.700000000000017,126.0,38.0,2.7358234592211264,164,88.0,86.0,0.54,171.0,1.0
