DateTime,Bid1_Price,Bid1_Volume,Ask1_Price,Ask1_Volume,Bid2_Price,Bid2_Volume,Ask2_Price,Ask2_Volume,Mid-Price,Bid_Ask_Spread,Market_Depth_Bid,Market_Depth_Ask,Historical_Volatility,Total_volume,Cumulative_Volume_Difference,Total_Volume_Change_Corrected,Order_imbalance,Weighted_Avg_Price,Trade_Volume
2025-06-19 07:30:02,80.5,12.0,137.2,10.0,0.0,0.0,337.0,3.0,108.85,56.69999999999999,12.0,13.0,,25,-1.0,24.0,-0.04,,
2025-06-19 07:30:04,105.5,18.0,115.0,18.0,38.17,18.0,321.83,6.0,110.25,9.5,36.0,24.0,,60,12.0,35.0,0.2,,
2025-06-19 07:30:05,106.0,21.0,114.9,20.0,25.0,21.0,119.29,21.0,110.45,8.900000000000006,42.0,41.0,,83,1.0,23.0,0.01,,
2025-06-19 07:30:06,106.0,15.0,113.0,19.0,49.0,15.0,116.2,15.0,109.5,7.0,30.0,34.0,26.27587772082982,64,-4.0,-19.0,-0.06,,
2025-06-19 07:30:07,106.0,21.0,110.14,35.0,85.0,21.0,113.77,31.0,108.07,4.140000000000001,42.0,66.0,0.9878663877272462,108,-24.0,44.0,-0.22,,
2025-06-19 07:30:08,106.0,24.0,107.21,19.0,84.11,27.0,109.0,40.0,106.61,1.2099999999999935,51.0,59.0,1.6193455468186184,110,-8.0,2.0,-0.07,107.0,2.0
2025-06-19 07:30:09,106.0,15.0,107.0,15.0,88.5,16.0,108.4,25.0,106.5,1.0,31.0,40.0,1.7452879418598273,71,-9.0,-39.0,-0.13,107.0,
2025-06-19 07:30:10,106.0,25.0,107.88,51.0,105.0,22.0,109.46,37.0,106.94,1.8799999999999957,47.0,88.0,1.2676474273240697,135,-41.0,64.0,-0.3,106.0,2.0
2025-06-19 07:30:11,105.64,11.0,107.89,37.0,104.64,22.0,109.17,46.0,106.76,2.25,33.0,83.0,0.6335061167829007,116,-50.0,-19.0,-0.43,106.0,1.0
2025-06-19 07:30:12,105.0,10.0,108.0,10.0,104.0,20.0,109.0,31.0,106.5,3.0,30.0,41.0,0.1884675038338542,71,-11.0,-45.0,-0.15,106.0,
2025-06-19 07:30:13,104.54,26.0,107.31,16.0,96.36,44.0,108.84,49.0,105.93,2.769999999999996,70.0,65.0,0.3816804946566761,135,5.0,64.0,0.04,106.09,11.0
2025-06-19 07:30:14,104.0,24.0,106.88,8.0,83.0,32.0,109.0,67.0,105.44,2.8799999999999955,56.0,75.0,0.6198225552538168,131,-19.0,-4.0,-0.15,106.09,
2025-06-19 07:30:15,104.0,24.0,105.88,8.0,83.0,32.0,108.28,29.0,104.94,1.8799999999999957,56.0,37.0,0.7471144490647897,93,19.0,-38.0,0.2,106.09,
2025-06-19 07:30:16,104.0,8.0,107.81,16.0,83.0,16.0,108.83,18.0,105.91,3.8100000000000014,24.0,34.0,0.5857729935746333,58,-10.0,-35.0,-0.17,104.0,2.0
2025-06-19 07:30:17,105.38,13.0,108.06,77.0,90.56,25.0,109.11,61.0,106.72,2.680000000000007,38.0,138.0,0.6602802435340512,176,-100.0,118.0,-0.57,108.0,6.0
2025-06-19 07:30:18,105.78,9.0,109.0,41.0,91.47,49.0,116.0,9.0,107.39,3.219999999999999,58.0,50.0,0.9828275535420128,108,8.0,-68.0,0.07,109.0,1.0
2025-06-19 07:30:19,104.0,7.0,109.0,28.0,91.0,70.0,116.0,7.0,106.5,5.0,77.0,35.0,0.9227513207800748,112,42.0,4.0,0.38,109.0,
2025-06-19 07:30:20,94.0,26.0,109.0,32.0,92.1,84.0,113.5,8.0,101.5,15.0,110.0,40.0,2.354491452522469,150,70.0,38.0,0.47,104.0,1.0
2025-06-19 07:30:21,92.74,68.0,109.0,35.0,90.36,97.0,112.0,11.0,100.87,16.260000000000005,165.0,46.0,3.1389217894049803,211,119.0,61.0,0.56,109.0,1.0
2025-06-19 07:30:22,97.75,56.0,109.0,36.0,96.06,51.0,112.0,12.0,103.38,11.25,107.0,48.0,2.9217922581869797,155,59.0,-56.0,0.38,109.0,
2025-06-19 07:30:23,101.1,84.0,109.0,39.0,99.2,93.0,112.0,13.0,105.05,7.900000000000006,177.0,52.0,2.362509259241403,229,125.0,74.0,0.55,109.0,
2025-06-19 07:30:24,100.0,232.0,108.4,75.0,99.0,80.0,110.27,26.0,104.2,8.400000000000006,312.0,101.0,1.7729777212366096,413,211.0,168.0,0.51,108.0,2.0
2025-06-19 07:30:25,102.39,76.0,108.0,60.0,101.49,41.0,109.0,12.0,105.2,5.609999999999999,117.0,72.0,1.7625124113042103,189,45.0,-168.0,0.24,108.0,
2025-06-19 07:30:26,106.36,14.0,108.0,40.0,105.77,26.0,109.0,8.0,107.18,1.6400000000000006,40.0,48.0,1.4194435529465097,88,-8.0,-101.0,-0.09,106.25,4.0
2025-06-19 07:30:27,106.0,7.0,108.0,35.0,105.0,14.0,109.0,7.0,107.0,2.0,21.0,42.0,1.3037944623296305,63,-21.0,-25.0,-0.33,106.25,
2025-06-19 07:30:28,106.0,4.0,107.71,14.0,105.0,8.0,108.22,9.0,106.86,1.7099999999999935,12.0,23.0,1.3203484388605198,35,-11.0,-28.0,-0.31,106.25,
2025-06-19 07:30:29,105.33,12.0,107.62,21.0,101.25,32.0,166.29,28.0,106.48,2.2900000000000063,44.0,49.0,0.7941536375295548,93,-5.0,58.0,-0.05,107.0,2.0
2025-06-19 07:30:30,105.0,18.0,106.76,29.0,103.21,61.0,107.79,24.0,105.88,1.7600000000000051,79.0,53.0,0.5159457335819609,132,26.0,39.0,0.2,107.0,
2025-06-19 07:30:31,105.0,5.0,106.0,25.0,104.0,35.0,108.0,10.0,105.5,1.0,40.0,35.0,0.6408431945502899,75,5.0,-57.0,0.07,105.0,1.0
2025-06-19 07:30:32,104.17,12.0,106.0,20.0,103.5,16.0,108.0,8.0,105.08,1.8299999999999983,28.0,28.0,0.7198610977135906,56,0.0,-19.0,0.0,104.33,3.0
2025-06-19 07:30:33,104.0,45.0,106.0,45.0,100.0,9.0,108.0,18.0,105.0,2.0,54.0,63.0,0.6108354934034266,117,-9.0,61.0,-0.08,104.33,
2025-06-19 07:30:34,103.03,58.0,105.83,60.0,99.31,32.0,107.42,24.0,104.43,2.799999999999997,90.0,84.0,0.5471014531157803,174,6.0,57.0,0.03,104.0,5.0
2025-06-19 07:30:35,102.62,64.0,105.46,37.0,100.0,8.0,107.2,25.0,104.04,2.839999999999989,72.0,62.0,0.5749782604598165,134,10.0,-40.0,0.07,104.0,
2025-06-19 07:30:36,101.57,46.0,105.66,70.0,98.65,23.0,107.33,27.0,103.61,4.090000000000003,69.0,97.0,0.6268731929197474,166,-28.0,32.0,-0.17,104.0,4.0
2025-06-19 07:30:37,100.0,35.0,105.59,34.0,98.25,73.0,115.82,66.0,102.79,5.590000000000003,108.0,100.0,0.8365584259341375,208,8.0,42.0,0.04,105.75,8.0
2025-06-19 07:30:38,100.0,11.0,108.0,62.0,99.0,22.0,231.0,14.0,104.0,8.0,33.0,76.0,0.6219565901261946,109,-43.0,-99.0,-0.39,105.75,
2025-06-19 07:30:39,99.09,33.0,104.0,41.0,98.05,125.0,107.45,33.0,101.55,4.909999999999997,158.0,74.0,1.0493188266687108,232,84.0,123.0,0.36,104.0,3.0
2025-06-19 07:30:40,99.96,53.0,102.5,24.0,98.62,60.0,104.29,21.0,101.23,2.5400000000000063,113.0,45.0,1.2236339321877987,158,68.0,-74.0,0.43,100.8,5.0
2025-06-19 07:30:41,100.92,52.0,103.58,19.0,98.56,36.0,104.73,15.0,102.25,2.6599999999999966,88.0,34.0,1.0976702601425277,122,54.0,-36.0,0.44,104.0,1.0
2025-06-19 07:30:42,101.84,50.0,104.0,15.0,100.4,50.0,105.0,15.0,102.92,2.1599999999999966,100.0,30.0,1.1117328815868324,130,70.0,8.0,0.54,104.0,
2025-06-19 07:30:43,102.37,35.0,104.42,12.0,100.73,44.0,105.78,32.0,103.39,2.049999999999997,79.0,44.0,0.9051629687527888,123,35.0,-7.0,0.28,104.0,1.0
2025-06-19 07:30:44,101.18,34.0,103.86,21.0,98.2,40.0,106.0,30.0,102.52,2.6799999999999926,74.0,51.0,0.8119544322197887,125,23.0,2.0,0.18,103.0,2.0
2025-06-19 07:30:45,102.62,64.0,106.0,36.0,97.87,69.0,154.59,34.0,104.31,3.3799999999999955,133.0,70.0,0.811954432219786,203,63.0,78.0,0.31,103.0,
2025-06-19 07:30:46,103.38,52.0,106.0,53.0,99.14,63.0,293.0,17.0,104.69,2.6200000000000045,115.0,70.0,0.9164223916957474,185,45.0,-18.0,0.24,103.0,
2025-06-19 07:30:47,104.0,41.0,106.0,55.0,100.46,28.0,311.45,11.0,105.0,2.0,69.0,66.0,1.0164988932612526,135,3.0,-50.0,0.02,104.0,3.0
2025-06-19 07:30:48,104.0,17.0,106.0,50.0,100.0,22.0,354.0,11.0,105.0,2.0,39.0,61.0,1.0368847573387088,100,-22.0,-35.0,-0.22,104.0,
2025-06-19 07:30:49,104.0,7.0,106.0,63.0,99.73,22.0,127.57,23.0,105.0,2.0,29.0,86.0,0.3050409808556022,115,-57.0,15.0,-0.5,104.0,
2025-06-19 07:30:50,104.0,10.0,105.98,64.0,100.52,42.0,135.5,18.0,104.99,1.980000000000004,52.0,82.0,0.1375863365358239,134,-30.0,19.0,-0.22,105.75,4.0
2025-06-19 07:30:51,104.0,7.0,106.0,50.0,99.0,35.0,195.0,7.0,105.0,2.0,42.0,57.0,0.0044721361059313,99,-15.0,-35.0,-0.15,105.75,
2025-06-19 07:30:52,104.0,13.0,106.0,96.0,99.0,60.0,170.91,32.0,105.0,2.0,73.0,128.0,0.0044721361059313,201,-55.0,102.0,-0.27,105.75,
2025-06-19 07:30:53,104.95,88.0,106.0,80.0,102.08,26.0,212.1,50.0,105.48,1.0499999999999972,114.0,130.0,0.2158240023754371,244,-16.0,43.0,-0.07,105.0,2.0
2025-06-19 07:30:54,102.51,45.0,363.07,30.0,98.95,44.0,543.59,39.0,232.79,260.56,89.0,69.0,57.09726149299984,158,20.0,-86.0,0.13,105.6,10.0
2025-06-19 07:30:55,99.0,50.0,358.59,22.0,98.0,26.0,406.36,14.0,228.8,259.59,76.0,36.0,68.82786049268132,112,40.0,-46.0,0.36,105.6,
2025-06-19 07:30:56,99.0,50.0,102.0,40.0,98.0,10.0,110.94,34.0,100.5,3.0,60.0,74.0,69.67607824784632,134,-14.0,22.0,-0.1,105.6,
2025-06-19 07:30:57,100.16,25.0,102.1,42.0,99.28,25.0,123.37,54.0,101.13,1.9399999999999975,50.0,96.0,70.38153770698679,146,-46.0,12.0,-0.32,102.33,6.0
2025-06-19 07:30:58,101.87,104.0,148.08,24.0,99.51,47.0,237.5,48.0,124.97,46.21000000000001,151.0,72.0,67.52213836957478,223,79.0,77.0,0.35,102.29,7.0
2025-06-19 07:30:59,103.97,124.0,237.5,40.0,102.12,68.0,420.0,20.0,170.73,133.53,192.0,60.0,54.74998931506747,252,132.0,29.0,0.52,105.0,4.0
2025-06-19 07:31:02,108.0,5.0,364.8,5.0,106.0,25.0,528.64,11.0,236.4,256.8,30.0,16.0,83.05242338426983,46,14.0,-146.0,0.3,105.0,
2025-06-19 07:31:03,106.05,37.0,330.0,16.0,105.16,32.0,251.0,38.0,218.03,223.95,69.0,54.0,61.008462773618646,123,15.0,77.0,0.12,107.0,2.0
2025-06-19 07:31:04,106.12,17.0,113.0,5.0,105.25,16.0,323.18,17.0,109.56,6.879999999999996,33.0,22.0,82.86125161980121,55,11.0,-68.0,0.2,107.0,
2025-06-19 07:31:05,108.8,10.0,345.67,6.0,106.67,12.0,561.83,18.0,227.23,236.87,22.0,24.0,74.91019736991758,46,-2.0,-9.0,-0.04,107.0,
2025-06-19 07:31:06,109.0,16.0,231.75,12.0,108.0,10.0,320.48,23.0,170.38,122.75,26.0,35.0,52.80468681850129,61,-9.0,15.0,-0.15,107.0,
2025-06-19 07:31:07,108.91,22.0,205.28,43.0,107.47,30.0,223.23,22.0,157.09,96.37,52.0,65.0,47.94119074449447,117,-13.0,56.0,-0.11,109.0,2.0
2025-06-19 07:31:08,106.33,18.0,217.85,26.0,105.44,27.0,222.5,12.0,162.09,111.52,45.0,38.0,41.96958005508277,83,7.0,-34.0,0.08,107.0,2.0
2025-06-19 07:31:09,105.36,33.0,219.0,33.0,104.3,40.0,454.22,41.0,162.18,113.64,73.0,74.0,29.14598480065482,147,-1.0,64.0,-0.01,106.0,3.0
2025-06-19 07:31:10,104.25,32.0,218.0,27.0,102.67,18.0,394.0,45.0,161.12,113.75,50.0,72.0,4.835066700677607,122,-22.0,-25.0,-0.18,105.0,3.0
2025-06-19 07:31:11,104.07,54.0,210.79,29.0,101.95,21.0,348.53,49.0,157.43,106.72,75.0,78.0,2.5222152961238864,153,-3.0,31.0,-0.02,105.0,
2025-06-19 07:31:12,104.0,54.0,191.89,27.0,102.62,13.0,333.07,40.0,147.94,87.88999999999999,67.0,67.0,6.028015427983005,134,0.0,-19.0,0.0,105.0,
2025-06-19 07:31:13,104.0,78.0,190.23,39.0,103.0,26.0,403.58,26.0,147.12,86.22999999999999,104.0,65.0,7.188965155013678,169,39.0,35.0,0.23,105.0,
2025-06-19 07:31:14,104.33,72.0,186.83,35.0,103.35,34.0,219.0,17.0,145.58,82.50000000000001,106.0,52.0,6.964956568421689,158,54.0,-11.0,0.34,105.0,
2025-06-19 07:31:15,104.12,68.0,184.33,36.0,103.21,28.0,320.59,32.0,144.23,80.21000000000001,96.0,68.0,5.213305093700168,164,28.0,6.0,0.17,108.0,2.0
2025-06-19 07:31:16,104.0,54.0,186.16,19.0,102.4,15.0,203.56,27.0,145.08,82.16,69.0,46.0,1.5143645532036816,115,23.0,-49.0,0.2,108.0,
2025-06-19 07:31:17,105.18,49.0,162.32,41.0,104.14,42.0,175.0,42.0,133.75,57.13999999999999,91.0,83.0,5.359969216329462,174,8.0,59.0,0.05,108.0,
2025-06-19 07:31:18,106.15,26.0,107.91,35.0,104.14,29.0,138.52,27.0,107.03,1.759999999999991,55.0,62.0,16.450906661944153,117,-7.0,-57.0,-0.06,106.8,5.0
2025-06-19 07:31:19,104.76,25.0,107.63,27.0,103.89,75.0,159.5,38.0,106.19,2.8699999999999903,100.0,65.0,19.37040990789812,165,35.0,48.0,0.21,106.75,4.0
2025-06-19 07:31:20,105.0,16.0,109.08,26.0,104.0,40.0,196.43,42.0,107.04,4.079999999999998,56.0,68.0,18.335770231980906,124,-12.0,-41.0,-0.1,107.5,4.0
2025-06-19 07:31:21,105.0,18.0,107.36,50.0,104.0,48.0,151.38,40.0,106.18,2.3599999999999994,66.0,90.0,12.144816589804716,156,-24.0,32.0,-0.15,107.0,2.0
2025-06-19 07:31:22,106.86,29.0,110.0,30.0,104.24,37.0,151.53,34.0,108.43,3.140000000000001,66.0,64.0,0.918221106267578,130,2.0,-26.0,0.02,107.0,3.0
2025-06-19 07:31:23,108.0,30.0,111.0,15.0,105.0,15.0,213.5,18.0,109.5,3.0,45.0,33.0,1.460297914808928,78,12.0,-52.0,0.15,107.0,
2025-06-19 07:31:24,108.0,66.0,243.83,35.0,105.0,33.0,382.08,37.0,175.91,135.83,99.0,72.0,30.49191810955809,171,27.0,93.0,0.16,107.0,
2025-06-19 07:31:25,108.0,27.0,110.35,31.0,105.0,27.0,167.76,17.0,109.18,2.3499999999999943,54.0,48.0,30.253841904789493,102,6.0,-69.0,0.06,108.0,4.0
2025-06-19 07:31:26,106.58,19.0,110.55,29.0,104.45,33.0,148.83,24.0,108.57,3.969999999999999,52.0,53.0,29.962037147029854,105,-1.0,3.0,-0.01,108.0,2.0
2025-06-19 07:31:27,105.0,27.0,110.9,10.0,104.0,54.0,113.84,25.0,107.95,5.900000000000006,81.0,35.0,30.018375538992725,116,46.0,11.0,0.4,108.0,
2025-06-19 07:31:28,105.0,32.0,106.67,15.0,104.0,72.0,108.52,23.0,105.83,1.6700000000000017,104.0,38.0,30.44899866990697,142,66.0,26.0,0.46,105.0,2.0
2025-06-19 07:31:29,105.0,3.0,106.0,3.0,104.0,18.0,111.0,9.0,105.5,1.0,21.0,12.0,1.6518565312990638,33,9.0,-109.0,0.27,105.0,
2025-06-19 07:31:30,104.07,54.0,106.75,16.0,96.27,44.0,113.5,44.0,105.41,2.680000000000007,98.0,60.0,1.4923873491809343,158,38.0,125.0,0.24,104.67,3.0
2025-06-19 07:31:31,104.0,30.0,111.0,8.0,47.84,19.0,133.0,30.0,107.5,7.0,49.0,38.0,1.1958553424203455,87,11.0,-71.0,0.13,111.0,2.0
2025-06-19 07:31:32,105.79,19.0,110.38,13.0,104.83,60.0,133.0,65.0,108.09,4.589999999999989,79.0,78.0,1.2408988677548587,157,1.0,70.0,0.01,111.0,
2025-06-19 07:31:33,107.57,56.0,110.0,13.0,105.47,19.0,159.44,57.0,108.79,2.430000000000007,75.0,70.0,1.533254708127572,145,5.0,-12.0,0.03,107.0,2.0
2025-06-19 07:31:34,108.16,62.0,110.0,15.0,106.26,38.0,260.47,60.0,109.08,1.8400000000000036,100.0,75.0,1.4578511583819038,175,25.0,30.0,0.14,107.0,
2025-06-19 07:31:35,104.33,36.0,110.0,10.0,51.0,68.0,447.81,27.0,107.17,5.670000000000002,104.0,37.0,0.8151870950864605,141,67.0,-34.0,0.48,106.89,9.0
2025-06-19 07:31:36,104.0,50.0,109.24,17.0,55.75,83.0,198.05,39.0,106.62,5.239999999999995,133.0,56.0,1.0463508015935514,189,77.0,48.0,0.41,108.5,2.0
2025-06-19 07:31:37,104.0,15.0,109.0,12.0,71.0,27.0,280.57,7.0,106.5,5.0,42.0,19.0,1.2203155329648994,61,23.0,-128.0,0.38,108.5,
2025-06-19 07:31:38,104.0,40.0,108.8,20.0,81.0,30.0,145.33,24.0,106.4,4.799999999999997,70.0,44.0,1.1170407333644132,114,26.0,53.0,0.23,108.5,
2025-06-19 07:31:39,104.18,49.0,106.64,44.0,73.74,31.0,108.0,11.0,105.41,2.4599999999999937,80.0,55.0,0.6382397668550318,135,25.0,21.0,0.19,108.5,
2025-06-19 07:31:40,94.97,32.0,106.0,20.0,79.7,44.0,108.0,7.0,100.48,11.03,76.0,27.0,2.617216078201204,103,49.0,-32.0,0.48,105.67,3.0
2025-06-19 07:31:42,82.78,120.0,102.25,16.0,71.4,88.0,252.7,20.0,92.52,19.47,208.0,36.0,9.415695407137674,244,172.0,-29.0,0.7,99.0,5.0
2025-06-19 07:31:44,105.78,153.0,213.13,31.0,104.29,34.0,328.2,30.0,159.45,107.35,187.0,61.0,76.8859712171213,248,126.0,6.0,0.51,99.0,
2025-06-19 07:31:45,106.0,85.0,381.29,17.0,105.0,10.0,554.0,12.0,243.65,275.29,95.0,29.0,84.37895098897597,124,66.0,-124.0,0.53,99.0,
2025-06-19 07:31:46,106.0,34.0,354.0,4.0,105.0,4.0,522.0,6.0,230.0,248.0,38.0,10.0,71.74324685989626,48,28.0,-76.0,0.58,99.0,
2025-06-19 07:31:47,106.0,102.0,293.67,12.0,105.0,12.0,616.8,20.0,199.83,187.67,114.0,32.0,41.881482543004815,146,82.0,98.0,0.56,99.0,
2025-06-19 07:31:48,106.0,136.0,282.62,16.0,105.0,16.0,467.5,8.0,194.31,176.62,152.0,24.0,32.9151427157777,176,128.0,30.0,0.73,99.0,
2025-06-19 07:31:49,106.0,85.0,107.62,13.0,105.0,10.0,304.6,10.0,106.81,1.6200000000000043,95.0,23.0,53.369166191725455,118,72.0,-58.0,0.61,99.0,
2025-06-19 07:31:50,106.0,135.0,107.0,45.0,105.0,18.0,108.0,18.0,106.5,1.0,153.0,63.0,57.17195684949052,216,90.0,98.0,0.42,106.0,3.0
2025-06-19 07:31:51,106.0,98.0,107.0,39.0,105.0,18.0,108.0,18.0,106.5,1.0,116.0,57.0,49.589214049024825,173,59.0,-43.0,0.34,106.33,6.0
2025-06-19 07:31:52,106.0,65.0,107.53,19.0,105.0,16.0,254.08,25.0,106.76,1.5300000000000011,81.0,44.0,39.20636083596636,125,37.0,-48.0,0.3,106.0,3.0
2025-06-19 07:31:53,106.0,35.0,108.0,7.0,105.0,10.0,310.18,22.0,107.0,2.0,45.0,29.0,0.214895323339076,74,16.0,-51.0,0.22,108.0,1.0
2025-06-19 07:31:54,106.26,39.0,170.0,8.0,105.83,35.0,297.07,15.0,138.13,63.74,74.0,23.0,14.061935144210926,97,51.0,23.0,0.53,107.33,3.0
2025-06-19 07:31:55,106.19,21.0,242.0,10.0,105.76,21.0,505.0,10.0,174.1,135.81,42.0,20.0,29.878648229128395,62,22.0,-35.0,0.35,107.33,
2025-06-19 07:31:56,106.34,32.0,233.33,30.0,105.39,28.0,345.25,32.0,169.84,126.99,60.0,62.0,32.585089841827966,122,-2.0,60.0,-0.02,106.67,9.0
2025-06-19 07:31:57,105.37,19.0,164.08,26.0,104.07,90.0,212.35,34.0,134.72,58.71000000000001,109.0,60.0,27.660522771632525,169,49.0,47.0,0.29,105.5,4.0
2025-06-19 07:31:58,104.09,43.0,245.14,14.0,99.18,68.0,371.75,16.0,174.62,141.04999999999998,111.0,30.0,20.07484545395068,141,81.0,-28.0,0.57,104.5,2.0
2025-06-19 07:31:59,104.0,65.0,251.67,12.0,74.64,25.0,432.89,18.0,177.83,147.67,90.0,30.0,17.838167506781787,120,60.0,-21.0,0.5,104.5,
2025-06-19 07:32:00,104.0,74.0,142.57,21.0,96.0,24.0,197.33,18.0,123.29,38.56999999999999,98.0,39.0,25.18711674646393,137,59.0,17.0,0.43,104.0,4.0
2025-06-19 07:32:01,104.0,45.0,142.0,15.0,70.8,20.0,277.56,9.0,123.0,38.0,65.0,24.0,27.39453175361832,89,41.0,-48.0,0.46,104.0,
2025-06-19 07:32:02,104.0,75.0,141.14,21.0,56.57,28.0,175.71,7.0,122.57,37.13999999999999,103.0,28.0,29.20128028015214,131,75.0,42.0,0.57,104.0,
2025-06-19 07:32:03,106.04,55.0,139.3,30.0,100.64,75.0,168.31,16.0,122.67,33.260000000000005,130.0,46.0,24.57491037623537,176,84.0,45.0,0.48,104.0,
2025-06-19 07:32:04,104.0,108.0,136.83,36.0,57.0,48.0,138.08,36.0,120.42,32.83000000000001,156.0,72.0,1.1372994328667845,228,84.0,52.0,0.37,104.0,
2025-06-19 07:32:05,104.0,90.0,131.4,30.0,52.6,40.0,133.6,30.0,117.7,27.40000000000001,130.0,60.0,2.2422243420315806,190,70.0,-38.0,0.37,104.0,
2025-06-19 07:32:06,107.0,27.0,128.17,29.0,99.6,89.0,129.82,33.0,117.59,21.169999999999987,116.0,62.0,2.491375122296681,178,54.0,-12.0,0.3,104.0,
2025-06-19 07:32:07,105.21,52.0,115.15,26.0,98.57,77.0,125.86,22.0,110.18,9.940000000000012,129.0,48.0,4.708000637213044,177,81.0,-1.0,0.46,113.0,1.0
2025-06-19 07:32:08,104.85,62.0,115.27,26.0,102.77,65.0,122.57,14.0,110.06,10.420000000000002,127.0,40.0,4.765238713852446,167,87.0,-10.0,0.52,105.0,3.0
2025-06-19 07:32:09,106.57,23.0,113.69,29.0,104.9,50.0,114.67,18.0,110.13,7.1200000000000045,73.0,47.0,4.120190529574799,120,26.0,-47.0,0.22,105.0,
2025-06-19 07:32:10,107.89,18.0,112.76,29.0,105.38,42.0,135.33,30.0,110.32,4.8700000000000045,60.0,59.0,3.3185734887143408,119,1.0,-1.0,0.01,111.0,1.0
2025-06-19 07:32:11,107.12,32.0,122.86,42.0,105.05,79.0,143.92,48.0,114.99,15.739999999999997,111.0,90.0,2.1565551233385136,201,21.0,82.0,0.1,111.0,
2025-06-19 07:32:12,108.0,39.0,112.92,24.0,107.0,24.0,140.19,37.0,110.46,4.920000000000002,63.0,61.0,2.1289833254390715,124,2.0,-77.0,0.02,108.0,1.0
2025-06-19 07:32:13,108.0,40.0,109.6,20.0,107.0,20.0,122.33,18.0,108.8,1.5999999999999943,60.0,38.0,2.358654277336459,98,22.0,-26.0,0.22,108.0,
2025-06-19 07:32:14,108.0,32.0,109.0,18.0,107.0,20.0,132.38,16.0,108.5,1.0,52.0,34.0,2.598995959980994,86,18.0,-12.0,0.21,108.33,3.0
2025-06-19 07:32:15,105.12,16.0,109.0,4.0,104.28,50.0,153.0,4.0,107.06,3.879999999999996,66.0,8.0,3.05933326069545,74,58.0,-12.0,0.78,107.5,4.0
2025-06-19 07:32:16,105.28,25.0,108.0,16.0,104.48,103.0,119.37,19.0,106.64,2.719999999999999,128.0,35.0,1.5205656842100943,163,93.0,89.0,0.57,105.25,4.0
2025-06-19 07:32:17,105.0,15.0,107.17,18.0,104.0,72.0,112.5,10.0,106.08,2.1700000000000017,87.0,28.0,1.1836722519334586,115,59.0,-48.0,0.51,105.0,1.0
2025-06-19 07:32:18,105.0,30.0,106.13,38.0,104.0,180.0,108.3,30.0,105.57,1.1299999999999957,210.0,68.0,1.119151464278698,278,142.0,163.0,0.51,106.0,2.0
2025-06-19 07:32:19,105.36,66.0,108.57,42.0,104.37,155.0,367.87,23.0,106.97,3.2099999999999937,221.0,65.0,0.6302618503424742,286,156.0,8.0,0.55,106.25,8.0
2025-06-19 07:32:20,107.95,61.0,109.0,24.0,104.28,106.0,294.75,16.0,108.48,1.0499999999999972,167.0,40.0,1.1061961851304494,207,127.0,-79.0,0.61,108.2,5.0
2025-06-19 07:32:21,108.0,35.0,109.0,14.0,104.0,107.0,333.92,26.0,108.5,1.0,142.0,40.0,1.347275027600975,182,102.0,-25.0,0.56,108.2,
2025-06-19 07:32:22,108.0,30.0,109.0,12.0,104.0,102.0,297.33,24.0,108.5,1.0,132.0,36.0,1.3145455488484474,168,96.0,-14.0,0.57,108.2,
2025-06-19 07:32:23,106.26,39.0,181.2,20.0,102.93,138.0,438.16,31.0,143.73,74.93999999999998,177.0,51.0,15.942284340708447,228,126.0,60.0,0.55,108.4,5.0
2025-06-19 07:32:24,106.34,77.0,204.5,40.0,103.14,172.0,284.63,38.0,155.42,98.16,249.0,78.0,22.877785732015205,327,171.0,99.0,0.52,108.4,
2025-06-19 07:32:25,107.0,54.0,189.35,34.0,104.0,153.0,254.18,34.0,148.18,82.35,207.0,68.0,22.6309076265182,275,139.0,-52.0,0.51,108.4,
2025-06-19 07:32:26,108.0,11.0,126.26,47.0,107.0,66.0,167.98,41.0,117.13,18.260000000000005,77.0,88.0,20.540546974216625,165,-11.0,-110.0,-0.07,108.4,
2025-06-19 07:32:27,111.0,21.0,125.51,49.0,108.95,59.0,126.33,45.0,118.26,14.510000000000003,80.0,94.0,17.7097891009464,174,-14.0,9.0,-0.08,111.0,1.0
2025-06-19 07:32:28,111.0,7.0,124.83,29.0,109.0,49.0,125.88,34.0,117.91,13.829999999999998,56.0,63.0,18.820197926695656,119,-7.0,-55.0,-0.06,111.0,
2025-06-19 07:32:29,111.0,7.0,122.86,35.0,109.0,49.0,125.0,28.0,116.93,11.86,56.0,63.0,13.705694801796769,119,-7.0,0.0,-0.06,111.0,1.0
2025-06-19 07:32:30,109.0,63.0,122.0,45.0,108.0,9.0,125.0,36.0,115.5,13.0,72.0,81.0,1.070154194496486,153,-9.0,34.0,-0.06,111.0,
2025-06-19 07:32:31,109.0,77.0,120.26,39.0,108.0,11.0,123.0,39.0,114.63,11.260000000000003,88.0,78.0,1.5541010263166264,166,10.0,13.0,0.06,111.0,
2025-06-19 07:32:32,109.0,91.0,116.4,35.0,108.0,13.0,117.34,47.0,112.7,7.400000000000006,104.0,82.0,2.027567508123542,186,22.0,20.0,0.12,111.0,
2025-06-19 07:32:33,109.0,70.0,112.27,26.0,108.0,10.0,114.76,34.0,110.63,3.269999999999996,80.0,60.0,2.4621271291300606,140,20.0,-46.0,0.14,111.0,
2025-06-19 07:32:34,109.0,77.0,111.05,43.0,108.0,18.0,111.7,23.0,110.02,2.049999999999997,95.0,66.0,2.3995895482348923,161,29.0,21.0,0.18,111.0,
2025-06-19 07:32:35,108.97,100.0,110.0,15.0,107.4,30.0,245.93,68.0,109.48,1.0300000000000011,130.0,83.0,2.1368364467122984,213,47.0,52.0,0.22,109.0,7.0
2025-06-19 07:32:36,109.03,74.0,136.4,25.0,108.44,16.0,232.62,32.0,122.71,27.370000000000005,90.0,57.0,5.50462260286735,147,33.0,-66.0,0.22,109.0,3.0
2025-06-19 07:32:37,110.43,14.0,135.14,28.0,109.05,44.0,212.0,21.0,122.79,24.70999999999998,58.0,49.0,6.971666228384595,107,9.0,-40.0,0.08,109.0,
2025-06-19 07:32:38,113.0,14.0,130.2,25.0,110.0,14.0,195.29,24.0,121.6,17.19999999999999,28.0,49.0,6.929051161594809,77,-21.0,-30.0,-0.27,109.0,
2025-06-19 07:32:39,109.26,35.0,193.22,37.0,108.65,17.0,295.81,32.0,151.24,83.96,52.0,69.0,15.40702534560123,121,-17.0,44.0,-0.14,109.75,12.0
2025-06-19 07:32:40,107.0,66.0,167.82,39.0,106.0,176.0,284.33,36.0,137.41,60.81999999999999,242.0,75.0,12.991549176291445,317,167.0,168.0,0.53,109.75,
2025-06-19 07:32:41,107.0,38.0,235.89,9.0,106.0,112.0,270.85,27.0,171.44,128.89,150.0,36.0,20.92993860478333,186,114.0,-131.0,0.61,107.0,4.0
2025-06-19 07:32:42,106.07,224.0,152.77,62.0,105.47,171.0,184.28,39.0,129.42,46.70000000000002,395.0,101.0,19.668053284450902,496,294.0,168.0,0.59,107.0,
2025-06-19 07:32:43,107.0,56.0,126.14,42.0,106.0,224.0,128.0,70.0,116.57,19.14,280.0,112.0,21.065536546691607,392,168.0,-104.0,0.43,107.0,
2025-06-19 07:32:44,107.58,62.0,124.47,19.0,106.07,172.0,126.0,45.0,116.03,16.89,234.0,64.0,22.698747322264257,298,170.0,-94.0,0.57,107.0,
2025-06-19 07:32:45,107.0,76.0,123.2,30.0,106.0,224.0,124.69,26.0,115.1,16.200000000000003,300.0,56.0,24.055826113438684,356,244.0,58.0,0.69,107.0,
2025-06-19 07:32:46,107.0,22.0,121.46,26.0,106.0,160.0,122.5,14.0,114.23,14.459999999999994,182.0,40.0,6.296836507326302,222,142.0,-134.0,0.64,107.0,2.0
2025-06-19 07:32:47,107.0,9.0,119.16,19.0,106.0,144.0,164.86,21.0,113.08,12.159999999999997,153.0,40.0,1.3977732291029945,193,113.0,-29.0,0.59,107.0,1.0
2025-06-19 07:32:48,106.01,106.0,118.0,24.0,105.2,79.0,326.22,36.0,112.0,11.989999999999997,185.0,60.0,1.596204874067521,245,125.0,52.0,0.51,106.5,2.0
2025-06-19 07:32:49,106.39,116.0,116.5,18.0,105.29,114.0,157.44,41.0,111.44,10.11,230.0,59.0,1.5180909063678607,289,171.0,44.0,0.59,106.0,4.0
2025-06-19 07:32:50,111.0,18.0,115.62,8.0,105.2,56.0,116.94,16.0,113.31,4.6200000000000045,74.0,24.0,1.103662085965061,98,50.0,-168.0,0.51,106.0,
2025-06-19 07:32:51,106.03,87.0,113.51,41.0,104.59,69.0,114.18,51.0,109.77,7.480000000000004,156.0,92.0,1.426271362678443,248,64.0,150.0,0.26,111.75,8.0
2025-06-19 07:32:52,109.0,90.0,267.02,42.0,104.69,65.0,273.89,9.0,188.01,158.01999999999998,155.0,51.0,34.18178798717232,206,104.0,-42.0,0.5,113.0,5.0
2025-06-19 07:32:53,113.0,81.0,195.67,36.0,106.12,25.0,567.78,9.0,154.33,82.66999999999999,106.0,45.0,34.80337512368591,151,61.0,-55.0,0.4,113.0,
2025-06-19 07:32:54,113.0,69.0,277.71,14.0,109.82,66.0,325.42,26.0,195.36,164.70999999999998,135.0,40.0,40.19454540108647,175,95.0,24.0,0.54,113.0,1.0
2025-06-19 07:32:55,113.0,55.0,215.5,8.0,110.0,96.0,337.0,32.0,164.25,102.5,151.0,40.0,33.84036908782174,191,111.0,16.0,0.58,113.0,3.0
2025-06-19 07:32:56,113.0,22.0,225.38,8.0,110.0,96.0,361.0,32.0,169.19,112.38,118.0,40.0,17.010124044227354,158,78.0,-33.0,0.49,113.0,3.0
2025-06-19 07:32:57,110.12,50.0,232.0,5.0,108.87,23.0,361.0,20.0,171.06,121.88,73.0,25.0,15.16582902448796,98,48.0,-60.0,0.49,113.0,2.0
2025-06-19 07:32:58,110.0,60.0,232.0,5.0,108.0,15.0,361.0,20.0,171.0,122.0,75.0,25.0,12.164948417482169,100,50.0,2.0,0.5,113.0,
2025-06-19 07:32:59,110.0,96.0,315.31,29.0,108.0,24.0,508.73,11.0,212.66,205.31,120.0,40.0,19.77675832890725,160,80.0,60.0,0.5,113.0,
2025-06-19 07:33:00,110.0,64.0,329.0,36.0,108.44,27.0,495.22,9.0,219.5,219.0,91.0,45.0,25.138713570905008,136,46.0,-24.0,0.34,110.0,8.0
2025-06-19 07:33:02,110.0,36.0,258.96,24.0,109.0,27.0,518.39,18.0,184.48,148.95999999999998,63.0,42.0,40.50650960031,105,21.0,57.0,0.2,110.0,
2025-06-19 07:33:03,109.6,10.0,186.29,7.0,108.31,29.0,333.0,10.0,147.94,76.69,39.0,17.0,47.19949872615181,56,22.0,-49.0,0.39,109.67,6.0
2025-06-19 07:33:04,109.0,5.0,172.0,11.0,108.0,15.0,377.0,14.0,140.5,63.0,20.0,25.0,55.71189352373517,45,-5.0,-11.0,-0.11,109.67,
2025-06-19 07:33:05,109.0,4.0,143.93,15.0,108.0,12.0,146.71,7.0,126.47,34.93000000000001,16.0,22.0,60.26640374205186,38,-6.0,-7.0,-0.16,109.67,
2025-06-19 07:33:06,109.0,12.0,115.62,32.0,108.0,36.0,117.2,25.0,112.31,6.6200000000000045,48.0,57.0,27.2221554987844,105,-9.0,67.0,-0.09,109.67,
2025-06-19 07:33:07,109.96,27.0,114.5,12.0,108.7,10.0,115.1,20.0,112.23,4.540000000000006,37.0,32.0,16.209588211919396,69,5.0,-36.0,0.07,110.0,1.0
2025-06-19 07:33:08,108.32,19.0,113.73,11.0,107.12,17.0,114.96,25.0,111.02,5.410000000000011,36.0,36.0,12.854766820133126,72,0.0,3.0,0.0,109.4,5.0
2025-06-19 07:33:09,108.0,14.0,113.0,21.0,107.0,14.0,114.0,7.0,110.5,5.0,28.0,28.0,6.733129287336975,56,0.0,-16.0,0.0,109.4,
2025-06-19 07:33:10,108.0,22.0,111.03,31.0,107.0,22.0,112.23,13.0,109.52,3.030000000000001,44.0,44.0,1.1834821502644466,88,0.0,32.0,0.0,109.4,
2025-06-19 07:33:11,108.0,8.0,110.5,6.0,107.0,8.0,111.1,10.0,109.25,2.5,16.0,16.0,1.2027177557492377,32,0.0,-56.0,0.0,109.4,
2025-06-19 07:33:12,108.0,14.0,109.86,7.0,107.0,14.0,111.0,21.0,108.93,1.8599999999999997,28.0,28.0,0.8812661346008878,56,0.0,24.0,0.0,109.4,
2025-06-19 07:33:13,107.86,28.0,110.02,47.0,106.92,26.0,310.78,36.0,108.94,2.1599999999999966,54.0,83.0,0.647201668720302,137,-29.0,81.0,-0.21,109.0,1.0
2025-06-19 07:33:14,107.94,36.0,109.0,72.0,106.96,23.0,136.65,34.0,108.47,1.0600000000000025,59.0,106.0,0.3936622918115164,165,-47.0,28.0,-0.28,109.0,5.0
2025-06-19 07:33:15,108.0,40.0,109.0,20.0,107.0,16.0,119.0,24.0,108.5,1.0,56.0,44.0,0.3302574753041501,100,12.0,-65.0,0.12,109.0,2.0
2025-06-19 07:33:16,107.55,11.0,109.0,6.0,106.67,9.0,119.0,18.0,108.27,1.4500000000000028,20.0,24.0,0.2991153623508023,44,-4.0,-56.0,-0.09,107.67,3.0
2025-06-19 07:33:17,105.0,31.0,108.0,10.0,104.0,40.0,115.67,18.0,106.5,3.0,71.0,28.0,0.9466942484214192,99,43.0,55.0,0.43,105.75,4.0
2025-06-19 07:33:18,105.0,30.0,148.0,25.0,104.0,40.0,334.05,19.0,126.5,43.0,70.0,44.0,8.344223750595054,114,26.0,15.0,0.23,107.2,5.0
2025-06-19 07:33:19,106.77,13.0,242.4,10.0,94.0,36.0,670.86,14.0,174.58,135.63,49.0,24.0,28.960036256883324,73,25.0,-41.0,0.34,107.5,6.0
2025-06-19 07:33:21,107.0,7.0,263.12,16.0,104.0,21.0,535.15,26.0,185.06,156.12,28.0,42.0,66.46071862386086,70,-14.0,-25.0,-0.2,107.5,
2025-06-19 07:33:22,107.0,5.0,132.0,20.0,104.0,15.0,134.0,10.0,119.5,25.0,20.0,30.0,63.33849635095552,50,-10.0,-20.0,-0.2,107.5,
2025-06-19 07:33:23,99.2,40.0,116.0,42.0,71.4,20.0,131.6,30.0,107.6,16.799999999999997,60.0,72.0,67.5063383690747,132,-12.0,82.0,-0.09,104.75,4.0
2025-06-19 07:33:29,83.0,54.0,405.55,20.0,53.8,30.0,308.52,42.0,244.28,322.55,84.0,62.0,70.31445107515238,146,22.0,60.0,0.15,106.17,6.0
2025-06-19 07:33:32,111.0,30.0,386.67,18.0,110.0,35.0,413.0,13.0,248.83,275.67,65.0,31.0,81.46648402870971,96,34.0,-38.0,0.35,106.17,
2025-06-19 07:33:33,111.0,6.0,292.68,19.0,110.0,42.0,386.18,22.0,201.84,181.68,48.0,41.0,33.225977788471766,89,7.0,-7.0,0.08,111.0,5.0
2025-06-19 07:33:34,110.16,19.0,291.39,28.0,109.57,37.0,303.84,32.0,200.78,181.23,56.0,60.0,40.59474227039775,116,-4.0,27.0,-0.03,110.25,4.0
2025-06-19 07:33:35,110.0,36.0,289.09,44.0,109.0,36.0,290.27,37.0,199.55,179.08999999999995,72.0,81.0,37.33217580050771,153,-9.0,37.0,-0.06,110.25,
2025-06-19 07:33:36,109.0,44.0,289.0,55.0,105.36,50.0,290.0,44.0,199.0,180.0,94.0,99.0,21.734565788163568,193,-5.0,40.0,-0.03,110.0,4.0
2025-06-19 07:33:37,109.0,36.0,287.7,37.0,106.0,54.0,289.32,38.0,198.35,178.7,90.0,75.0,1.4029362066779307,165,15.0,-28.0,0.09,110.0,
2025-06-19 07:33:38,109.0,44.0,278.0,44.0,106.0,66.0,284.88,34.0,193.5,169.0,110.0,78.0,2.7939631350480525,188,32.0,23.0,0.17,110.0,
2025-06-19 07:33:39,109.0,41.0,234.39,33.0,106.0,60.0,269.81,43.0,171.7,125.39,101.0,76.0,11.829866863156433,177,25.0,-11.0,0.14,109.0,3.0
2025-06-19 07:33:40,109.0,42.0,121.74,57.0,105.8,61.0,147.08,39.0,115.37,12.739999999999997,103.0,96.0,35.455585314587644,199,7.0,22.0,0.04,109.0,
2025-06-19 07:33:41,109.0,22.0,117.36,53.0,106.0,66.0,118.48,54.0,113.18,8.36,88.0,107.0,41.537121349462815,195,-19.0,-4.0,-0.1,109.0,
2025-06-19 07:33:42,109.0,31.0,114.21,48.0,106.0,66.0,115.33,51.0,111.6,5.209999999999994,97.0,99.0,38.71022087252923,196,-2.0,1.0,-0.01,109.0,
2025-06-19 07:33:43,109.0,33.0,111.63,27.0,106.37,19.0,113.0,36.0,110.31,2.6299999999999955,52.0,63.0,26.49095260650312,115,-11.0,-81.0,-0.1,110.29,7.0
2025-06-19 07:33:44,106.33,42.0,110.21,38.0,105.5,40.0,112.67,42.0,108.27,3.879999999999996,82.0,80.0,2.7090459575268797,162,2.0,47.0,0.01,109.0,1.0
2025-06-19 07:33:45,105.66,47.0,107.48,23.0,104.86,28.0,147.77,35.0,106.57,1.8200000000000076,75.0,58.0,2.623228926341055,133,17.0,-29.0,0.13,105.75,8.0
2025-06-19 07:33:46,105.0,18.0,152.0,24.0,104.0,9.0,446.88,32.0,128.5,47.0,27.0,56.0,8.848042156318707,83,-29.0,-50.0,-0.35,105.75,
2025-06-19 07:33:47,88.33,12.0,108.5,20.0,61.28,29.0,225.36,25.0,98.42,20.17,41.0,45.0,11.071848535813364,86,-4.0,3.0,-0.05,106.44,9.0
2025-06-19 07:33:48,105.33,15.0,110.0,23.0,94.21,19.0,198.09,22.0,107.67,4.670000000000002,34.0,45.0,11.14078228851064,79,-11.0,-7.0,-0.14,110.0,1.0
2025-06-19 07:33:49,106.67,15.0,110.0,22.0,100.31,35.0,300.75,24.0,108.33,3.3299999999999983,50.0,46.0,11.138638606220798,96,4.0,17.0,0.04,106.0,2.0
2025-06-19 07:33:50,104.59,74.0,119.04,56.0,91.76,84.0,203.91,43.0,111.82,14.450000000000005,158.0,99.0,10.992987310098773,257,59.0,161.0,0.23,105.2,5.0
2025-06-19 07:33:51,104.0,19.0,105.67,6.0,67.0,56.0,138.0,8.0,104.83,1.6700000000000017,75.0,14.0,5.017133643824098,89,61.0,-168.0,0.69,104.0,1.0
2025-06-19 07:33:52,105.89,45.0,125.17,12.0,89.34,35.0,192.67,12.0,115.53,19.28,80.0,24.0,4.128483983254909,104,56.0,15.0,0.54,105.5,4.0
2025-06-19 07:33:53,109.0,54.0,130.33,12.0,105.0,42.0,326.0,12.0,119.67,21.330000000000013,96.0,24.0,5.835098970882392,120,72.0,16.0,0.6,109.0,3.0
2025-06-19 07:33:54,109.0,72.0,138.88,16.0,105.0,56.0,307.5,16.0,123.94,29.879999999999995,128.0,32.0,7.338764882457624,160,96.0,40.0,0.6,109.0,
2025-06-19 07:33:55,109.0,61.0,135.78,18.0,105.92,39.0,254.56,18.0,122.39,26.78,100.0,36.0,7.65252376670557,136,64.0,-24.0,0.47,109.0,5.0
2025-06-19 07:33:56,109.0,16.0,143.25,8.0,107.0,12.0,199.0,8.0,126.12,34.25,28.0,16.0,4.094978632422184,44,12.0,-92.0,0.27,109.0,
2025-06-19 07:33:57,109.07,43.0,189.0,22.0,107.24,34.0,269.73,22.0,149.03,79.93,77.0,44.0,11.86249762908281,121,33.0,77.0,0.27,109.0,
2025-06-19 07:33:58,110.0,27.0,184.67,42.0,109.0,36.0,297.95,21.0,147.33,74.66999999999999,63.0,63.0,13.241947364341708,126,0.0,5.0,0.0,109.0,
2025-06-19 07:33:59,110.0,17.0,186.33,30.0,109.0,30.0,424.18,22.0,148.17,76.33000000000001,47.0,52.0,13.182345011415723,99,-5.0,-27.0,-0.05,110.0,1.0
2025-06-19 07:34:00,112.25,24.0,159.41,37.0,109.44,27.0,194.0,38.0,135.83,47.16,51.0,75.0,10.045694600175617,126,-24.0,27.0,-0.19,110.0,
2025-06-19 07:34:01,109.86,14.0,160.0,35.0,108.82,33.0,207.4,20.0,134.93,50.14,47.0,55.0,7.04194007358752,102,-8.0,-24.0,-0.08,109.4,5.0
2025-06-19 07:34:02,109.0,10.0,160.0,25.0,107.0,15.0,337.0,20.0,134.5,51.0,25.0,45.0,6.958916582342205,70,-20.0,-32.0,-0.29,109.4,
2025-06-19 07:34:03,109.0,18.0,153.4,42.0,107.0,27.0,211.49,39.0,131.2,44.400000000000006,45.0,81.0,6.524670872925062,126,-36.0,56.0,-0.29,109.4,
2025-06-19 07:34:04,109.0,27.0,141.67,30.0,107.0,18.0,144.0,24.0,125.33,32.66999999999999,45.0,54.0,4.300926644340272,99,-9.0,-27.0,-0.09,109.4,
2025-06-19 07:34:05,108.08,26.0,139.1,50.0,105.44,54.0,187.79,38.0,123.59,31.02,80.0,88.0,5.2165937162094265,168,-8.0,69.0,-0.05,108.67,6.0
2025-06-19 07:34:06,107.0,14.0,137.14,35.0,105.0,49.0,463.69,26.0,122.07,30.139999999999983,63.0,61.0,5.292463509557271,124,2.0,-44.0,0.02,108.67,
2025-06-19 07:34:07,107.0,14.0,135.14,35.0,105.0,56.0,337.43,14.0,121.07,28.139999999999983,70.0,49.0,3.998789816931478,119,21.0,-5.0,0.18,106.0,4.0
2025-06-19 07:34:08,105.71,28.0,133.75,40.0,104.67,45.0,151.0,16.0,119.73,28.040000000000006,73.0,56.0,2.1793852344169444,129,17.0,10.0,0.13,106.0,
2025-06-19 07:34:09,109.77,26.0,132.09,55.0,105.32,50.0,151.0,22.0,120.93,22.320000000000007,76.0,77.0,1.4433710541626117,153,-1.0,24.0,-0.01,106.0,
2025-06-19 07:34:10,113.0,21.0,132.0,35.0,107.0,14.0,165.14,14.0,122.5,19.0,35.0,49.0,1.0816191566325266,84,-14.0,-69.0,-0.17,106.0,
2025-06-19 07:34:11,113.0,48.0,130.2,54.0,109.75,32.0,141.17,47.0,121.6,17.19999999999999,80.0,101.0,1.011795433867167,181,-21.0,97.0,-0.12,106.0,
2025-06-19 07:34:12,113.0,32.0,125.41,29.0,107.92,26.0,126.24,49.0,119.21,12.409999999999997,58.0,78.0,1.343476832697311,136,-20.0,-45.0,-0.15,113.0,1.0
2025-06-19 07:34:13,113.0,18.0,123.22,45.0,107.0,18.0,125.0,9.0,118.11,10.22,36.0,54.0,1.7865189615546602,90,-18.0,-46.0,-0.2,113.0,
2025-06-19 07:34:14,108.8,20.0,120.44,32.0,105.25,48.0,120.83,30.0,114.62,11.64,68.0,62.0,3.115055376713886,130,6.0,40.0,0.05,113.0,2.0
2025-06-19 07:34:15,105.94,34.0,114.84,31.0,104.76,63.0,116.31,51.0,110.39,8.900000000000006,97.0,82.0,4.370461074073724,179,15.0,49.0,0.08,107.0,2.0
2025-06-19 07:34:16,106.09,66.0,112.55,55.0,104.3,79.0,112.93,61.0,109.32,6.459999999999994,145.0,116.0,4.438766720609818,261,29.0,82.0,0.11,108.6,5.0
2025-06-19 07:34:17,107.62,63.0,109.68,37.0,104.81,54.0,110.49,49.0,108.65,2.0600000000000023,117.0,86.0,4.029760538790472,203,31.0,-58.0,0.15,109.0,1.0
2025-06-19 07:34:18,106.4,30.0,110.36,55.0,104.68,47.0,177.7,40.0,108.38,3.9599999999999937,77.0,95.0,2.551268312034735,172,-18.0,-31.0,-0.1,108.0,5.0
2025-06-19 07:34:19,107.56,54.0,111.3,50.0,105.53,34.0,355.9,20.0,109.43,3.739999999999995,88.0,70.0,0.7830261809112031,158,18.0,-14.0,0.11,108.0,
2025-06-19 07:34:20,108.0,58.0,112.48,42.0,106.0,27.0,227.22,18.0,110.24,4.480000000000004,85.0,60.0,0.7286494355946325,145,25.0,-13.0,0.17,108.0,5.0
2025-06-19 07:34:21,108.0,11.0,170.92,26.0,106.0,18.0,175.71,14.0,139.46,62.91999999999999,29.0,40.0,13.563294953660536,69,-11.0,-76.0,-0.16,108.0,1.0
2025-06-19 07:34:22,108.0,12.0,150.78,49.0,106.0,36.0,164.3,27.0,129.39,42.78,48.0,76.0,14.20342036271524,124,-28.0,55.0,-0.23,108.0,
2025-06-19 07:34:23,108.0,10.0,140.95,38.0,106.0,30.0,142.46,26.0,124.47,32.94999999999999,40.0,64.0,12.846002101821188,104,-24.0,-20.0,-0.23,108.0,
2025-06-19 07:34:24,110.95,55.0,136.21,34.0,108.4,15.0,139.71,35.0,123.58,25.260000000000005,70.0,69.0,10.578311301904233,139,1.0,35.0,0.01,108.0,
2025-06-19 07:34:25,111.0,62.0,133.0,40.0,109.22,72.0,135.78,32.0,122.0,22.0,134.0,72.0,7.089058470628881,206,62.0,67.0,0.3,111.0,1.0
2025-06-19 07:34:26,111.0,31.0,131.36,58.0,109.0,196.0,132.69,26.0,121.18,20.360000000000014,227.0,84.0,3.2142230787539483,311,143.0,105.0,0.46,111.0,3.0
2025-06-19 07:34:27,111.0,18.0,128.14,29.0,109.0,126.0,130.6,25.0,119.57,17.139999999999986,144.0,54.0,1.9394973575631007,198,90.0,-113.0,0.45,111.0,
2025-06-19 07:34:28,109.04,100.0,126.94,32.0,108.67,21.0,127.75,16.0,117.99,17.89999999999999,121.0,48.0,2.1622511417488166,169,73.0,-29.0,0.43,111.0,2.0
2025-06-19 07:34:29,109.0,124.0,124.49,43.0,108.0,11.0,126.65,23.0,116.74,15.489999999999997,135.0,66.0,2.178010560119911,201,69.0,32.0,0.34,109.0,5.0
2025-06-19 07:34:30,109.33,54.0,123.75,40.0,108.84,32.0,126.0,8.0,116.54,14.420000000000002,86.0,48.0,1.9672645983684225,134,38.0,-67.0,0.28,109.0,
2025-06-19 07:34:31,109.3,81.0,121.34,53.0,108.8,45.0,123.53,17.0,115.32,12.040000000000006,126.0,70.0,1.6138060602171158,196,56.0,62.0,0.29,109.0,4.0
2025-06-19 07:34:32,107.47,47.0,118.91,55.0,105.34,70.0,119.29,35.0,113.19,11.439999999999998,117.0,90.0,1.8130168228654973,207,27.0,11.0,0.13,108.83,6.0
2025-06-19 07:34:33,107.0,10.0,116.1,10.0,106.0,30.0,118.18,22.0,111.55,9.099999999999994,40.0,32.0,2.2432721636023354,72,8.0,-135.0,0.11,108.83,
2025-06-19 07:34:34,106.6,25.0,109.88,41.0,106.0,25.0,111.18,34.0,108.24,3.280000000000001,50.0,75.0,3.2674561971039258,125,-25.0,53.0,-0.2,107.5,2.0
2025-06-19 07:34:35,104.31,52.0,107.64,36.0,87.92,60.0,167.2,35.0,105.97,3.3299999999999983,112.0,71.0,3.760748595691086,183,41.0,58.0,0.22,105.75,4.0
2025-06-19 07:34:36,108.0,10.0,111.3,10.0,104.08,59.0,222.0,21.0,109.65,3.299999999999997,69.0,31.0,2.8128099829160687,100,38.0,-83.0,0.38,105.75,
2025-06-19 07:34:37,108.0,9.0,109.33,9.0,105.0,45.0,111.0,9.0,108.67,1.3299999999999983,54.0,18.0,2.038573030330808,72,36.0,-28.0,0.5,105.75,
2025-06-19 07:34:38,105.31,39.0,108.64,11.0,104.32,62.0,109.61,23.0,106.97,3.3299999999999983,101.0,34.0,1.445752399268966,135,67.0,63.0,0.5,108.0,1.0
2025-06-19 07:34:39,105.0,57.0,106.65,17.0,104.0,78.0,117.53,17.0,105.82,1.6500000000000057,135.0,34.0,1.6882179953998466,169,101.0,34.0,0.6,105.67,3.0
2025-06-19 07:34:40,105.6,58.0,107.0,10.0,104.5,60.0,148.0,10.0,106.3,1.4000000000000057,118.0,20.0,1.622735345024534,138,98.0,-31.0,0.71,105.67,
2025-06-19 07:34:41,106.53,53.0,123.4,10.0,105.09,44.0,230.73,22.0,114.96,16.870000000000005,97.0,32.0,3.7454679280421166,129,65.0,-9.0,0.5,106.17,6.0
2025-06-19 07:34:42,108.48,29.0,191.67,48.0,107.26,27.0,314.58,24.0,150.07,83.18999999999998,56.0,72.0,18.95860569767708,128,-16.0,-1.0,-0.12,108.0,5.0
2025-06-19 07:34:43,111.86,14.0,144.11,19.0,109.12,16.0,294.0,7.0,127.98,32.250000000000014,30.0,26.0,18.552532980700903,56,4.0,-72.0,0.07,108.0,
2025-06-19 07:34:44,113.0,14.0,178.29,7.0,110.0,14.0,327.14,28.0,145.64,65.28999999999999,28.0,35.0,18.935984262773253,63,-7.0,7.0,-0.11,108.0,
2025-06-19 07:34:45,113.0,14.0,218.85,13.0,110.0,14.0,375.74,19.0,165.92,105.85,28.0,32.0,19.826534745133834,60,-4.0,-3.0,-0.07,108.0,
2025-06-19 07:34:46,112.33,12.0,190.0,24.0,109.54,13.0,344.2,15.0,151.17,77.67,25.0,39.0,13.617163067247182,64,-14.0,4.0,-0.22,111.5,4.0
2025-06-19 07:34:47,108.43,14.0,361.77,26.0,106.86,35.0,490.07,41.0,235.1,253.34,49.0,67.0,41.38624191684966,116,-18.0,52.0,-0.16,108.5,4.0
2025-06-19 07:34:48,107.02,57.0,409.0,7.0,106.5,24.0,796.0,28.0,258.01,301.98,81.0,35.0,51.739670176760974,116,46.0,0.0,0.4,107.25,4.0
2025-06-19 07:34:49,107.0,54.0,409.0,6.0,106.0,12.0,672.8,20.0,258.0,302.0,66.0,26.0,51.42163309347548,92,40.0,-24.0,0.43,107.25,
2025-06-19 07:34:50,107.0,18.0,197.0,5.0,106.0,4.0,595.4,5.0,152.0,90.0,22.0,10.0,54.909642413696446,32,12.0,-60.0,0.38,107.25,
2025-06-19 07:34:51,107.18,79.0,188.17,24.0,106.36,25.0,528.62,21.0,147.67,80.98999999999998,104.0,45.0,55.87458572553368,149,59.0,117.0,0.4,107.25,
2025-06-19 07:34:54,111.0,18.0,243.27,22.0,109.18,22.0,359.57,14.0,177.14,132.27,40.0,36.0,88.80531048310125,76,4.0,-55.0,0.05,107.25,
2025-06-19 07:34:55,113.0,24.0,204.0,32.0,110.0,16.0,360.73,22.0,158.5,91.0,40.0,54.0,87.54211369392455,94,-14.0,18.0,-0.15,107.25,
2025-06-19 07:34:56,112.85,13.0,204.0,20.0,110.43,7.0,361.64,11.0,158.42,91.15,20.0,31.0,85.28824461788396,51,-11.0,-43.0,-0.22,113.0,3.0
2025-06-19 07:34:57,111.0,14.0,199.67,33.0,110.0,28.0,205.11,45.0,155.33,88.66999999999999,42.0,78.0,67.3262227516144,120,-36.0,69.0,-0.3,113.0,
2025-06-19 07:34:58,110.3,20.0,170.6,43.0,107.48,75.0,171.48,29.0,140.45,60.3,95.0,72.0,13.05653361348218,167,23.0,47.0,0.14,111.0,1.0
2025-06-19 07:34:59,110.0,18.0,168.44,27.0,107.0,81.0,170.0,9.0,139.22,58.44,99.0,36.0,9.724054195652515,135,63.0,-32.0,0.47,111.0,
2025-06-19 07:35:00,107.13,94.0,166.41,46.0,106.18,98.0,168.2,30.0,136.77,59.28,192.0,76.0,10.040690713291866,268,116.0,133.0,0.43,110.0,2.0
2025-06-19 07:35:01,107.04,71.0,165.59,49.0,106.06,85.0,166.69,39.0,136.32,58.55,156.0,88.0,7.85343046063208,244,68.0,-24.0,0.28,107.0,4.0
2025-06-19 07:35:02,107.48,23.0,120.8,30.0,106.36,50.0,164.36,28.0,114.14,13.319999999999991,73.0,58.0,10.890406328506756,131,15.0,-113.0,0.11,107.6,5.0
2025-06-19 07:35:03,106.27,55.0,108.56,18.0,105.25,116.0,109.17,48.0,107.41,2.2900000000000063,171.0,66.0,14.83687534489581,237,105.0,106.0,0.44,107.09,11.0
2025-06-19 07:35:04,106.0,70.0,107.1,10.0,105.0,150.0,114.2,10.0,106.55,1.0999999999999943,220.0,20.0,15.174339194837255,240,200.0,3.0,0.83,107.09,
2025-06-19 07:35:05,106.0,41.0,201.43,7.0,105.0,90.0,535.23,13.0,153.71,95.43,131.0,20.0,20.680409328636998,151,111.0,-89.0,0.74,106.5,2.0
2025-06-19 07:35:06,106.03,68.0,315.1,42.0,105.04,171.0,431.87,46.0,210.56,209.07,239.0,88.0,44.73473069104119,327,151.0,168.0,0.46,106.5,
2025-06-19 07:35:07,106.0,43.0,296.0,32.0,105.0,120.0,297.0,32.0,201.0,190.0,163.0,64.0,49.53082302970536,227,99.0,-100.0,0.44,106.0,5.0
2025-06-19 07:35:08,106.0,4.0,284.67,12.0,105.0,60.0,296.5,16.0,195.33,178.67000000000002,64.0,28.0,43.24397241234896,92,36.0,-135.0,0.39,106.0,
2025-06-19 07:35:09,106.0,5.0,259.8,20.0,105.0,75.0,262.0,10.0,182.9,153.8,80.0,30.0,21.97183765641837,110,50.0,18.0,0.45,106.0,
2025-06-19 07:35:10,106.0,6.0,256.67,24.0,105.0,90.0,258.44,18.0,181.33,150.67000000000002,96.0,42.0,12.333800306475135,138,54.0,28.0,0.39,106.0,
2025-06-19 07:35:11,108.28,25.0,213.26,43.0,107.79,39.0,234.55,44.0,160.77,104.98,64.0,87.0,15.532119301627912,151,-23.0,13.0,-0.15,108.5,2.0
2025-06-19 07:35:12,108.0,12.0,209.0,12.0,106.78,9.0,240.0,12.0,158.5,101.0,21.0,24.0,15.713027397672262,45,-3.0,-106.0,-0.07,108.5,
2025-06-19 07:35:13,108.0,56.0,190.76,55.0,107.0,98.0,238.54,50.0,149.38,82.75999999999999,154.0,105.0,14.822173592290556,259,49.0,168.0,0.19,108.5,
2025-06-19 07:35:14,107.7,46.0,187.9,40.0,106.97,58.0,240.09,33.0,147.8,80.2,104.0,73.0,13.401963662090443,177,31.0,-82.0,0.18,108.0,4.0
2025-06-19 07:35:15,107.29,83.0,182.25,48.0,106.39,18.0,190.67,48.0,144.77,74.96,101.0,96.0,6.993613515200094,197,5.0,20.0,0.03,108.0,
2025-06-19 07:35:16,111.0,48.0,180.31,29.0,107.0,56.0,182.14,14.0,145.66,69.31,104.0,43.0,5.491731967238394,147,61.0,-50.0,0.41,108.0,
2025-06-19 07:35:17,111.0,54.0,172.96,26.0,107.0,63.0,176.76,17.0,141.98,61.96000000000001,117.0,43.0,2.846914118828803,160,74.0,13.0,0.46,108.0,
2025-06-19 07:35:18,111.0,36.0,169.22,36.0,107.0,63.0,169.67,24.0,140.11,58.22,99.0,60.0,3.0405805366715675,159,39.0,-1.0,0.25,111.0,3.0
2025-06-19 07:35:19,111.0,18.0,166.5,24.0,107.0,42.0,167.67,24.0,138.75,55.5,60.0,48.0,2.9530035557014,108,12.0,-51.0,0.11,111.0,
2025-06-19 07:35:20,111.0,36.0,164.79,24.0,107.0,84.0,165.36,45.0,137.9,53.78999999999999,120.0,69.0,3.0849878443819625,189,51.0,81.0,0.27,110.0,4.0
2025-06-19 07:35:21,107.56,48.0,158.56,50.0,106.42,55.0,160.24,50.0,133.06,51.0,103.0,100.0,3.339932634048677,203,3.0,14.0,0.01,107.4,5.0
2025-06-19 07:35:22,108.0,18.0,155.0,24.0,107.0,18.0,156.67,24.0,131.5,47.0,36.0,48.0,3.76197155757222,84,-12.0,-119.0,-0.14,107.4,
2025-06-19 07:35:23,108.79,19.0,152.35,31.0,107.3,30.0,153.91,22.0,130.57,43.55999999999999,49.0,53.0,3.7429039528127626,102,-4.0,18.0,-0.04,110.5,2.0
2025-06-19 07:35:24,108.0,22.0,149.55,44.0,107.0,33.0,150.49,35.0,128.77,41.55000000000001,55.0,79.0,3.4645851122436486,134,-24.0,32.0,-0.18,110.5,
2025-06-19 07:35:25,108.0,16.0,145.1,20.0,107.0,24.0,146.45,20.0,126.55,37.1,40.0,40.0,2.515621195645152,80,0.0,-54.0,0.0,110.5,
2025-06-19 07:35:26,108.0,36.0,139.51,70.0,107.0,54.0,141.61,51.0,123.76,31.50999999999999,90.0,121.0,3.133025694113946,211,-31.0,131.0,-0.15,110.5,
2025-06-19 07:35:27,108.0,24.0,134.05,21.0,107.0,36.0,135.1,39.0,121.02,26.05000000000001,60.0,60.0,3.827156908199229,120,0.0,-91.0,0.0,110.5,
2025-06-19 07:35:28,108.0,18.0,131.18,34.0,107.0,27.0,132.67,12.0,119.59,23.180000000000007,45.0,46.0,3.7954670331826006,91,-1.0,-29.0,-0.01,110.5,
2025-06-19 07:35:29,108.69,26.0,114.75,48.0,107.29,42.0,118.33,48.0,111.72,6.060000000000002,68.0,96.0,5.599399074898494,164,-28.0,73.0,-0.17,110.5,
2025-06-19 07:35:30,108.32,19.0,110.36,50.0,107.11,37.0,111.13,45.0,109.34,2.0400000000000063,56.0,95.0,6.226618665051867,151,-39.0,-13.0,-0.26,109.5,2.0
2025-06-19 07:35:31,107.14,14.0,109.0,36.0,105.9,60.0,110.38,42.0,108.07,1.8599999999999997,74.0,78.0,5.970633969686185,152,-4.0,1.0,-0.03,107.75,4.0
2025-06-19 07:35:32,106.04,56.0,170.12,17.0,105.25,48.0,226.44,16.0,138.08,64.08,104.0,33.0,12.416978295864602,137,71.0,-15.0,0.52,107.33,6.0
2025-06-19 07:35:33,107.17,59.0,249.25,24.0,106.16,103.0,288.94,18.0,178.21,142.07999999999998,162.0,42.0,30.11317867645293,204,120.0,67.0,0.59,107.33,
2025-06-19 07:35:34,109.0,10.0,255.0,18.0,107.0,45.0,315.0,9.0,182.0,146.0,55.0,27.0,35.839757951191395,82,28.0,-122.0,0.34,109.0,2.0
2025-06-19 07:35:35,107.76,21.0,254.57,14.0,106.25,40.0,315.0,7.0,181.17,146.81,61.0,21.0,33.20347918516965,82,40.0,0.0,0.49,109.0,4.0
2025-06-19 07:35:36,107.0,34.0,156.78,27.0,106.0,84.0,184.45,22.0,131.89,49.78,118.0,49.0,25.04329750651852,167,69.0,85.0,0.41,106.75,4.0
2025-06-19 07:35:37,106.0,33.0,113.24,33.0,104.57,37.0,115.33,18.0,109.62,7.239999999999995,70.0,51.0,33.66578040087582,121,19.0,-46.0,0.16,106.0,4.0
2025-06-19 07:35:38,108.94,17.0,112.9,39.0,105.09,23.0,113.58,24.0,110.92,3.960000000000008,40.0,63.0,36.21001173708713,103,-23.0,-18.0,-0.22,106.0,
2025-06-19 07:35:39,104.27,37.0,110.26,19.0,85.0,35.0,110.97,39.0,107.27,5.990000000000009,72.0,58.0,31.230247037127008,130,14.0,27.0,0.11,105.25,4.0
2025-06-19 07:35:40,101.84,74.0,106.03,32.0,55.0,92.0,110.67,27.0,103.93,4.189999999999998,166.0,59.0,11.037496545864604,225,107.0,95.0,0.48,104.0,8.0
2025-06-19 07:35:41,96.71,14.0,103.0,10.0,85.5,32.0,106.86,14.0,99.86,6.290000000000006,46.0,24.0,4.483196404349243,70,22.0,-155.0,0.31,104.0,
2025-06-19 07:35:47,97.73,11.0,130.18,11.0,79.08,25.0,317.2,5.0,113.95,32.45,36.0,16.0,13.980830447436423,52,20.0,-168.0,0.38,97.11,9.0
2025-06-19 07:35:48,90.16,44.0,156.35,17.0,79.41,37.0,326.27,11.0,123.26,66.19,81.0,28.0,14.785261918544762,109,53.0,57.0,0.49,102.25,4.0
2025-06-19 07:35:49,92.2,20.0,146.65,31.0,82.0,97.0,443.53,17.0,119.42,54.45,117.0,48.0,10.976536338935592,165,69.0,56.0,0.42,99.0,4.0
2025-06-19 07:35:50,105.26,31.0,304.68,19.0,104.47,40.0,463.25,16.0,204.97,199.42,71.0,35.0,42.521173901951286,106,36.0,-59.0,0.34,106.33,3.0
2025-06-19 07:35:51,106.0,18.0,298.0,12.0,104.0,15.0,363.5,4.0,202.0,192.0,33.0,16.0,46.4716994524624,49,17.0,-57.0,0.35,106.0,3.0
2025-06-19 07:35:52,106.0,33.0,203.0,32.0,104.0,44.0,233.93,30.0,154.5,97.0,77.0,62.0,41.26036354662909,139,15.0,90.0,0.11,106.0,
2025-06-19 07:35:53,107.58,43.0,137.32,38.0,106.97,66.0,138.14,42.0,122.45,29.739999999999995,109.0,80.0,41.44592464887228,189,29.0,50.0,0.15,106.0,
2025-06-19 07:35:54,109.15,13.0,135.31,13.0,107.78,18.0,136.5,12.0,122.23,26.16,31.0,25.0,40.760157629724624,56,6.0,-133.0,0.11,106.0,
2025-06-19 07:35:55,109.29,17.0,132.15,27.0,107.88,32.0,134.45,22.0,120.72,22.86,49.0,49.0,35.19169575340168,98,0.0,42.0,0.0,109.5,2.0
2025-06-19 07:35:56,109.0,21.0,127.0,16.0,106.0,21.0,132.36,25.0,118.0,18.0,42.0,41.0,15.153067346249774,83,1.0,-15.0,0.01,109.5,
2025-06-19 07:35:57,109.0,33.0,124.94,17.0,106.0,33.0,128.61,33.0,116.97,15.939999999999998,66.0,50.0,2.4823033658231943,116,16.0,33.0,0.14,109.5,
2025-06-19 07:35:58,109.0,36.0,124.5,24.0,106.0,36.0,127.0,48.0,116.75,15.5,72.0,72.0,2.426567534600376,144,0.0,28.0,0.0,109.5,
2025-06-19 07:35:59,109.0,24.0,118.83,18.0,106.0,24.0,122.9,21.0,113.92,9.829999999999998,48.0,39.0,2.450422412559849,87,9.0,-57.0,0.1,109.5,
2025-06-19 07:36:00,107.67,27.0,116.46,35.0,105.38,45.0,117.43,28.0,112.06,8.789999999999992,72.0,63.0,2.464518208489172,135,9.0,48.0,0.07,107.8,5.0
2025-06-19 07:36:01,108.27,37.0,114.0,25.0,105.36,33.0,115.0,24.0,111.14,5.730000000000004,70.0,49.0,2.6548013108279727,119,21.0,-16.0,0.18,107.8,
2025-06-19 07:36:02,109.0,38.0,111.48,23.0,106.0,24.0,112.75,24.0,110.24,2.480000000000004,62.0,47.0,2.584147828583569,109,15.0,-10.0,0.14,109.0,7.0
2025-06-19 07:36:03,106.0,15.0,110.2,10.0,105.0,35.0,160.0,8.0,108.1,4.200000000000003,50.0,18.0,2.157248247182556,68,32.0,-41.0,0.47,109.0,
2025-06-19 07:36:04,106.0,27.0,109.0,18.0,105.0,63.0,110.0,18.0,107.5,3.0,90.0,36.0,1.9542568920107355,126,54.0,58.0,0.43,109.0,
2025-06-19 07:36:05,106.0,33.0,108.45,22.0,105.0,77.0,109.64,22.0,107.23,2.450000000000003,110.0,44.0,1.7453710207204909,154,66.0,28.0,0.43,106.0,2.0
2025-06-19 07:36:06,112.32,31.0,175.69,32.0,105.25,28.0,350.0,30.0,144.01,63.370000000000005,59.0,62.0,16.028141813696763,121,-3.0,-33.0,-0.02,108.0,2.0
2025-06-19 07:36:07,113.0,24.0,180.33,21.0,106.0,6.0,391.69,16.0,146.67,67.33000000000001,30.0,37.0,20.689356442383087,67,-7.0,-54.0,-0.1,108.0,
2025-06-19 07:36:08,112.22,27.0,237.5,24.0,105.22,27.0,318.16,31.0,174.86,125.28,54.0,55.0,28.844656870900483,109,-1.0,42.0,-0.01,113.0,4.0
2025-06-19 07:36:09,106.64,11.0,300.54,35.0,105.2,35.0,390.33,18.0,203.59,193.90000000000003,46.0,53.0,36.149618531873855,99,-7.0,-10.0,-0.07,107.0,1.0
2025-06-19 07:36:10,104.8,51.0,316.69,13.0,102.0,57.0,344.32,47.0,210.75,211.89,108.0,60.0,31.038992896033363,168,48.0,69.0,0.29,105.0,7.0
2025-06-19 07:36:11,105.33,49.0,297.33,9.0,103.78,37.0,369.08,12.0,201.33,192.0,86.0,21.0,26.54034664430772,107,65.0,-61.0,0.61,105.0,1.0
2025-06-19 07:36:12,106.0,59.0,270.67,18.0,104.0,45.0,363.7,27.0,188.33,164.67000000000002,104.0,45.0,14.221885247744778,149,59.0,42.0,0.4,106.0,4.0
2025-06-19 07:36:13,106.0,18.0,193.71,14.0,104.0,30.0,369.33,12.0,149.86,87.71000000000001,48.0,26.0,24.262358088199456,74,22.0,-75.0,0.3,106.0,
2025-06-19 07:36:14,107.75,24.0,270.0,8.0,105.76,42.0,429.8,30.0,188.88,162.25,66.0,38.0,23.18754946086403,104,28.0,30.0,0.27,106.0,
2025-06-19 07:36:15,108.0,33.0,184.57,21.0,106.0,33.0,205.4,15.0,146.29,76.57,66.0,36.0,25.099186640208234,102,30.0,-2.0,0.29,106.0,
2025-06-19 07:36:16,108.25,40.0,162.67,21.0,106.33,36.0,163.47,15.0,135.46,54.41999999999999,76.0,36.0,25.07030175326971,112,40.0,10.0,0.36,106.0,
2025-06-19 07:36:17,109.0,57.0,158.13,15.0,108.0,39.0,159.21,24.0,133.57,49.13,96.0,39.0,22.38022497652762,135,57.0,23.0,0.42,109.0,4.0
2025-06-19 07:36:18,107.94,17.0,155.36,11.0,107.88,25.0,158.0,22.0,131.65,47.420000000000016,42.0,33.0,23.997150872551277,75,9.0,-60.0,0.12,108.25,4.0
2025-06-19 07:36:19,111.07,15.0,155.0,8.0,106.43,23.0,158.0,16.0,133.03,43.93000000000001,38.0,24.0,5.9123599349143925,62,14.0,-13.0,0.23,108.25,
2025-06-19 07:36:20,111.0,26.0,152.35,23.0,107.53,55.0,154.24,21.0,131.67,41.35,81.0,44.0,1.5763819334092437,125,37.0,63.0,0.3,108.25,
2025-06-19 07:36:21,111.0,36.0,148.33,70.0,109.0,127.0,148.87,38.0,129.66,37.33000000000001,163.0,108.0,1.516370667079229,271,55.0,146.0,0.2,108.25,
2025-06-19 07:36:22,109.85,52.0,142.77,44.0,108.49,106.0,143.1,42.0,126.31,32.920000000000016,158.0,86.0,2.614742817176745,244,72.0,-27.0,0.3,109.8,5.0
2025-06-19 07:36:23,111.59,85.0,137.79,24.0,107.74,43.0,138.75,24.0,124.69,26.19999999999999,128.0,48.0,3.521068019788384,176,80.0,-68.0,0.45,109.8,
2025-06-19 07:36:24,113.0,143.0,132.43,28.0,109.0,56.0,133.52,25.0,122.71,19.430000000000007,199.0,53.0,3.6435038081461135,252,146.0,76.0,0.58,109.8,
2025-06-19 07:36:25,113.0,176.0,127.1,20.0,109.0,120.0,129.04,27.0,120.05,14.099999999999994,296.0,47.0,3.6323243247229233,343,249.0,91.0,0.73,109.8,
2025-06-19 07:36:26,113.0,112.0,123.08,24.0,109.0,96.0,124.35,17.0,118.04,10.079999999999998,208.0,41.0,3.3597767782953127,249,167.0,-94.0,0.67,113.0,2.0
2025-06-19 07:36:27,113.0,81.0,119.39,18.0,109.0,72.0,120.43,23.0,116.19,6.390000000000001,153.0,41.0,3.432780214341021,194,112.0,-55.0,0.58,113.0,
2025-06-19 07:36:28,113.0,106.0,117.93,27.0,109.0,104.0,119.18,28.0,115.46,4.930000000000007,210.0,55.0,2.954462726109448,265,155.0,71.0,0.58,113.0,2.0
2025-06-19 07:36:29,113.0,35.0,118.0,10.0,109.0,40.0,119.0,25.0,115.5,5.0,75.0,35.0,1.9780217390031856,110,40.0,-155.0,0.36,113.0,
2025-06-19 07:36:30,113.0,86.0,117.03,62.0,109.0,104.0,118.17,29.0,115.02,4.030000000000001,190.0,91.0,1.1927782694065814,281,99.0,168.0,0.35,113.0,3.0
2025-06-19 07:36:31,113.0,52.0,114.5,32.0,109.0,104.0,337.3,47.0,113.75,1.5,156.0,79.0,0.9043395379878072,235,77.0,-46.0,0.33,113.0,
2025-06-19 07:36:32,113.0,18.0,135.92,13.0,109.0,40.0,261.09,23.0,124.46,22.919999999999987,58.0,36.0,4.319284662993289,94,22.0,-141.0,0.23,113.0,2.0
2025-06-19 07:36:33,113.0,22.0,170.04,46.0,109.0,88.0,199.08,52.0,141.52,57.03999999999999,110.0,98.0,11.684416973044591,208,12.0,114.0,0.06,113.0,
2025-06-19 07:36:34,113.0,10.0,169.0,20.0,109.0,40.0,224.0,20.0,141.0,56.0,50.0,40.0,13.530081300567852,90,10.0,-118.0,0.11,110.6,5.0
2025-06-19 07:36:35,109.13,45.0,134.93,58.0,107.5,76.0,254.98,58.0,122.03,25.80000000000001,121.0,116.0,12.262767632144744,237,5.0,147.0,0.02,110.0,2.0
2025-06-19 07:36:36,108.15,33.0,109.57,14.0,107.26,76.0,169.19,62.0,108.86,1.4199999999999875,109.0,76.0,13.832887623340836,185,33.0,-52.0,0.18,108.75,4.0
2025-06-19 07:36:37,108.67,15.0,235.0,58.0,107.26,38.0,677.85,65.0,171.83,126.33,53.0,123.0,23.79867790445476,176,-70.0,-9.0,-0.4,108.0,1.0
2025-06-19 07:36:38,108.0,16.0,273.65,40.0,107.33,12.0,305.91,32.0,190.82,165.64999999999998,28.0,72.0,34.09853178657389,100,-44.0,-76.0,-0.44,107.6,5.0
2025-06-19 07:36:39,107.0,28.0,264.44,18.0,106.0,14.0,265.67,30.0,185.72,157.44,42.0,48.0,37.82304416622223,90,-6.0,-10.0,-0.07,107.6,
2025-06-19 07:36:40,107.0,36.0,182.0,24.0,106.0,18.0,207.93,30.0,144.5,75.0,54.0,54.0,33.934829894961915,108,0.0,18.0,0.0,107.6,
2025-06-19 07:36:41,107.0,13.0,123.3,20.0,106.0,20.0,125.0,40.0,115.15,16.299999999999997,33.0,60.0,31.584205388136667,93,-27.0,-15.0,-0.29,107.0,3.0
2025-06-19 07:36:42,107.36,11.0,122.0,22.0,106.05,21.0,180.8,50.0,114.68,14.64,32.0,72.0,36.85890096028355,104,-40.0,11.0,-0.38,107.0,
2025-06-19 07:36:43,105.3,141.0,119.67,60.0,104.39,54.0,128.26,78.0,112.48,14.370000000000005,195.0,138.0,31.52627285297104,333,57.0,168.0,0.17,106.0,10.0
2025-06-19 07:36:44,108.25,59.0,116.51,53.0,104.95,101.0,118.35,46.0,112.38,8.260000000000005,160.0,99.0,13.84339625958773,259,61.0,-74.0,0.24,111.0,4.0
2025-06-19 07:36:45,105.0,121.0,110.86,44.0,104.0,22.0,112.24,34.0,107.93,5.859999999999999,143.0,78.0,2.857959061981453,221,65.0,-38.0,0.29,105.0,5.0
2025-06-19 07:36:46,105.0,54.0,109.09,34.0,104.0,18.0,110.77,26.0,107.04,4.090000000000003,72.0,60.0,3.2670965703450854,132,12.0,-89.0,0.09,108.0,5.0
2025-06-19 07:36:47,105.0,38.0,107.0,20.0,104.0,14.0,118.3,20.0,106.0,2.0,52.0,40.0,3.0571032040085355,92,12.0,-40.0,0.13,105.0,4.0
2025-06-19 07:36:49,108.72,29.0,376.42,38.0,104.88,16.0,493.71,28.0,242.57,267.70000000000005,45.0,66.0,86.24195400151835,111,-21.0,29.0,-0.19,109.0,3.0
2025-06-19 07:36:51,109.53,15.0,400.0,30.0,105.29,28.0,490.9,40.0,254.77,290.47,43.0,70.0,72.08356837726656,113,-27.0,73.0,-0.24,109.0,
2025-06-19 07:36:55,110.07,15.0,178.0,40.0,109.36,11.0,414.67,24.0,144.03,67.93,26.0,64.0,91.35196702863112,90,-38.0,-40.0,-0.42,110.33,3.0
2025-06-19 07:36:56,110.0,24.0,176.54,52.0,109.0,192.0,204.86,56.0,143.27,66.53999999999999,216.0,108.0,111.08807937848276,324,108.0,168.0,0.33,110.33,
2025-06-19 07:36:57,110.0,18.0,162.73,41.0,109.0,144.0,219.29,34.0,136.37,52.72999999999999,162.0,75.0,114.16654597560556,237,87.0,-87.0,0.37,110.33,
2025-06-19 07:36:58,110.0,23.0,170.13,15.0,109.0,192.0,171.38,45.0,140.07,60.13,215.0,60.0,67.98345622281953,275,155.0,38.0,0.56,110.0,1.0
2025-06-19 07:36:59,110.0,6.0,169.0,6.0,109.0,96.0,171.0,24.0,139.5,59.0,102.0,30.0,3.092979146388345,132,72.0,-143.0,0.55,110.0,
2025-06-19 07:37:00,110.0,12.0,166.76,33.0,109.0,192.0,168.78,27.0,138.38,56.75999999999999,204.0,60.0,2.5292034319113776,264,144.0,132.0,0.55,110.0,
2025-06-19 07:37:01,109.03,103.0,165.9,31.0,108.77,62.0,166.37,19.0,137.47,56.870000000000005,165.0,50.0,1.4980220292076387,215,115.0,-49.0,0.53,109.33,3.0
2025-06-19 07:37:02,109.4,70.0,162.88,26.0,108.92,106.0,163.62,29.0,136.14,53.47999999999999,176.0,55.0,1.5758394588254745,231,121.0,16.0,0.52,109.33,
2025-06-19 07:37:03,109.03,142.0,146.4,15.0,108.41,34.0,160.88,32.0,127.71,37.370000000000005,176.0,47.0,4.708794962619368,223,129.0,-8.0,0.58,109.33,
2025-06-19 07:37:04,109.0,148.0,157.55,11.0,108.0,22.0,161.0,44.0,133.27,48.55000000000001,170.0,55.0,4.30516317925216,225,115.0,2.0,0.51,109.0,2.0
2025-06-19 07:37:05,109.0,84.0,156.0,28.0,108.0,14.0,157.0,7.0,132.5,47.0,98.0,35.0,3.7839754227515336,133,63.0,-92.0,0.47,109.0,
2025-06-19 07:37:06,109.0,136.0,156.0,32.0,108.0,16.0,157.0,8.0,132.5,47.0,152.0,40.0,3.03140726395958,192,112.0,59.0,0.58,109.0,
2025-06-19 07:37:07,109.0,160.0,154.41,29.0,108.0,22.0,155.23,26.0,131.71,45.41,182.0,55.0,2.209857461463577,237,127.0,45.0,0.54,109.0,3.0
2025-06-19 07:37:08,109.0,81.0,151.33,36.0,108.0,18.0,154.0,9.0,130.17,42.33000000000001,99.0,45.0,1.1770089209460657,144,54.0,-93.0,0.38,109.0,
2025-06-19 07:37:09,109.0,108.0,150.0,45.0,108.0,24.0,197.54,13.0,129.5,41.0,132.0,58.0,1.374965454106414,190,74.0,46.0,0.39,109.0,
2025-06-19 07:37:10,109.0,99.0,151.88,26.0,108.0,22.0,338.78,18.0,130.44,42.88,121.0,44.0,1.2159481896798685,165,77.0,-25.0,0.47,109.0,
2025-06-19 07:37:11,113.0,32.0,150.5,16.0,109.0,90.0,151.12,34.0,131.75,37.5,122.0,50.0,0.9887011681927128,172,72.0,7.0,0.42,113.0,4.0
2025-06-19 07:37:12,109.89,45.0,148.8,10.0,108.82,55.0,151.0,40.0,129.34,38.91000000000001,100.0,50.0,0.9595050807501015,150,50.0,-22.0,0.33,111.0,4.0
2025-06-19 07:37:13,109.0,49.0,146.14,7.0,108.0,14.0,151.0,28.0,127.57,37.13999999999999,63.0,35.0,1.5374166644032667,98,28.0,-52.0,0.29,109.0,2.0
2025-06-19 07:37:14,109.0,65.0,142.59,59.0,108.0,34.0,149.25,40.0,125.8,33.59,99.0,99.0,2.347051341573993,198,0.0,100.0,0.0,109.0,4.0
2025-06-19 07:37:15,108.33,9.0,139.43,28.0,107.0,24.0,141.0,21.0,123.88,31.10000000000001,33.0,49.0,3.053943352451593,82,-16.0,-116.0,-0.2,108.0,4.0
2025-06-19 07:37:16,106.23,52.0,138.11,36.0,105.71,56.0,141.0,27.0,122.17,31.88000000000001,108.0,63.0,2.851152398589345,171,45.0,89.0,0.26,106.6,5.0
2025-06-19 07:37:17,106.04,50.0,135.57,28.0,105.55,29.0,138.14,28.0,120.81,29.529999999999987,79.0,56.0,2.716326563574493,135,23.0,-36.0,0.17,106.6,
2025-06-19 07:37:18,107.0,11.0,134.18,34.0,106.0,88.0,135.5,36.0,120.59,27.180000000000007,99.0,70.0,2.196303713055027,169,29.0,34.0,0.17,106.6,
2025-06-19 07:37:19,108.85,13.0,127.28,39.0,106.35,55.0,128.84,31.0,118.06,18.430000000000007,68.0,70.0,2.148201573404613,138,-2.0,-31.0,-0.01,106.6,
2025-06-19 07:37:20,110.86,37.0,120.42,12.0,106.36,44.0,121.2,15.0,115.64,9.560000000000002,81.0,27.0,2.597870281591585,108,54.0,-30.0,0.5,106.6,
2025-06-19 07:37:21,111.0,86.0,117.61,23.0,110.0,12.0,119.56,25.0,114.3,6.609999999999999,98.0,48.0,2.906690558001574,146,50.0,38.0,0.34,111.0,5.0
2025-06-19 07:37:22,111.0,32.0,113.63,27.0,110.0,11.0,114.58,33.0,112.31,2.6299999999999955,43.0,60.0,3.232081372734011,103,-17.0,-43.0,-0.17,111.0,1.0
2025-06-19 07:37:23,111.96,53.0,113.0,56.0,109.87,15.0,159.82,34.0,112.48,1.0400000000000065,68.0,90.0,2.391279991965164,158,-22.0,55.0,-0.14,111.0,2.0
2025-06-19 07:37:24,110.1,10.0,112.1,40.0,109.05,19.0,123.35,37.0,111.1,2.0,29.0,77.0,1.7943188122437606,106,-48.0,-52.0,-0.45,111.0,
2025-06-19 07:37:25,107.14,28.0,110.81,37.0,106.12,57.0,122.45,33.0,108.98,3.6700000000000017,85.0,70.0,1.9627225988332715,155,15.0,49.0,0.1,108.88,8.0
2025-06-19 07:37:26,106.1,62.0,110.8,20.0,105.16,50.0,159.75,20.0,108.45,4.700000000000003,112.0,40.0,1.866475287800492,152,72.0,-3.0,0.47,108.88,
2025-06-19 07:37:27,107.0,72.0,109.25,12.0,106.0,96.0,111.0,48.0,108.12,2.25,168.0,60.0,1.8832365756774367,228,108.0,76.0,0.47,108.88,
2025-06-19 07:37:28,107.0,48.0,109.0,8.0,106.0,64.0,111.0,32.0,108.0,2.0,112.0,40.0,1.2711018841810415,152,72.0,-76.0,0.47,108.88,
2025-06-19 07:37:29,107.0,36.0,108.26,19.0,106.0,64.0,171.14,22.0,107.63,1.2600000000000051,100.0,41.0,0.5088516482906115,141,59.0,-11.0,0.42,107.0,4.0
2025-06-19 07:37:30,106.04,52.0,108.0,60.0,105.11,74.0,109.0,12.0,107.02,1.9599999999999935,126.0,72.0,0.5460128203327929,198,54.0,57.0,0.27,106.33,6.0
2025-06-19 07:37:31,106.0,36.0,108.0,53.0,105.0,54.0,109.0,9.0,107.0,2.0,90.0,62.0,0.5284694882086878,152,28.0,-46.0,0.18,106.33,
2025-06-19 07:37:32,106.0,40.0,154.12,40.0,105.0,60.0,287.46,13.0,130.06,48.120000000000005,100.0,53.0,10.137111028294546,153,47.0,1.0,0.31,107.33,6.0
2025-06-19 07:37:33,107.62,26.0,231.0,13.0,105.44,54.0,411.77,26.0,169.31,123.38,80.0,39.0,27.086938365196986,119,41.0,-34.0,0.34,107.33,
2025-06-19 07:37:34,108.33,30.0,228.53,15.0,105.57,70.0,302.59,27.0,168.43,120.2,100.0,42.0,31.13166603315649,142,58.0,23.0,0.41,113.0,1.0
2025-06-19 07:37:35,106.11,37.0,214.05,19.0,104.88,81.0,286.0,37.0,160.08,107.94,118.0,56.0,27.45463585626292,174,62.0,32.0,0.36,105.8,5.0
2025-06-19 07:37:36,105.67,18.0,185.53,17.0,104.36,55.0,204.64,11.0,145.6,79.86,73.0,28.0,16.739540913657216,101,45.0,-73.0,0.45,105.75,4.0
2025-06-19 07:37:37,105.0,18.0,183.44,9.0,104.0,45.0,191.67,9.0,144.22,78.44,63.0,18.0,12.078512739572128,81,45.0,-20.0,0.56,105.75,
2025-06-19 07:37:38,105.62,26.0,181.92,13.0,104.32,44.0,236.06,17.0,143.77,76.29999999999998,70.0,30.0,11.22018939234104,100,40.0,19.0,0.4,105.75,
2025-06-19 07:37:39,108.71,14.0,181.0,6.0,105.67,12.0,313.0,6.0,144.86,72.29,26.0,12.0,6.951530766672819,38,14.0,-62.0,0.37,105.75,
2025-06-19 07:37:40,110.0,28.0,180.29,7.0,109.0,14.0,292.64,11.0,145.14,70.28999999999999,42.0,18.0,0.7285053191270794,60,24.0,22.0,0.4,105.75,
2025-06-19 07:37:41,110.0,32.0,179.75,8.0,109.0,16.0,244.08,26.0,144.88,69.75,48.0,34.0,0.5629209535950275,82,14.0,22.0,0.17,105.75,
2025-06-19 07:37:42,109.19,21.0,166.93,40.0,105.08,39.0,183.08,61.0,138.06,57.74000000000001,60.0,101.0,2.99938660395677,161,-41.0,79.0,-0.25,109.8,5.0
2025-06-19 07:37:43,109.0,10.0,166.3,10.0,108.0,30.0,168.0,30.0,137.65,57.30000000000001,40.0,40.0,3.895833672013516,80,0.0,-81.0,0.0,109.8,
2025-06-19 07:37:44,108.94,17.0,165.5,12.0,107.56,9.0,167.8,20.0,137.22,56.56,26.0,32.0,4.046850627338881,58,-6.0,-22.0,-0.1,109.8,
2025-06-19 07:37:45,109.0,36.0,164.2,15.0,108.0,9.0,165.14,21.0,136.6,55.19999999999999,45.0,36.0,3.3962950401859717,81,9.0,23.0,0.11,109.8,
2025-06-19 07:37:46,109.1,31.0,161.1,10.0,108.63,19.0,165.0,30.0,135.1,52.0,50.0,40.0,1.1551103843314563,90,10.0,9.0,0.11,109.8,
2025-06-19 07:37:47,109.0,44.0,158.65,23.0,108.0,11.0,163.57,21.0,133.83,49.650000000000006,55.0,44.0,1.5857017373988558,99,11.0,9.0,0.11,109.8,
2025-06-19 07:37:48,109.0,48.0,144.28,18.0,108.0,12.0,148.45,22.0,126.64,35.28,60.0,40.0,4.2562448237840185,100,20.0,1.0,0.2,109.8,
2025-06-19 07:37:49,110.14,28.0,131.53,19.0,108.86,37.0,132.91,33.0,120.83,21.39,65.0,52.0,6.667409541942517,117,13.0,17.0,0.11,109.8,
2025-06-19 07:37:50,113.0,29.0,130.68,19.0,109.0,36.0,131.29,17.0,121.84,17.680000000000007,65.0,36.0,6.614066071637343,101,29.0,-16.0,0.29,109.8,
2025-06-19 07:37:51,113.0,55.0,126.22,37.0,109.0,60.0,129.09,23.0,119.61,13.22,115.0,60.0,5.832508036855352,175,55.0,74.0,0.31,113.0,4.0
2025-06-19 07:37:52,113.0,12.0,124.14,22.0,109.0,48.0,124.73,26.0,118.57,11.14,60.0,48.0,3.1281416208318045,108,12.0,-67.0,0.11,109.8,5.0
2025-06-19 07:37:53,108.0,168.0,122.08,12.0,106.0,24.0,124.0,36.0,115.04,14.079999999999998,192.0,48.0,2.621768487105346,240,144.0,132.0,0.6,109.8,
2025-06-19 07:37:54,108.0,238.0,118.69,29.0,106.0,34.0,122.05,41.0,113.34,10.689999999999998,272.0,70.0,3.4506448672643235,342,202.0,102.0,0.59,109.8,
2025-06-19 07:37:55,108.0,140.0,115.0,50.0,106.0,20.0,116.0,10.0,111.5,7.0,160.0,60.0,3.432618534002307,220,100.0,-122.0,0.45,109.8,
2025-06-19 07:37:56,108.0,136.0,115.0,60.0,106.54,39.0,116.0,12.0,111.5,7.0,175.0,72.0,2.953878805905039,247,103.0,27.0,0.42,108.0,6.0
2025-06-19 07:37:57,108.0,72.0,113.14,44.0,107.0,70.0,113.7,30.0,110.57,5.140000000000001,142.0,74.0,1.7903630916587447,216,68.0,-31.0,0.31,108.0,1.0
2025-06-19 07:37:58,108.0,52.0,110.75,40.0,107.0,91.0,129.87,47.0,109.38,2.75,143.0,87.0,1.453623059796818,230,56.0,14.0,0.24,109.38,13.0
2025-06-19 07:37:59,107.4,50.0,109.43,14.0,106.58,60.0,160.59,34.0,108.41,2.030000000000001,110.0,48.0,1.357155112716444,158,62.0,-72.0,0.39,107.8,5.0
2025-06-19 07:38:00,107.0,63.0,108.17,24.0,106.0,60.0,130.3,30.0,107.58,1.1700000000000017,123.0,54.0,1.583751874496707,177,69.0,19.0,0.39,107.25,4.0
2025-06-19 07:38:01,106.32,59.0,149.12,43.0,105.96,97.0,193.75,59.0,127.72,42.80000000000001,156.0,102.0,8.452412081765425,258,54.0,81.0,0.21,106.5,6.0
2025-06-19 07:38:02,106.48,93.0,147.9,30.0,105.9,50.0,379.0,50.0,127.19,41.42,143.0,80.0,10.426980866961276,223,63.0,-35.0,0.28,106.0,1.0
2025-06-19 07:38:03,107.7,70.0,147.0,30.0,106.0,55.0,319.8,50.0,127.35,39.3,125.0,80.0,10.645292386777315,205,45.0,-18.0,0.22,107.0,2.0
2025-06-19 07:38:04,108.58,84.0,146.75,36.0,106.0,24.0,333.0,51.0,127.67,38.17,108.0,87.0,8.9034021587246,195,21.0,-10.0,0.11,107.0,
2025-06-19 07:38:05,110.0,58.0,144.62,39.0,106.74,19.0,362.38,65.0,127.31,34.620000000000005,77.0,104.0,0.2337092210090583,181,-27.0,-14.0,-0.15,110.0,4.0
2025-06-19 07:38:06,109.17,29.0,144.0,36.0,106.5,12.0,305.67,60.0,126.59,34.83,41.0,96.0,0.3953732413612532,137,-55.0,-44.0,-0.4,108.8,5.0
2025-06-19 07:38:07,106.45,11.0,143.55,33.0,105.09,11.0,216.53,47.0,125.0,37.10000000000001,22.0,80.0,1.072650921774739,102,-58.0,-35.0,-0.57,108.8,
2025-06-19 07:38:08,111.0,10.0,142.7,30.0,106.7,10.0,409.82,34.0,126.85,31.69999999999999,20.0,64.0,1.0291161256068868,84,-44.0,-18.0,-0.52,108.8,
2025-06-19 07:38:09,106.36,22.0,141.0,30.0,104.5,24.0,251.0,20.0,123.68,34.64,46.0,50.0,1.5086517159316708,96,-4.0,12.0,-0.04,109.0,2.0
2025-06-19 07:38:10,109.87,76.0,139.0,45.0,105.78,41.0,372.6,75.0,124.43,29.129999999999995,117.0,120.0,1.3727162853201598,237,-3.0,141.0,-0.01,109.0,
2025-06-19 07:38:11,113.0,70.0,138.4,30.0,106.0,30.0,421.32,34.0,125.7,25.40000000000001,100.0,64.0,1.2137421472384724,164,36.0,-73.0,0.22,109.0,
2025-06-19 07:38:12,113.0,70.0,141.88,26.0,110.0,10.0,308.0,12.0,127.44,28.879999999999995,80.0,38.0,1.582039822502386,118,42.0,-46.0,0.36,109.0,
2025-06-19 07:38:13,113.0,49.0,279.71,14.0,110.0,7.0,436.6,10.0,196.36,166.70999999999998,56.0,24.0,31.80533791677103,80,32.0,-38.0,0.4,109.0,
2025-06-19 07:38:14,113.0,84.0,219.49,35.0,110.0,12.0,255.03,33.0,166.24,106.49,96.0,68.0,32.19833039149699,164,28.0,84.0,0.17,109.0,
2025-06-19 07:38:15,113.0,42.0,137.67,12.0,110.0,6.0,168.6,20.0,125.33,24.669999999999987,48.0,32.0,32.035490943639346,80,16.0,-84.0,0.2,109.0,
2025-06-19 07:38:16,113.0,63.0,136.0,18.0,110.0,9.0,137.0,9.0,124.5,23.0,72.0,27.0,32.250102015342506,99,45.0,19.0,0.45,109.0,
2025-06-19 07:38:17,113.0,56.0,134.56,18.0,110.0,8.0,135.8,10.0,123.78,21.56,64.0,28.0,32.868304185035136,92,36.0,-7.0,0.39,109.0,
2025-06-19 07:38:18,113.0,119.0,131.68,19.0,110.0,17.0,133.0,49.0,122.34,18.680000000000007,136.0,68.0,18.927765848086427,204,68.0,112.0,0.33,109.0,
2025-06-19 07:38:19,113.0,98.0,128.48,21.0,110.0,14.0,129.91,23.0,120.74,15.47999999999999,112.0,44.0,1.820664713773506,156,68.0,-48.0,0.44,113.0,2.0
2025-06-19 07:38:20,113.0,85.0,125.95,42.0,110.0,17.0,126.7,37.0,119.48,12.950000000000005,102.0,79.0,2.0815186763464477,181,23.0,25.0,0.13,113.0,
2025-06-19 07:38:21,109.75,32.0,124.08,13.0,107.84,25.0,125.79,19.0,116.91,14.329999999999998,57.0,32.0,2.6465827022743684,89,25.0,-92.0,0.28,111.1,10.0
2025-06-19 07:38:22,108.78,18.0,120.92,13.0,107.9,39.0,122.53,17.0,114.85,12.14,57.0,30.0,2.99631940887091,87,27.0,-2.0,0.31,108.4,5.0
2025-06-19 07:38:23,108.0,28.0,120.84,19.0,107.0,28.0,156.11,38.0,114.42,12.840000000000003,56.0,57.0,2.7853635310270146,113,-1.0,26.0,-0.01,108.4,
2025-06-19 07:38:24,108.0,20.0,120.0,10.0,107.0,20.0,122.0,20.0,114.0,12.0,40.0,30.0,2.276745484232753,70,10.0,-43.0,0.14,108.4,
2025-06-19 07:38:25,108.0,30.0,117.53,34.0,107.0,30.0,118.45,40.0,112.76,9.53,60.0,74.0,1.5145857519378658,134,-14.0,64.0,-0.1,108.4,
2025-06-19 07:38:26,105.95,19.0,113.17,18.0,104.41,29.0,114.15,20.0,109.56,7.219999999999999,48.0,38.0,2.1366141439137016,86,10.0,-48.0,0.12,106.62,8.0
2025-06-19 07:38:27,105.0,10.0,110.8,25.0,104.0,107.0,111.43,35.0,107.9,5.799999999999997,117.0,60.0,2.8647722422508592,177,57.0,91.0,0.32,106.62,
2025-06-19 07:38:28,105.0,11.0,108.5,18.0,104.0,63.0,110.65,37.0,106.75,3.5,74.0,55.0,3.106264637787621,129,19.0,-48.0,0.15,106.62,
2025-06-19 07:38:29,105.0,9.0,107.38,26.0,104.0,22.0,107.81,21.0,106.19,2.3799999999999955,31.0,47.0,2.643041808214301,78,-16.0,-51.0,-0.21,106.8,5.0
2025-06-19 07:38:30,105.0,8.0,106.21,19.0,104.0,16.0,107.1,31.0,105.61,1.2099999999999935,24.0,50.0,1.5660683254467689,74,-26.0,-4.0,-0.35,106.0,1.0
2025-06-19 07:38:31,104.17,12.0,106.7,20.0,82.71,62.0,108.0,12.0,105.43,2.530000000000001,74.0,32.0,0.997336452741513,106,42.0,32.0,0.4,105.0,3.0
2025-06-19 07:38:32,82.0,84.0,107.0,18.0,78.0,1.0,110.0,7.0,94.5,25.0,85.0,25.0,5.166805589526771,110,60.0,4.0,0.55,105.33,6.0
2025-06-19 07:38:33,105.0,49.0,106.29,14.0,58.95,76.0,144.29,7.0,105.64,1.2900000000000065,125.0,21.0,5.02467212860351,146,104.0,36.0,0.71,105.33,
2025-06-19 07:38:34,105.0,66.0,121.44,18.0,31.38,64.0,307.25,16.0,113.22,16.439999999999998,130.0,34.0,6.684179081979024,164,96.0,18.0,0.59,105.0,2.0
2025-06-19 07:38:37,104.31,29.0,223.0,42.0,102.75,24.0,265.2,20.0,163.66,118.69,53.0,62.0,22.698394656891058,115,-9.0,-50.0,-0.08,105.0,
2025-06-19 07:38:38,105.25,24.0,250.35,43.0,104.75,24.0,277.44,27.0,177.8,145.1,48.0,70.0,29.623174711701505,118,-22.0,3.0,-0.19,105.0,
2025-06-19 07:38:39,106.96,23.0,268.61,33.0,105.73,11.0,387.08,12.0,187.78,161.65000000000003,34.0,45.0,32.128561748077104,79,-11.0,-39.0,-0.14,107.0,1.0
2025-06-19 07:38:40,107.3,20.0,400.67,18.0,106.0,10.0,470.47,38.0,253.98,293.37,30.0,56.0,48.83376413916938,86,-26.0,7.0,-0.3,107.0,
2025-06-19 07:38:41,110.89,38.0,393.87,45.0,107.62,89.0,443.35,51.0,252.38,282.98,127.0,96.0,42.91502301059675,223,31.0,137.0,0.14,109.67,6.0
2025-06-19 07:38:42,108.0,55.0,274.97,36.0,107.0,150.0,424.24,34.0,191.49,166.97000000000003,205.0,70.0,37.30757402994803,275,135.0,52.0,0.49,109.67,
2025-06-19 07:38:43,108.4,30.0,132.0,45.0,107.17,108.0,134.0,9.0,120.2,23.599999999999994,138.0,54.0,55.31838645513843,192,84.0,-83.0,0.44,108.0,3.0
2025-06-19 07:38:44,108.0,39.0,127.76,25.0,106.99,167.0,129.19,53.0,117.88,19.760000000000005,206.0,78.0,67.12053769152948,284,128.0,92.0,0.45,108.0,
2025-06-19 07:38:45,109.31,16.0,126.0,50.0,107.75,24.0,127.0,10.0,117.66,16.689999999999998,40.0,60.0,60.57322857500669,100,-20.0,-168.0,-0.2,108.0,
2025-06-19 07:38:46,111.0,12.0,125.0,60.0,108.0,35.0,127.0,12.0,118.0,14.0,47.0,72.0,32.68730456920522,119,-25.0,19.0,-0.21,108.0,
2025-06-19 07:38:47,111.0,10.0,122.82,34.0,108.0,80.0,124.12,26.0,116.91,11.819999999999991,90.0,60.0,1.232233744048119,150,30.0,31.0,0.2,108.0,
2025-06-19 07:38:48,108.26,35.0,120.61,31.0,107.71,28.0,121.09,11.0,114.44,12.349999999999994,63.0,42.0,1.4806485065571278,105,21.0,-45.0,0.2,111.0,1.0
2025-06-19 07:38:49,108.32,74.0,119.0,11.0,107.28,25.0,120.0,55.0,113.66,10.680000000000009,99.0,66.0,1.962340439365488,165,33.0,60.0,0.2,108.0,2.0
2025-06-19 07:38:50,108.08,39.0,118.11,9.0,107.5,24.0,120.0,45.0,113.09,10.03,63.0,54.0,2.1309270283067776,117,9.0,-48.0,0.08,108.0,
2025-06-19 07:38:51,109.17,18.0,117.4,10.0,107.86,42.0,120.0,50.0,113.28,8.230000000000004,60.0,60.0,1.5606825429816136,120,0.0,3.0,0.0,108.25,4.0
2025-06-19 07:38:52,109.0,30.0,117.0,10.0,106.86,14.0,120.0,50.0,113.0,8.0,44.0,60.0,0.5864128238424772,104,-16.0,-16.0,-0.15,108.25,
2025-06-19 07:38:53,108.0,30.0,114.47,30.0,106.0,10.0,165.65,26.0,111.23,6.469999999999999,40.0,56.0,0.9414722512991812,96,-16.0,-8.0,-0.17,113.0,5.0
2025-06-19 07:38:54,108.31,16.0,114.5,6.0,106.75,8.0,325.0,18.0,111.41,6.189999999999998,24.0,24.0,0.994922107486791,48,0.0,-48.0,0.0,113.0,
2025-06-19 07:38:55,105.0,28.0,114.0,7.0,104.0,126.0,197.0,27.0,109.5,9.0,154.0,34.0,1.5272622564462637,188,120.0,140.0,0.64,108.6,5.0
2025-06-19 07:38:56,105.3,40.0,112.95,21.0,104.01,201.0,129.53,17.0,109.13,7.650000000000006,241.0,38.0,1.5701369366920273,279,203.0,91.0,0.73,105.0,1.0
2025-06-19 07:38:57,105.26,46.0,112.0,7.0,104.08,117.0,113.0,14.0,108.63,6.739999999999995,163.0,21.0,1.263210196271338,184,142.0,-95.0,0.77,108.0,4.0
2025-06-19 07:38:58,105.0,30.0,110.6,10.0,104.0,187.0,113.0,20.0,107.8,5.599999999999994,217.0,30.0,1.3434768326857278,247,187.0,63.0,0.76,108.0,
2025-06-19 07:38:59,105.0,21.0,109.09,11.0,104.0,133.0,111.45,11.0,107.05,4.090000000000003,154.0,22.0,0.9969804411133324,176,132.0,-71.0,0.75,108.0,
2025-06-19 07:39:00,105.0,33.0,108.2,20.0,104.0,209.0,133.14,28.0,106.6,3.200000000000003,242.0,48.0,1.0549265377086905,290,194.0,114.0,0.67,106.67,3.0
2025-06-19 07:39:01,107.0,23.0,108.33,18.0,105.0,36.0,239.66,47.0,107.67,1.3299999999999983,59.0,65.0,0.7739186003461846,124,-6.0,-166.0,-0.05,107.5,2.0
2025-06-19 07:39:02,105.5,16.0,293.6,20.0,104.14,88.0,427.5,38.0,199.55,188.1,104.0,58.0,41.26723918558131,162,46.0,38.0,0.28,107.0,1.0
2025-06-19 07:39:03,104.06,108.0,331.75,32.0,87.95,74.0,409.92,48.0,217.91,227.69,182.0,80.0,56.03990613839388,262,102.0,100.0,0.39,104.3,10.0
2025-06-19 07:39:04,107.62,26.0,292.89,18.0,104.29,28.0,330.06,16.0,200.25,185.27,54.0,34.0,54.59688159593011,88,20.0,-168.0,0.23,104.3,
2025-06-19 07:39:05,108.0,44.0,188.88,33.0,106.0,8.0,358.06,34.0,148.44,80.88,52.0,67.0,45.607063926545614,119,-15.0,31.0,-0.13,108.0,1.0
2025-06-19 07:39:06,108.23,65.0,143.0,52.0,105.9,21.0,264.8,25.0,125.62,34.77,86.0,77.0,39.27182361439333,163,9.0,44.0,0.06,108.0,
2025-06-19 07:39:07,113.0,7.0,191.0,16.0,110.0,20.0,436.43,23.0,152.0,78.0,27.0,39.0,38.607534627323886,66,-12.0,-97.0,-0.18,108.0,
2025-06-19 07:39:08,113.0,2.0,335.0,2.0,111.0,4.0,403.78,9.0,224.0,222.0,6.0,11.0,40.587748397761786,17,-5.0,-49.0,-0.29,108.0,
2025-06-19 07:39:09,112.6,10.0,212.2,25.0,110.23,26.0,381.33,27.0,162.4,99.6,36.0,52.0,36.913167298404616,88,-16.0,71.0,-0.18,112.0,2.0
2025-06-19 07:39:10,111.0,8.0,220.31,29.0,109.0,40.0,387.43,35.0,165.66,109.31,48.0,64.0,36.067989686147065,112,-16.0,24.0,-0.14,112.0,
2025-06-19 07:39:11,109.8,15.0,222.44,36.0,108.67,36.0,312.5,40.0,166.12,112.64,51.0,76.0,28.5052781077473,127,-25.0,15.0,-0.2,109.67,3.0
2025-06-19 07:39:12,109.0,24.0,215.25,32.0,107.0,16.0,350.26,35.0,162.12,106.25,40.0,67.0,26.861340249511365,107,-27.0,-20.0,-0.25,109.67,
2025-06-19 07:39:13,109.0,26.0,211.17,48.0,107.0,24.0,318.49,55.0,160.08,102.17,50.0,103.0,2.5539146422714945,153,-53.0,46.0,-0.35,109.0,2.0
2025-06-19 07:39:14,109.0,9.0,195.34,38.0,107.0,18.0,256.0,34.0,152.17,86.34,27.0,72.0,5.650999911520707,99,-45.0,-54.0,-0.45,109.0,
2025-06-19 07:39:15,109.0,66.0,169.9,39.0,107.9,20.0,178.0,32.0,139.45,60.900000000000006,86.0,71.0,10.548529281373892,157,15.0,58.0,0.1,109.0,
2025-06-19 07:39:16,109.63,19.0,134.77,52.0,108.33,21.0,136.96,46.0,122.2,25.14000000000001,40.0,98.0,16.57003409773178,138,-58.0,-19.0,-0.42,110.0,1.0
2025-06-19 07:39:17,110.0,9.0,133.0,36.0,109.0,9.0,134.0,27.0,121.5,23.0,18.0,63.0,17.367180254721433,81,-45.0,-57.0,-0.56,110.0,
2025-06-19 07:39:18,109.6,15.0,132.04,46.0,108.87,45.0,133.58,38.0,120.82,22.44,60.0,84.0,14.0591063016103,144,-24.0,63.0,-0.17,109.2,5.0
2025-06-19 07:39:19,109.0,14.0,130.14,21.0,108.0,14.0,132.0,28.0,119.57,21.139999999999983,28.0,49.0,8.297943721186131,77,-21.0,-67.0,-0.27,109.2,
2025-06-19 07:39:20,111.86,84.0,126.7,37.0,108.83,24.0,128.43,37.0,119.28,14.840000000000003,108.0,74.0,1.244419543389033,182,34.0,105.0,0.19,109.2,
2025-06-19 07:39:21,112.0,128.0,123.48,54.0,109.0,32.0,124.67,54.0,117.74,11.480000000000004,160.0,108.0,1.4573674896771027,268,52.0,86.0,0.19,109.2,
2025-06-19 07:39:22,111.74,23.0,119.4,30.0,108.88,16.0,120.69,26.0,115.57,7.660000000000011,39.0,56.0,2.015695909597144,95,-17.0,-168.0,-0.18,112.0,8.0
2025-06-19 07:39:23,109.0,11.0,117.0,24.0,108.0,12.0,118.0,24.0,113.0,8.0,23.0,48.0,2.756387128101787,71,-25.0,-24.0,-0.35,109.0,1.0
2025-06-19 07:39:24,109.0,11.0,114.03,36.0,108.0,22.0,115.14,42.0,111.51,5.030000000000001,33.0,78.0,3.219044889398675,111,-45.0,40.0,-0.41,109.0,
2025-06-19 07:39:25,107.76,21.0,109.74,47.0,107.0,26.0,110.86,42.0,108.75,1.9799999999999895,47.0,89.0,3.4950722453136507,136,-42.0,25.0,-0.31,108.33,3.0
2025-06-19 07:39:26,106.75,16.0,108.12,32.0,105.38,32.0,111.23,26.0,107.44,1.3700000000000043,48.0,58.0,3.2618445701719123,106,-10.0,-30.0,-0.09,107.0,2.0
2025-06-19 07:39:27,105.07,86.0,107.74,38.0,104.14,214.0,112.66,41.0,106.4,2.6700000000000017,300.0,79.0,2.769214690116744,379,221.0,168.0,0.58,107.0,
2025-06-19 07:39:28,105.0,54.0,112.86,28.0,104.0,161.0,136.37,19.0,108.93,7.859999999999999,215.0,47.0,1.922558191566032,262,168.0,-117.0,0.64,105.67,9.0
2025-06-19 07:39:29,105.32,76.0,113.79,56.0,104.04,268.0,290.23,31.0,109.55,8.470000000000013,344.0,87.0,1.272253905459633,431,257.0,168.0,0.6,105.67,
2025-06-19 07:39:30,111.0,15.0,113.0,32.0,106.5,24.0,320.12,8.0,112.0,2.0,39.0,40.0,2.145257560284523,79,-1.0,-168.0,-0.01,111.0,1.0
2025-06-19 07:39:31,110.25,8.0,119.0,26.0,107.71,14.0,207.0,13.0,114.62,8.75,22.0,39.0,3.1305670412817004,61,-17.0,-18.0,-0.28,111.0,1.0
2025-06-19 07:39:32,106.33,18.0,169.27,11.0,104.38,52.0,471.18,11.0,137.8,62.94000000000001,70.0,22.0,12.073212082953122,92,48.0,31.0,0.52,106.6,5.0
2025-06-19 07:39:33,105.75,40.0,135.5,24.0,104.42,72.0,529.8,10.0,120.62,29.75,112.0,34.0,11.330464244679805,146,78.0,54.0,0.53,106.6,
2025-06-19 07:39:34,105.77,26.0,135.0,18.0,104.32,62.0,336.43,7.0,120.38,29.230000000000004,88.0,25.0,10.055320979460047,113,63.0,-33.0,0.56,105.0,4.0
2025-06-19 07:39:35,105.0,8.0,132.82,22.0,104.0,140.0,218.33,12.0,118.91,27.819999999999997,148.0,34.0,8.90358804078281,182,114.0,69.0,0.63,105.0,
2025-06-19 07:39:36,105.86,14.0,133.12,24.0,104.15,40.0,372.0,8.0,119.49,27.260000000000005,54.0,32.0,8.056813886392783,86,22.0,-96.0,0.26,105.0,
2025-06-19 07:39:37,107.0,12.0,131.83,18.0,105.0,6.0,372.0,6.0,119.42,24.830000000000013,18.0,24.0,0.713253110731336,42,-6.0,-44.0,-0.14,105.0,
2025-06-19 07:39:38,107.07,28.0,129.38,32.0,105.5,12.0,194.52,31.0,118.22,22.31,40.0,63.0,0.7959459780459089,103,-23.0,61.0,-0.22,105.0,
2025-06-19 07:39:39,108.8,30.0,127.02,62.0,107.67,30.0,128.1,52.0,117.91,18.22,60.0,114.0,0.7072128392266207,174,-54.0,71.0,-0.31,108.6,5.0
2025-06-19 07:39:40,104.06,259.0,123.65,43.0,101.0,76.0,125.15,52.0,113.85,19.590000000000003,335.0,95.0,2.305920640431061,430,240.0,168.0,0.56,105.0,3.0
2025-06-19 07:39:41,105.43,115.0,121.95,44.0,103.7,253.0,124.31,58.0,113.69,16.519999999999996,368.0,102.0,2.660915256066016,470,266.0,40.0,0.57,105.0,
2025-06-19 07:39:42,106.61,31.0,118.0,32.0,104.03,185.0,119.32,37.0,112.31,11.39,216.0,69.0,2.688825022191564,285,147.0,-168.0,0.52,105.0,
2025-06-19 07:39:43,109.8,20.0,114.24,41.0,104.02,244.0,115.74,23.0,112.02,4.439999999999998,264.0,64.0,2.354438361894877,328,200.0,43.0,0.61,113.0,3.0
2025-06-19 07:39:44,105.94,34.0,112.46,71.0,104.21,76.0,113.68,34.0,109.2,6.519999999999996,110.0,105.0,1.869901066891109,215,5.0,-113.0,0.02,113.0,
2025-06-19 07:39:45,105.75,16.0,157.93,14.0,104.05,126.0,188.12,17.0,131.84,52.18000000000001,142.0,31.0,9.107160369729094,173,111.0,-42.0,0.64,107.83,6.0
2025-06-19 07:39:46,105.3,87.0,246.67,45.0,104.91,205.0,248.0,15.0,175.98,141.37,292.0,60.0,28.15776091950452,352,232.0,168.0,0.66,106.43,7.0
2025-06-19 07:39:47,111.0,81.0,172.48,25.0,104.0,153.0,194.55,11.0,141.74,61.47999999999999,234.0,36.0,27.041321713259173,270,198.0,-82.0,0.73,106.43,
2025-06-19 07:39:48,111.0,54.0,148.0,18.0,104.0,102.0,204.25,8.0,129.5,37.0,156.0,26.0,24.47191287987078,182,130.0,-88.0,0.71,106.43,
2025-06-19 07:39:49,111.0,110.0,147.14,42.0,104.0,233.0,236.36,22.0,129.07,36.13999999999999,343.0,64.0,19.878814854009512,407,279.0,168.0,0.69,111.0,2.0
2025-06-19 07:39:50,111.29,68.0,146.67,36.0,104.11,122.0,380.83,60.0,128.98,35.37999999999998,190.0,96.0,20.26813212903421,286,94.0,-121.0,0.33,111.0,6.0
2025-06-19 07:39:51,106.37,60.0,146.0,24.0,92.14,21.0,683.76,34.0,126.18,39.63,81.0,58.0,6.094897866246797,139,23.0,-147.0,0.17,106.25,4.0
2025-06-19 07:39:52,104.0,66.0,145.33,18.0,68.67,24.0,300.0,12.0,124.67,41.33000000000001,90.0,30.0,2.135684901846824,120,60.0,-19.0,0.5,106.25,
2025-06-19 07:39:53,104.0,99.0,142.25,32.0,61.11,18.0,143.48,31.0,123.12,38.25,117.0,63.0,2.6260674020244155,180,54.0,60.0,0.3,106.25,
2025-06-19 07:39:54,104.0,110.0,142.77,39.0,59.14,28.0,352.35,40.0,123.38,38.77000000000001,138.0,79.0,2.405551911718849,217,59.0,37.0,0.27,106.25,
2025-06-19 07:39:55,104.0,88.0,142.88,32.0,85.2,20.0,273.15,33.0,123.44,38.88,108.0,65.0,1.279538979466111,173,43.0,-44.0,0.25,106.25,
2025-06-19 07:39:56,104.97,58.0,141.46,52.0,99.63,99.0,142.46,52.0,123.21,36.49000000000001,157.0,104.0,0.6314507106438317,261,53.0,88.0,0.2,106.25,
2025-06-19 07:39:57,106.14,44.0,140.45,44.0,101.14,28.0,142.0,44.0,123.3,34.30999999999999,72.0,88.0,0.1284523256789506,160,-16.0,-101.0,-0.1,107.14,7.0
2025-06-19 07:39:58,104.06,53.0,138.75,32.0,97.2,50.0,142.0,32.0,121.4,34.69,103.0,64.0,0.8685505166494311,167,39.0,7.0,0.23,107.14,
2025-06-19 07:39:59,107.73,11.0,137.36,44.0,104.65,20.0,140.36,44.0,122.55,29.63000000000001,31.0,88.0,0.8438305516937841,119,-57.0,-48.0,-0.48,107.14,
2025-06-19 07:40:00,108.89,45.0,132.14,42.0,107.0,10.0,133.4,40.0,120.52,23.249999999999982,55.0,82.0,1.2057072613081845,137,-27.0,18.0,-0.2,107.14,
2025-06-19 07:40:01,108.99,87.0,129.14,57.0,107.83,12.0,131.12,51.0,119.06,20.14999999999999,99.0,108.0,1.6715800908034528,207,-9.0,70.0,-0.04,109.0,5.0
2025-06-19 07:40:02,109.0,92.0,126.12,41.0,108.0,10.0,128.65,46.0,117.56,17.120000000000005,102.0,87.0,1.9578355395613247,189,15.0,-18.0,0.08,109.0,2.0
2025-06-19 07:40:03,109.13,46.0,125.67,36.0,108.8,30.0,130.67,36.0,117.4,16.540000000000006,76.0,72.0,2.1608146611795798,148,4.0,-41.0,0.03,110.0,2.0
2025-06-19 07:40:04,109.0,70.0,123.4,40.0,108.0,10.0,124.4,40.0,116.2,14.400000000000006,80.0,80.0,1.6701856184171378,160,0.0,12.0,0.0,110.0,
2025-06-19 07:40:05,109.0,91.0,120.91,44.0,108.0,13.0,122.2,51.0,114.95,11.909999999999997,104.0,95.0,1.5454708020426693,199,9.0,39.0,0.05,110.0,
2025-06-19 07:40:06,109.0,64.0,117.78,45.0,108.0,12.0,119.08,39.0,113.39,8.780000000000001,76.0,84.0,1.7534394771321251,160,-8.0,-39.0,-0.05,109.0,5.0
2025-06-19 07:40:07,108.78,18.0,114.08,39.0,107.6,10.0,115.26,31.0,111.43,5.299999999999997,28.0,70.0,2.3456406374302627,98,-42.0,-62.0,-0.43,108.0,5.0
2025-06-19 07:40:08,106.03,33.0,112.75,48.0,104.47,38.0,113.67,45.0,109.39,6.719999999999999,71.0,93.0,2.723310485413444,164,-22.0,66.0,-0.13,106.5,2.0
2025-06-19 07:40:09,105.75,64.0,111.1,40.0,104.35,46.0,114.74,31.0,108.42,5.349999999999994,110.0,71.0,2.7118591408776087,181,39.0,17.0,0.22,106.5,
2025-06-19 07:40:10,108.03,34.0,112.88,33.0,105.13,71.0,121.29,34.0,110.45,4.849999999999994,105.0,67.0,1.9177278221793217,172,38.0,-9.0,0.22,106.5,
2025-06-19 07:40:11,108.89,28.0,111.32,25.0,106.12,32.0,117.32,25.0,110.11,2.4299999999999926,60.0,50.0,1.1313708498808257,110,10.0,-62.0,0.09,109.75,4.0
2025-06-19 07:40:12,110.33,24.0,112.0,30.0,108.29,28.0,190.08,13.0,111.17,1.6700000000000017,52.0,43.0,1.0499619040517685,95,9.0,-15.0,0.09,109.75,
2025-06-19 07:40:13,108.67,30.0,111.67,36.0,105.5,48.0,196.41,17.0,110.17,3.0,78.0,53.0,1.010979722823437,131,25.0,36.0,0.19,109.75,
2025-06-19 07:40:14,108.0,30.0,286.1,10.0,104.0,50.0,296.69,13.0,197.05,178.10000000000002,80.0,23.0,38.71980888382557,103,57.0,-28.0,0.55,109.0,2.0
2025-06-19 07:40:15,107.2,30.0,284.37,19.0,103.83,48.0,494.0,16.0,195.78,177.17000000000002,78.0,35.0,47.07073698169588,113,43.0,10.0,0.38,106.4,5.0
2025-06-19 07:40:16,104.0,30.0,262.56,16.0,103.0,40.0,266.38,24.0,183.28,158.56,70.0,40.0,44.89144294851755,110,30.0,-3.0,0.27,106.4,
2025-06-19 07:40:17,104.0,13.0,189.67,18.0,103.0,24.0,211.33,6.0,146.83,85.66999999999999,37.0,24.0,37.523634818604826,61,13.0,-49.0,0.21,104.0,1.0
2025-06-19 07:40:18,108.3,23.0,185.37,19.0,103.08,26.0,204.75,16.0,146.84,77.07000000000001,49.0,35.0,25.336012511838145,84,14.0,23.0,0.17,104.0,
2025-06-19 07:40:19,113.0,143.0,185.91,22.0,107.91,46.0,193.7,40.0,149.45,72.91,189.0,62.0,23.354407078750903,251,127.0,167.0,0.51,104.0,
2025-06-19 07:40:20,113.0,132.0,185.0,24.0,110.0,72.0,188.67,36.0,149.0,72.0,204.0,60.0,15.810308346139292,264,144.0,13.0,0.55,104.0,
2025-06-19 07:40:21,113.0,144.0,182.84,50.0,110.0,84.0,184.15,20.0,147.92,69.84,228.0,70.0,1.2065529412319234,298,158.0,34.0,0.53,113.0,5.0
2025-06-19 07:40:22,113.0,66.0,176.67,18.0,110.0,72.0,182.0,36.0,144.83,63.66999999999999,138.0,54.0,1.8530434425547155,192,84.0,-106.0,0.44,113.0,2.0
2025-06-19 07:40:23,113.0,36.0,180.13,15.0,110.0,90.0,182.0,60.0,146.57,67.13,126.0,75.0,1.884682997215974,201,51.0,9.0,0.25,113.0,3.0
2025-06-19 07:40:24,113.0,8.0,179.08,26.0,110.0,76.0,181.14,14.0,146.04,66.08000000000001,84.0,40.0,1.6263363735692455,124,44.0,-77.0,0.35,113.0,
2025-06-19 07:40:25,113.0,7.0,177.45,22.0,110.0,140.0,178.77,13.0,145.23,64.44999999999999,147.0,35.0,1.2150185183747813,182,112.0,58.0,0.62,113.0,
2025-06-19 07:40:26,113.0,18.0,175.3,66.0,110.0,206.0,176.25,24.0,144.15,62.30000000000001,224.0,90.0,0.960249967452724,314,134.0,132.0,0.43,113.0,
2025-06-19 07:40:27,110.86,21.0,164.36,33.0,109.92,39.0,172.33,18.0,137.61,53.500000000000014,60.0,51.0,3.6435559553809,111,9.0,-168.0,0.08,111.5,2.0
2025-06-19 07:40:28,109.61,33.0,171.0,11.0,108.16,43.0,232.75,32.0,140.3,61.39,76.0,43.0,3.5819450023682005,119,33.0,8.0,0.28,110.0,5.0
2025-06-19 07:40:29,109.0,24.0,169.0,6.0,108.0,54.0,587.5,8.0,139.0,60.0,78.0,14.0,3.2963874165500195,92,64.0,-27.0,0.7,110.0,
2025-06-19 07:40:30,108.49,59.0,166.71,14.0,107.77,118.0,582.24,33.0,137.6,58.22000000000001,177.0,47.0,2.712262892860497,224,130.0,132.0,0.58,108.2,5.0
2025-06-19 07:40:31,108.0,90.0,166.0,9.0,105.0,27.0,410.71,35.0,137.0,58.0,117.0,44.0,1.336607646239821,161,73.0,-63.0,0.45,108.2,
2025-06-19 07:40:32,108.0,60.0,166.0,7.0,105.0,21.0,361.0,35.0,137.0,58.0,81.0,42.0,1.4394443372310928,123,39.0,-38.0,0.32,108.0,2.0
2025-06-19 07:40:33,108.0,88.0,164.43,35.0,105.6,15.0,301.56,25.0,136.21,56.43000000000001,103.0,60.0,1.040298034212288,163,43.0,40.0,0.26,108.0,
2025-06-19 07:40:34,109.0,13.0,162.98,53.0,108.0,104.0,163.6,25.0,135.99,53.97999999999999,117.0,78.0,0.6550190836803309,195,39.0,32.0,0.2,108.0,
2025-06-19 07:40:35,109.4,10.0,160.36,14.0,108.0,80.0,161.54,46.0,134.88,50.96000000000001,90.0,60.0,0.8754027644375717,150,30.0,-45.0,0.2,108.0,
2025-06-19 07:40:36,110.0,14.0,155.47,32.0,108.0,112.0,156.94,48.0,132.73,45.47,126.0,80.0,1.6550135951055522,206,46.0,56.0,0.22,108.0,
2025-06-19 07:40:37,108.77,39.0,151.42,48.0,107.63,147.0,152.69,58.0,130.09,42.64999999999999,186.0,106.0,2.5747621249317354,292,80.0,86.0,0.27,110.0,1.0
2025-06-19 07:40:38,108.0,96.0,155.42,60.0,106.0,108.0,157.17,60.0,131.71,47.41999999999999,204.0,120.0,2.3794747319486658,324,84.0,32.0,0.26,110.0,
2025-06-19 07:40:39,108.0,120.0,136.42,71.0,106.0,135.0,144.36,67.0,122.21,28.419999999999987,255.0,138.0,4.8569208352596975,393,117.0,69.0,0.3,110.0,
2025-06-19 07:40:40,108.0,112.0,129.0,70.0,106.0,126.0,130.57,70.0,118.5,21.0,238.0,140.0,6.31956644082304,378,98.0,-15.0,0.26,110.0,
2025-06-19 07:40:41,111.6,107.0,126.93,75.0,107.78,74.0,128.33,75.0,119.27,15.330000000000013,181.0,150.0,6.158845671063237,331,31.0,-47.0,0.09,108.0,2.0
2025-06-19 07:40:42,113.0,77.0,124.23,31.0,111.0,22.0,125.36,36.0,118.61,11.230000000000004,99.0,67.0,5.601455168076621,166,32.0,-165.0,0.19,108.0,
2025-06-19 07:40:43,113.0,70.0,118.75,16.0,111.0,20.0,120.71,14.0,115.88,5.75,90.0,30.0,2.2614884478965034,120,60.0,-46.0,0.5,108.0,
2025-06-19 07:40:44,113.0,88.0,114.98,52.0,111.0,28.0,115.7,63.0,113.99,1.980000000000004,116.0,115.0,2.235900266104875,231,1.0,111.0,0.0,113.0,2.0
2025-06-19 07:40:45,112.6,40.0,114.38,65.0,109.95,38.0,199.8,60.0,113.49,1.7800000000000011,78.0,125.0,2.624503762612457,203,-47.0,-28.0,-0.23,113.0,5.0
2025-06-19 07:40:46,109.97,29.0,113.0,50.0,108.92,38.0,449.0,40.0,111.48,3.030000000000001,67.0,90.0,2.693352928965223,157,-23.0,-46.0,-0.15,111.0,2.0
2025-06-19 07:40:47,109.0,40.0,112.0,40.0,108.0,8.0,456.62,26.0,110.5,3.0,48.0,66.0,2.124375202256912,114,-18.0,-43.0,-0.16,111.0,
2025-06-19 07:40:48,109.0,40.0,112.0,40.0,108.0,8.0,327.25,24.0,110.5,3.0,48.0,64.0,1.6545603645570468,112,-16.0,-2.0,-0.14,111.0,
2025-06-19 07:40:49,109.29,28.0,151.17,52.0,108.91,44.0,333.95,41.0,130.23,41.87999999999998,72.0,93.0,8.468107816978117,165,-21.0,53.0,-0.13,110.0,1.0
2025-06-19 07:40:50,109.12,50.0,264.93,56.0,108.25,16.0,327.16,58.0,187.02,155.81,66.0,114.0,32.99548878255903,180,-48.0,15.0,-0.27,109.0,3.0
2025-06-19 07:40:51,109.27,11.0,262.33,24.0,108.29,7.0,411.63,27.0,185.8,153.06,18.0,51.0,38.82265060502685,69,-33.0,-111.0,-0.48,109.0,
2025-06-19 07:40:52,107.8,30.0,261.25,64.0,105.12,41.0,395.81,64.0,184.53,153.45,71.0,128.0,36.51440441798282,199,-57.0,130.0,-0.29,107.6,5.0
2025-06-19 07:40:53,105.13,30.0,260.27,60.0,103.02,123.0,364.18,66.0,182.7,155.14,153.0,126.0,24.551621738696117,279,27.0,80.0,0.1,104.4,5.0
2025-06-19 07:40:54,104.57,28.0,258.75,32.0,98.42,66.0,426.38,32.0,181.66,154.18,94.0,64.0,2.192149629934929,158,30.0,-121.0,0.19,105.33,3.0
2025-06-19 07:40:55,104.31,59.0,160.77,52.0,98.88,50.0,244.85,52.0,132.54,56.46000000000001,109.0,104.0,22.923151615779517,213,5.0,55.0,0.02,104.0,4.0
2025-06-19 07:40:56,107.36,25.0,171.0,44.0,104.95,22.0,351.53,51.0,139.18,63.64,47.0,95.0,25.92651191348359,142,-48.0,-71.0,-0.34,110.2,5.0
2025-06-19 07:40:57,108.38,32.0,171.0,32.0,106.0,8.0,376.0,40.0,139.69,62.620000000000005,40.0,72.0,24.83468904576819,112,-32.0,-30.0,-0.29,110.2,
2025-06-19 07:40:58,109.0,32.0,170.22,18.0,106.0,8.0,202.06,33.0,139.61,61.22,40.0,51.0,19.86536760294134,91,-11.0,-21.0,-0.12,110.2,
2025-06-19 07:40:59,109.0,52.0,161.41,29.0,107.82,79.0,183.92,24.0,135.21,52.41,131.0,53.0,3.2246596719628378,184,78.0,93.0,0.42,110.2,
2025-06-19 07:41:00,109.0,38.0,142.0,11.0,106.0,11.0,143.0,44.0,125.5,33.0,49.0,55.0,6.072550534987941,104,-6.0,-80.0,-0.06,109.0,1.0
2025-06-19 07:41:01,103.76,29.0,140.82,17.0,72.8,15.0,141.54,13.0,122.29,37.05999999999999,44.0,30.0,8.105991611146635,74,14.0,-30.0,0.19,108.25,4.0
2025-06-19 07:41:04,111.0,47.0,421.0,28.0,99.89,36.0,479.0,28.0,266.0,310.0,83.0,56.0,67.78129992852004,139,27.0,-114.0,0.19,111.0,2.0
2025-06-19 07:41:05,111.0,55.0,409.55,44.0,109.0,53.0,515.18,44.0,260.27,298.55,108.0,88.0,81.92810976703912,196,20.0,57.0,0.1,111.0,
2025-06-19 07:41:06,111.0,36.0,372.92,37.0,109.0,30.0,394.7,40.0,241.96,261.92,66.0,77.0,80.16584609420666,143,-11.0,-53.0,-0.08,111.0,2.0
2025-06-19 07:41:07,111.19,26.0,333.87,30.0,109.25,24.0,371.1,31.0,222.53,222.68,50.0,61.0,53.796479159886,111,-11.0,-32.0,-0.1,111.0,
2025-06-19 07:41:08,110.82,33.0,316.83,46.0,108.41,34.0,318.45,44.0,213.82,206.01,67.0,90.0,22.78767495818874,157,-23.0,46.0,-0.15,111.0,3.0
2025-06-19 07:41:09,109.0,15.0,197.71,21.0,104.0,20.0,251.18,22.0,153.36,88.71000000000001,35.0,43.0,40.54751743325409,78,-8.0,-79.0,-0.1,111.0,
2025-06-19 07:41:10,104.0,44.0,189.48,46.0,78.99,71.0,196.08,52.0,146.74,85.47999999999999,115.0,98.0,42.94742856097473,213,17.0,135.0,0.08,109.0,3.0
2025-06-19 07:41:11,102.43,47.0,192.75,48.0,69.03,111.0,194.91,55.0,147.59,90.32,158.0,103.0,37.97359042808584,261,55.0,48.0,0.21,104.0,4.0
2025-06-19 07:41:12,101.29,28.0,188.0,47.0,93.13,23.0,189.04,45.0,144.64,86.71,51.0,92.0,29.575677507032708,143,-41.0,-118.0,-0.29,104.0,
2025-06-19 07:41:13,87.55,22.0,135.19,47.0,75.28,47.0,148.1,49.0,111.37,47.64,69.0,96.0,16.733154215508318,165,-27.0,22.0,-0.16,102.3,10.0
2025-06-19 07:41:21,88.0,28.0,138.0,31.0,87.0,8.0,333.73,22.0,113.0,50.0,36.0,53.0,8.855601617052711,89,-17.0,7.0,-0.19,101.11,9.0
2025-06-19 07:41:22,89.82,11.0,209.62,26.0,49.77,13.0,562.25,20.0,149.72,119.8,24.0,46.0,24.64881985004468,70,-22.0,-19.0,-0.31,101.11,
2025-06-19 07:41:23,109.08,12.0,201.0,42.0,108.0,10.0,317.97,39.0,155.04,91.92,22.0,81.0,29.980721805853296,103,-59.0,33.0,-0.57,109.0,1.0
2025-06-19 07:41:24,84.75,20.0,285.0,28.0,79.33,12.0,381.61,31.0,184.88,200.25,32.0,59.0,36.18004975120935,91,-27.0,-12.0,-0.3,108.25,4.0
2025-06-19 07:41:27,90.33,27.0,345.29,28.0,71.64,14.0,474.67,36.0,217.81,254.96000000000004,41.0,64.0,49.33676286502833,105,-23.0,27.0,-0.22,104.0,1.0
2025-06-19 07:41:28,104.0,60.0,208.32,47.0,45.35,26.0,337.27,40.0,156.16,104.32,86.0,87.0,49.05503205584559,173,-1.0,68.0,-0.01,104.0,
2025-06-19 07:41:29,104.0,25.0,168.8,20.0,41.2,15.0,335.67,18.0,136.4,64.80000000000001,40.0,38.0,58.04572275370537,78,2.0,-95.0,0.03,104.0,
2025-06-19 07:41:30,104.58,31.0,167.45,44.0,61.35,26.0,476.03,35.0,136.02,62.86999999999999,57.0,79.0,64.07297542646214,136,-22.0,58.0,-0.16,104.0,3.0
2025-06-19 07:41:31,107.55,42.0,165.71,56.0,106.28,36.0,255.33,60.0,136.63,58.16000000000001,78.0,116.0,35.27476052363781,194,-38.0,58.0,-0.2,104.0,
2025-06-19 07:41:32,110.0,24.0,164.33,24.0,109.0,6.0,262.0,30.0,137.17,54.33000000000001,30.0,54.0,8.777512745646233,84,-24.0,-110.0,-0.29,104.0,
2025-06-19 07:41:33,110.0,36.0,163.56,36.0,109.0,9.0,306.48,29.0,136.78,53.56,45.0,65.0,0.4285440467192968,110,-20.0,26.0,-0.18,104.0,
2025-06-19 07:41:34,110.0,32.0,153.29,34.0,109.0,8.0,237.97,31.0,131.65,43.28999999999999,40.0,65.0,2.2740162708251983,105,-25.0,-5.0,-0.24,104.0,
2025-06-19 07:41:35,110.0,17.0,128.75,24.0,109.0,8.0,130.0,40.0,119.38,18.75,25.0,64.0,7.580941234436193,89,-39.0,-16.0,-0.44,110.0,3.0
2025-06-19 07:41:36,110.0,6.0,126.29,21.0,109.0,6.0,127.43,21.0,118.14,16.290000000000006,12.0,42.0,9.27465524965601,54,-30.0,-35.0,-0.56,110.0,
2025-06-19 07:41:37,110.0,14.0,122.91,44.0,109.0,14.0,123.88,49.0,116.45,12.909999999999997,28.0,93.0,9.129422216108107,121,-65.0,67.0,-0.54,110.0,
2025-06-19 07:41:38,104.95,21.0,119.61,28.0,92.9,21.0,120.9,30.0,112.28,14.659999999999997,42.0,58.0,7.2609469079428015,100,-16.0,-21.0,-0.16,105.8,10.0
2025-06-19 07:41:39,87.8,30.0,116.0,41.0,73.47,38.0,117.45,33.0,101.9,28.200000000000003,68.0,74.0,7.08467359868886,142,-6.0,42.0,-0.04,105.8,
2025-06-19 07:41:40,103.33,63.0,113.92,48.0,73.8,49.0,117.0,36.0,108.62,10.590000000000003,112.0,84.0,6.512535604505906,196,28.0,54.0,0.14,105.8,
2025-06-19 07:41:41,104.0,116.0,112.17,41.0,82.18,22.0,114.03,39.0,108.09,8.170000000000002,138.0,80.0,5.397876434298527,218,58.0,22.0,0.27,107.0,2.0
2025-06-19 07:41:42,104.0,86.0,108.73,30.0,87.68,25.0,109.48,21.0,106.37,4.730000000000004,111.0,51.0,3.777442256336111,162,60.0,-56.0,0.37,104.0,2.0
2025-06-19 07:41:43,104.14,42.0,106.93,27.0,97.14,42.0,107.63,27.0,105.53,2.7900000000000063,84.0,54.0,2.662155141976609,138,30.0,-24.0,0.22,106.8,5.0
2025-06-19 07:41:44,104.01,72.0,112.74,27.0,58.95,19.0,206.32,38.0,108.38,8.72999999999999,91.0,65.0,1.3677243874237264,156,26.0,18.0,0.17,105.0,5.0
2025-06-19 07:41:45,104.08,48.0,114.76,17.0,100.8,40.0,232.32,38.0,109.42,10.680000000000009,88.0,55.0,1.5771715188760345,143,33.0,-13.0,0.23,105.0,1.0
2025-06-19 07:41:46,104.0,13.0,113.86,7.0,100.0,14.0,347.0,14.0,108.93,9.86,27.0,21.0,1.688795428686932,48,6.0,-95.0,0.12,104.0,3.0
2025-06-19 07:41:47,104.0,52.0,112.7,10.0,83.0,10.0,346.0,15.0,108.35,8.700000000000003,62.0,25.0,1.514486711712654,87,37.0,39.0,0.43,104.0,
2025-06-19 07:41:48,104.0,74.0,111.0,13.0,83.83,48.0,201.73,22.0,107.5,7.0,122.0,35.0,0.7188393422417358,157,87.0,70.0,0.55,104.0,5.0
2025-06-19 07:41:49,106.18,33.0,110.12,8.0,79.66,35.0,230.83,24.0,108.15,3.9399999999999977,68.0,32.0,0.7368514096848106,100,36.0,-57.0,0.36,104.0,
2025-06-19 07:41:50,108.0,60.0,205.22,23.0,104.0,30.0,251.12,34.0,156.61,97.22,90.0,57.0,21.641104870129958,147,33.0,47.0,0.22,109.0,1.0
2025-06-19 07:41:51,108.0,60.0,182.75,24.0,104.0,36.0,223.0,48.0,145.38,74.75,96.0,72.0,23.88375745145576,168,24.0,21.0,0.14,108.0,4.0
2025-06-19 07:41:52,108.0,28.0,190.94,34.0,107.0,11.0,269.07,27.0,149.47,82.94,39.0,61.0,23.710965184909185,100,-22.0,-68.0,-0.22,108.0,
2025-06-19 07:41:53,109.88,32.0,379.14,28.0,107.84,19.0,384.14,14.0,244.51,269.26,51.0,42.0,50.40606392092124,93,9.0,-7.0,0.1,108.0,
2025-06-19 07:41:54,111.0,48.0,197.21,33.0,108.0,24.0,355.33,42.0,154.11,86.21000000000001,72.0,75.0,41.86630005147345,147,-3.0,54.0,-0.02,108.0,
2025-06-19 07:41:55,110.7,40.0,119.04,46.0,107.82,22.0,212.71,31.0,114.87,8.340000000000003,62.0,77.0,48.79565369989421,139,-15.0,-8.0,-0.11,110.4,5.0
2025-06-19 07:41:56,108.0,12.0,116.5,48.0,107.0,12.0,153.67,48.0,112.25,8.5,24.0,96.0,53.57560937590905,120,-72.0,-19.0,-0.6,110.4,
2025-06-19 07:41:57,108.0,8.0,118.9,31.0,107.0,8.0,252.5,32.0,113.45,10.900000000000006,16.0,63.0,56.83472283736403,79,-47.0,-41.0,-0.59,110.4,
2025-06-19 07:41:58,108.88,17.0,117.0,22.0,107.71,7.0,118.0,27.0,112.94,8.120000000000005,24.0,49.0,18.241468690869397,73,-25.0,-6.0,-0.34,110.4,
2025-06-19 07:41:59,109.28,29.0,115.2,40.0,108.4,15.0,163.35,37.0,112.24,5.920000000000002,44.0,77.0,1.08749712641526,121,-33.0,48.0,-0.27,113.0,1.0
2025-06-19 07:42:00,109.0,23.0,114.11,27.0,108.0,9.0,202.9,29.0,111.56,5.109999999999999,32.0,56.0,0.7261335964964813,88,-24.0,-33.0,-0.27,109.0,2.0
2025-06-19 07:42:01,107.71,21.0,111.46,39.0,107.2,15.0,112.92,39.0,109.59,3.75,36.0,78.0,1.502973718985299,114,-42.0,26.0,-0.37,107.5,4.0
2025-06-19 07:42:02,106.0,104.0,109.33,36.0,104.0,36.0,110.33,36.0,107.67,3.3299999999999983,140.0,72.0,2.150104648606573,212,68.0,98.0,0.32,106.0,4.0
2025-06-19 07:42:03,106.0,29.0,109.22,27.0,104.0,27.0,110.22,27.0,107.61,3.219999999999999,56.0,54.0,2.145141020995765,110,2.0,-102.0,0.02,107.8,5.0
2025-06-19 07:42:04,105.44,25.0,108.88,24.0,100.57,21.0,111.0,24.0,107.16,3.4399999999999977,46.0,48.0,1.843276973207758,94,-2.0,-16.0,-0.02,106.0,3.0
2025-06-19 07:42:05,104.0,48.0,106.92,36.0,77.0,24.0,108.5,36.0,105.46,2.9200000000000017,72.0,72.0,1.4736247826217403,144,0.0,50.0,0.0,106.0,
2025-06-19 07:42:06,104.0,32.0,140.44,16.0,77.0,16.0,251.07,27.0,122.22,36.44,48.0,43.0,6.876476568705736,91,5.0,-53.0,0.05,106.5,6.0
2025-06-19 07:42:07,104.0,49.0,147.06,34.0,95.67,30.0,337.12,50.0,125.53,43.06,79.0,84.0,9.49002792408758,163,-5.0,72.0,-0.03,106.5,
2025-06-19 07:42:08,103.49,101.0,164.0,32.0,67.94,114.0,402.38,64.0,133.74,60.510000000000005,215.0,96.0,12.182319976095132,311,119.0,148.0,0.38,106.75,8.0
2025-06-19 07:42:09,106.72,25.0,162.85,52.0,105.62,74.0,257.17,24.0,134.78,56.13,99.0,76.0,11.829183403767612,175,23.0,-136.0,0.13,107.5,2.0
2025-06-19 07:42:10,106.0,8.0,162.0,40.0,105.0,24.0,199.47,30.0,134.0,56.0,32.0,70.0,5.773446111290545,102,-38.0,-73.0,-0.37,107.5,
2025-06-19 07:42:11,109.16,19.0,155.29,28.0,105.29,17.0,166.46,35.0,132.22,46.13,36.0,63.0,3.7633336285768735,99,-27.0,-3.0,-0.27,107.5,
2025-06-19 07:42:12,107.6,15.0,155.02,42.0,105.07,29.0,159.96,27.0,131.31,47.420000000000016,44.0,69.0,1.4106735979589906,113,-25.0,14.0,-0.22,107.5,
2025-06-19 07:42:13,106.29,28.0,156.0,45.0,104.54,52.0,157.12,33.0,131.14,49.71,80.0,78.0,1.6288032416403575,158,2.0,45.0,0.01,105.5,2.0
2025-06-19 07:42:14,107.0,92.0,153.27,55.0,105.0,22.0,154.16,19.0,130.14,46.27000000000001,114.0,74.0,1.4526252097417789,188,40.0,30.0,0.21,105.5,
2025-06-19 07:42:15,107.58,60.0,150.1,50.0,106.47,30.0,151.1,50.0,128.84,42.52,90.0,100.0,1.2888754788483212,190,-10.0,2.0,-0.05,107.0,5.0
2025-06-19 07:42:16,108.73,56.0,144.92,26.0,105.0,144.0,146.86,44.0,126.83,36.18999999999998,200.0,70.0,1.859050833080046,270,130.0,80.0,0.48,109.0,3.0
2025-06-19 07:42:17,109.0,20.0,141.59,34.0,105.0,220.0,142.4,30.0,125.29,32.59,240.0,64.0,2.3903075115923063,304,176.0,34.0,0.58,109.0,
