DateTime,Bid1_Price,Bid1_Volume,Ask1_Price,Ask1_Volume,Bid2_Price,Bid2_Volume,Ask2_Price,Ask2_Volume,Mid-Price,Bid_Ask_Spread,Market_Depth_Bid,Market_Depth_Ask,Historical_Volatility,Total_volume,Cumulative_Volume_Difference,Total_Volume_Change_Corrected,Order_imbalance,Weighted_Avg_Price,Trade_Volume
2025-03-19 07:30:02,161.45,31.0,223.0,10.0,142.69,13.0,475.0,4.0,192.23,61.55000000000001,44.0,14.0,,58,30.0,54.0,0.52,,
2025-03-19 07:30:03,167.16,19.0,223.0,15.0,156.71,14.0,410.0,12.0,195.08,55.84,33.0,27.0,,60,6.0,2.0,0.1,,
2025-03-19 07:30:04,169.25,24.0,222.89,37.0,167.0,64.0,402.05,21.0,196.07,53.63999999999999,88.0,58.0,87.28976933180658,146,30.0,86.0,0.21,,
2025-03-19 07:30:05,173.05,57.0,213.81,57.0,171.81,97.0,218.3,43.0,193.43,40.75999999999999,154.0,100.0,44.61282293242606,254,54.0,108.0,0.21,,
2025-03-19 07:30:06,174.6,15.0,205.0,25.0,172.0,40.0,208.0,10.0,189.8,30.40000000000001,55.0,35.0,2.462248971976897,90,20.0,-164.0,0.22,,
2025-03-19 07:30:07,177.42,43.0,203.0,14.0,175.22,36.0,205.0,35.0,190.21,25.580000000000013,79.0,49.0,2.825184949698209,128,30.0,38.0,0.23,,
2025-03-19 07:30:08,178.0,72.0,199.72,29.0,175.0,27.0,202.92,24.0,188.86,21.72,99.0,53.0,2.9992549074730617,152,46.0,24.0,0.3,200.0,3.0
2025-03-19 07:30:09,178.0,80.0,195.56,36.0,175.0,30.0,196.4,40.0,186.78,17.560000000000002,110.0,76.0,2.4159739237006064,186,34.0,34.0,0.18,200.0,
2025-03-19 07:30:10,179.21,38.0,194.26,38.0,178.03,89.0,195.77,71.0,186.74,15.049999999999985,127.0,109.0,1.6429607420755008,236,18.0,50.0,0.08,200.0,
2025-03-19 07:30:11,180.24,114.0,192.14,51.0,179.07,123.0,193.51,55.0,186.19,11.899999999999975,237.0,106.0,1.708663220181579,343,131.0,107.0,0.38,200.0,
2025-03-19 07:30:12,182.33,27.0,192.0,36.0,180.0,27.0,193.0,27.0,187.17,9.669999999999987,54.0,63.0,1.018709968539261,117,-9.0,-170.5,-0.08,200.0,
2025-03-19 07:30:13,183.94,53.0,190.75,48.0,182.73,33.0,192.57,37.0,187.35,6.810000000000002,86.0,85.0,0.4485866694421994,171,1.0,54.0,0.01,200.0,
2025-03-19 07:30:14,186.38,39.0,189.12,51.0,185.1,49.0,192.12,41.0,187.75,2.740000000000009,88.0,92.0,0.5978294071064406,180,-4.0,9.0,-0.02,191.31,13.0
2025-03-19 07:30:15,193.57,28.0,203.62,8.0,187.33,36.0,319.14,14.0,198.6,10.050000000000011,64.0,22.0,5.168202782399426,86,42.0,-94.0,0.49,196.0,2.0
2025-03-19 07:30:16,203.41,59.0,218.0,15.0,198.52,63.0,343.54,26.0,210.7,14.590000000000003,122.0,41.0,10.362081354631467,163,81.0,77.0,0.5,196.0,
2025-03-19 07:30:17,203.5,30.0,217.17,24.0,200.75,40.0,351.2,10.0,210.33,13.669999999999987,70.0,34.0,11.485744642817076,104,36.0,-59.0,0.35,204.0,3.0
2025-03-19 07:30:18,203.27,52.0,215.87,71.0,199.99,72.0,252.38,16.0,209.57,12.599999999999994,124.0,87.0,10.09140475850618,211,37.0,107.0,0.18,204.0,
2025-03-19 07:30:19,203.91,44.0,212.57,35.0,202.45,89.0,213.98,55.0,208.24,8.659999999999997,133.0,90.0,5.056942752296222,223,43.0,12.0,0.19,205.0,3.0
2025-03-19 07:30:20,203.0,48.0,211.78,32.0,202.0,102.0,212.2,44.0,207.39,8.780000000000001,150.0,76.0,1.4009746607277604,226,74.0,3.0,0.33,205.0,
2025-03-19 07:30:21,203.0,68.0,209.56,41.0,201.96,100.0,210.28,25.0,206.28,6.560000000000002,168.0,66.0,1.6299294463262235,234,102.0,8.0,0.44,205.0,
2025-03-19 07:30:22,203.0,38.0,207.09,44.0,201.0,54.0,208.33,12.0,205.05,4.090000000000003,92.0,56.0,1.7426502804640291,148,36.0,-86.0,0.24,203.0,1.0
2025-03-19 07:30:23,203.0,39.0,206.65,26.0,201.0,104.0,207.1,41.0,204.83,3.6500000000000057,143.0,67.0,1.4712817541183187,210,76.0,62.0,0.36,206.5,2.0
2025-03-19 07:30:24,201.44,72.0,207.56,25.0,200.75,55.0,257.13,30.0,204.5,6.1200000000000045,127.0,55.0,1.201186913016281,182,72.0,-28.0,0.4,203.0,3.0
2025-03-19 07:30:25,201.0,72.0,211.05,19.0,199.0,9.0,212.6,10.0,206.03,10.050000000000011,81.0,29.0,0.7761249899350275,110,52.0,-72.0,0.47,203.0,
2025-03-19 07:30:26,201.0,96.0,208.35,52.0,199.0,12.0,209.58,36.0,204.67,7.349999999999994,108.0,88.0,0.602063119615953,196,20.0,86.0,0.1,203.0,
2025-03-19 07:30:27,201.0,84.0,204.75,48.0,199.0,16.0,205.94,48.0,202.88,3.75,100.0,96.0,1.1257752884131658,196,4.0,0.0,0.02,201.0,4.0
2025-03-19 07:30:28,198.68,31.0,202.13,55.0,197.38,13.0,205.13,47.0,200.4,3.4499999999999886,44.0,102.0,2.154769129164852,146,-58.0,-50.0,-0.4,199.57,7.0
2025-03-19 07:30:29,197.0,60.0,199.4,30.0,192.0,10.0,201.0,50.0,198.2,2.4000000000000057,70.0,80.0,3.1699258666413668,150,-10.0,4.0,-0.07,199.57,
2025-03-19 07:30:30,190.91,45.0,198.97,38.0,189.25,16.0,247.04,49.0,194.94,8.060000000000002,61.0,87.0,3.836315941108377,148,-26.0,-2.0,-0.18,195.5,8.0
2025-03-19 07:30:31,183.23,65.0,194.0,45.0,179.38,86.0,206.0,18.0,188.62,10.77000000000001,151.0,63.0,5.523632862528315,214,88.0,66.0,0.41,190.0,1.0
2025-03-19 07:30:32,184.0,112.0,194.77,26.0,157.74,70.0,201.98,47.0,189.38,10.77000000000001,182.0,73.0,5.227286102749989,255,109.0,41.0,0.43,195.27,11.0
2025-03-19 07:30:33,185.67,36.0,196.15,13.0,174.18,44.0,197.31,13.0,190.91,10.480000000000018,80.0,26.0,4.053393639902666,106,54.0,-149.0,0.51,196.0,1.0
2025-03-19 07:30:34,186.1,127.0,196.0,12.0,180.45,88.0,198.0,12.0,191.05,9.900000000000006,215.0,24.0,2.440338091331528,239,191.0,133.0,0.8,196.0,
2025-03-19 07:30:35,188.71,84.0,196.0,7.0,183.0,56.0,198.0,7.0,192.36,7.289999999999992,140.0,14.0,1.475848908257103,154,126.0,-85.0,0.82,196.0,
2025-03-19 07:30:36,189.0,36.0,195.4,5.0,183.0,24.0,197.33,3.0,192.2,6.400000000000006,60.0,8.0,1.2002708027789313,68,52.0,-86.0,0.76,196.0,
2025-03-19 07:30:37,189.0,60.0,194.8,15.0,183.0,40.0,196.0,5.0,191.9,5.800000000000011,100.0,20.0,0.6653795909129584,120,80.0,52.0,0.67,196.0,
2025-03-19 07:30:38,189.74,65.0,195.19,16.0,183.38,95.0,200.54,39.0,192.46,5.449999999999989,160.0,55.0,0.5686651035569689,215,105.0,95.0,0.49,193.75,4.0
2025-03-19 07:30:39,192.33,3.0,198.0,3.0,190.0,36.0,199.0,12.0,195.17,5.669999999999988,39.0,15.0,1.3317732539750595,54,24.0,-161.0,0.44,193.75,
2025-03-19 07:30:40,193.62,8.0,201.0,16.0,190.37,41.0,393.27,26.0,197.31,7.3799999999999955,49.0,42.0,2.353841540971512,91,7.0,37.0,0.08,199.17,6.0
2025-03-19 07:30:41,194.99,100.0,201.0,18.0,193.89,9.0,412.72,43.0,198.0,6.009999999999991,109.0,61.0,2.7577835303016287,170,48.0,79.0,0.28,199.17,
2025-03-19 07:30:42,195.02,119.0,201.0,20.0,194.75,32.0,286.87,46.0,198.01,5.97999999999999,151.0,66.0,2.3872683133662784,217,85.0,47.0,0.39,199.17,
2025-03-19 07:30:43,197.89,65.0,286.74,27.0,195.13,77.0,368.98,50.0,242.32,88.85000000000002,142.0,77.0,20.24633473001966,219,65.0,2.0,0.3,200.0,3.0
2025-03-19 07:30:44,198.65,94.0,284.4,10.0,199.33,30.0,358.0,50.0,241.52,85.74999999999997,124.0,60.0,24.183444130230875,184,64.0,-35.0,0.35,200.0,
2025-03-19 07:30:45,200.76,21.0,227.96,47.0,199.99,111.0,254.05,19.0,214.36,27.200000000000017,132.0,66.0,22.10179675953965,198,66.0,14.0,0.33,202.0,1.0
2025-03-19 07:30:46,200.0,55.0,226.8,5.0,199.0,5.0,375.81,21.0,213.4,26.80000000000001,60.0,26.0,19.37622305817097,86,34.0,-112.0,0.4,200.0,4.0
2025-03-19 07:30:47,200.0,28.0,226.0,4.0,199.0,4.0,563.75,20.0,213.0,26.0,32.0,24.0,15.529249820902352,56,8.0,-30.0,0.14,200.0,
2025-03-19 07:30:48,201.0,30.0,226.0,5.0,199.0,5.0,615.74,19.0,213.5,25.0,35.0,24.0,12.511677745210578,59,11.0,3.0,0.19,201.0,5.0
2025-03-19 07:30:49,202.22,9.0,225.0,6.0,200.75,8.0,650.27,22.0,213.61,22.78,17.0,28.0,0.496064511932795,45,-11.0,-14.0,-0.24,201.0,
2025-03-19 07:30:50,202.0,4.0,223.75,4.0,198.0,16.0,669.5,20.0,212.88,21.75,20.0,24.0,0.3201874450992957,44,-4.0,-1.0,-0.09,201.0,
2025-03-19 07:30:51,203.67,42.0,222.11,9.0,202.27,15.0,569.67,45.0,212.89,18.440000000000023,57.0,54.0,0.3513260593796746,111,3.0,67.0,0.03,204.0,2.0
2025-03-19 07:31:07,203.17,30.0,293.64,39.0,201.33,63.0,294.77,47.0,248.4,90.47,93.0,86.0,3.6569891987779,179,7.0,52.0,0.04,203.29,7.0
2025-03-19 07:31:08,202.0,27.0,288.62,26.0,200.0,45.0,290.23,22.0,245.31,86.62,72.0,48.0,4.425140675727647,120,24.0,-59.0,0.2,203.29,
2025-03-19 07:31:09,200.0,12.0,287.0,16.0,199.0,8.0,288.0,4.0,243.5,87.0,20.0,20.0,4.655754503835059,40,0.0,-80.0,0.0,201.2,5.0
2025-03-19 07:31:10,203.51,51.0,283.34,38.0,202.67,94.0,284.52,31.0,243.43,79.82999999999998,145.0,69.0,3.886917802061361,214,76.0,169.5,0.36,204.0,1.0
2025-03-19 07:31:11,203.52,23.0,266.0,35.0,201.2,15.0,281.0,28.0,234.76,62.47999999999999,38.0,63.0,5.069432907138942,101,-25.0,-113.0,-0.25,203.78,9.0
2025-03-19 07:31:12,203.0,7.0,264.93,15.0,200.0,21.0,268.23,26.0,233.97,61.93000000000001,28.0,41.0,5.38148027962423,69,-13.0,-32.0,-0.19,203.78,
2025-03-19 07:31:13,203.0,9.0,262.74,27.0,200.0,27.0,263.92,13.0,232.87,59.74000000000001,36.0,40.0,5.299955660190532,76,-4.0,7.0,-0.05,203.78,
2025-03-19 07:31:14,203.0,14.0,261.9,29.0,200.0,42.0,262.97,36.0,232.45,58.89999999999998,56.0,65.0,4.5274915792286885,121,-9.0,45.0,-0.07,203.78,
2025-03-19 07:31:15,203.0,12.0,259.17,18.0,200.0,36.0,261.86,42.0,231.08,56.170000000000016,48.0,60.0,1.4178258002969648,108,-12.0,-13.0,-0.11,203.78,
2025-03-19 07:31:16,203.0,5.0,257.6,20.0,200.0,15.0,259.0,5.0,230.3,54.60000000000002,20.0,25.0,1.4566159411417048,45,-5.0,-63.0,-0.11,203.78,
2025-03-19 07:31:17,203.0,13.0,255.61,41.0,200.46,39.0,256.68,19.0,229.3,52.610000000000014,52.0,60.0,1.4820425095079304,112,-8.0,67.0,-0.07,203.78,
2025-03-19 07:31:18,203.36,14.0,251.4,53.0,202.01,79.0,252.56,39.0,227.38,48.03999999999999,93.0,92.0,1.9079622637749047,185,1.0,73.0,0.01,203.78,
2025-03-19 07:31:19,202.71,17.0,248.82,22.0,201.24,17.0,249.89,27.0,225.76,46.10999999999999,34.0,49.0,2.1765752915967957,83,-15.0,-102.0,-0.18,203.4,5.0
2025-03-19 07:31:20,201.79,38.0,242.59,54.0,200.71,42.0,243.96,46.0,222.19,40.80000000000001,80.0,100.0,3.2014496716316634,180,-20.0,97.0,-0.11,201.75,4.0
2025-03-19 07:31:21,201.27,22.0,238.74,54.0,200.33,36.0,239.71,49.0,220.01,37.47,58.0,103.0,3.791512890653467,161,-45.0,-19.0,-0.28,201.75,
2025-03-19 07:31:22,199.59,151.0,235.8,40.0,198.07,98.0,236.04,46.0,217.69,36.21000000000001,249.0,86.0,3.994312206124147,335,163.0,169.5,0.49,199.33,3.0
2025-03-19 07:31:23,203.0,121.0,229.82,17.0,200.0,22.0,232.71,31.0,216.41,26.819999999999997,143.0,48.0,3.719854835876425,191,95.0,-144.0,0.5,199.33,
2025-03-19 07:31:24,203.0,80.0,227.0,28.0,200.0,14.0,229.0,7.0,215.0,24.0,94.0,35.0,2.8671588724718537,129,59.0,-62.0,0.46,199.33,
2025-03-19 07:31:25,203.0,52.0,225.71,34.0,200.0,20.0,226.62,16.0,214.35,22.710000000000008,72.0,50.0,2.2601150413186293,122,22.0,-7.0,0.18,199.33,
2025-03-19 07:31:26,203.0,33.0,220.85,20.0,200.0,22.0,222.11,38.0,211.93,17.849999999999994,55.0,58.0,2.1818982561052875,113,-3.0,-9.0,-0.03,199.33,
2025-03-19 07:31:31,203.0,33.0,207.18,34.0,202.0,33.0,239.7,33.0,205.09,4.180000000000007,66.0,67.0,2.301797123987602,133,-1.0,-55.0,-0.01,199.33,
2025-03-19 07:31:32,203.0,21.0,205.4,20.0,202.0,30.0,207.0,40.0,204.2,2.4000000000000057,51.0,60.0,2.700401821951337,111,-9.0,-22.0,-0.08,203.0,1.0
2025-03-19 07:31:33,203.0,16.0,204.38,16.0,202.0,24.0,207.0,32.0,203.69,1.3799999999999957,40.0,48.0,2.492314185651285,88,-8.0,-23.0,-0.09,203.0,
2025-03-19 07:31:34,202.05,38.0,235.54,26.0,200.22,27.0,370.67,30.0,218.8,33.48999999999998,65.0,56.0,6.289024566655619,121,9.0,33.0,0.07,203.0,2.0
2025-03-19 07:31:35,202.0,36.0,224.82,17.0,200.0,24.0,276.17,24.0,213.41,22.819999999999997,60.0,41.0,6.745462919622149,101,19.0,-20.0,0.19,203.0,
2025-03-19 07:31:36,202.0,84.0,230.95,19.0,200.0,26.0,262.45,22.0,216.47,28.94999999999999,110.0,41.0,6.995572171023347,151,69.0,50.0,0.46,203.0,
2025-03-19 07:31:37,202.0,71.0,234.42,31.0,200.0,26.0,281.15,26.0,218.21,32.41999999999999,97.0,57.0,6.193583776780197,154,40.0,3.0,0.26,202.0,6.0
2025-03-19 07:31:38,203.81,128.0,228.41,39.0,202.0,32.0,233.54,41.0,216.11,24.599999999999994,160.0,80.0,2.11336225006352,240,80.0,86.0,0.33,202.0,
2025-03-19 07:31:39,204.0,90.0,229.14,35.0,202.0,30.0,231.25,40.0,216.57,25.139999999999983,120.0,75.0,1.7343240758271627,195,45.0,-45.0,0.23,204.0,2.0
2025-03-19 07:31:50,202.0,12.0,207.42,48.0,200.0,48.0,211.0,24.0,204.71,5.419999999999988,60.0,72.0,1.7321460677429124,132,-12.0,56.0,-0.09,204.0,
2025-03-19 07:31:51,202.0,12.0,204.33,30.0,200.0,48.0,205.7,27.0,203.17,2.3300000000000125,60.0,57.0,2.2448340695912776,117,3.0,-15.0,0.03,204.0,3.0
2025-03-19 07:31:52,200.67,24.0,202.22,41.0,199.31,58.0,203.3,20.0,201.44,1.5500000000000114,82.0,61.0,2.612332291267381,143,21.0,26.0,0.15,202.0,1.0
2025-03-19 07:31:53,199.93,45.0,201.62,32.0,198.42,77.0,247.29,28.0,200.78,1.6899999999999975,122.0,60.0,2.454662909647442,182,62.0,39.0,0.34,200.33,6.0
2025-03-19 07:31:54,201.05,74.0,204.0,14.0,198.82,100.0,436.46,26.0,202.53,2.9499999999999886,174.0,40.0,1.5339915254000434,214,134.0,32.0,0.63,201.0,3.0
2025-03-19 07:31:55,202.5,18.0,204.0,13.0,200.72,50.0,676.38,13.0,203.25,1.5,68.0,26.0,1.0886367621935489,94,42.0,-120.0,0.45,202.0,3.0
2025-03-19 07:31:56,202.12,25.0,204.0,14.0,200.13,94.0,527.57,14.0,203.06,1.8799999999999957,119.0,28.0,1.065865845216586,147,91.0,53.0,0.62,203.0,1.0
2025-03-19 07:31:57,202.25,24.0,221.44,16.0,200.32,95.0,493.5,16.0,211.84,19.19,119.0,32.0,4.330550773284897,151,87.0,4.0,0.58,202.33,3.0
2025-03-19 07:31:58,201.0,22.0,297.48,25.0,199.93,91.0,437.5,14.0,249.24,96.48000000000002,113.0,39.0,20.083132972721025,152,74.0,1.0,0.49,200.29,7.0
2025-03-19 07:31:59,201.43,56.0,294.0,20.0,199.5,16.0,524.6,10.0,247.71,92.57,72.0,30.0,23.5123977935044,102,42.0,-50.0,0.41,200.29,
2025-03-19 07:32:00,202.15,104.0,293.0,26.0,200.0,26.0,417.77,13.0,247.58,90.85,130.0,39.0,22.531324417352533,169,91.0,67.0,0.54,200.29,
2025-03-19 07:32:01,203.68,96.0,292.0,28.0,200.0,28.0,437.0,14.0,247.84,88.32,124.0,42.0,16.226401942512762,166,82.0,-3.0,0.49,203.5,2.0
2025-03-19 07:32:09,203.0,16.0,209.5,16.0,202.0,96.0,210.71,28.0,206.25,6.5,112.0,44.0,2.888316118432038,156,68.0,21.0,0.44,203.5,
2025-03-19 07:32:10,202.0,63.0,208.47,17.0,200.0,14.0,209.29,17.0,205.24,6.469999999999999,77.0,34.0,3.086491535707676,111,43.0,-45.0,0.39,202.4,5.0
2025-03-19 07:32:11,202.59,88.0,205.32,44.0,201.86,116.0,272.95,74.0,203.95,2.7299999999999898,204.0,118.0,2.9982544921997456,322,86.0,169.5,0.27,203.0,6.0
2025-03-19 07:32:12,202.0,66.0,205.27,37.0,200.27,22.0,295.82,55.0,203.64,3.2700000000000102,88.0,92.0,2.036607473225205,180,-4.0,-142.0,-0.02,202.25,4.0
2025-03-19 07:32:13,201.57,28.0,203.73,41.0,199.22,23.0,280.95,42.0,202.65,2.1599999999999966,51.0,83.0,1.4103297486748685,134,-32.0,-46.0,-0.24,202.0,6.0
2025-03-19 07:32:14,200.0,16.0,202.24,25.0,198.0,24.0,203.48,31.0,201.12,2.240000000000009,40.0,56.0,1.5390419097600463,96,-16.0,-38.0,-0.17,202.0,
2025-03-19 07:32:15,198.49,41.0,201.62,32.0,197.75,40.0,230.0,42.0,200.06,3.1299999999999955,81.0,74.0,1.6620258722409804,155,7.0,59.0,0.05,200.0,2.0
2025-03-19 07:32:16,196.12,50.0,323.12,43.0,186.18,34.0,357.86,21.0,259.62,127.0,84.0,64.0,25.864361967773185,148,20.0,-7.0,0.14,197.5,4.0
2025-03-19 07:32:19,196.17,23.0,250.17,12.0,183.68,19.0,591.0,11.0,223.17,54.0,42.0,23.0,74.67984955796277,65,19.0,-7.0,0.29,197.5,
2025-03-19 07:32:20,204.0,12.0,248.92,25.0,197.0,60.0,284.0,25.0,226.46,44.91999999999999,72.0,50.0,68.28272936841313,122,22.0,57.0,0.18,200.67,3.0
2025-03-19 07:32:28,201.13,15.0,223.92,36.0,198.14,65.0,225.0,24.0,212.52,22.789999999999992,80.0,60.0,2.782594113412193,140,20.0,32.0,0.14,203.0,2.0
2025-03-19 07:32:34,203.65,23.0,208.48,27.0,202.23,26.0,209.28,25.0,206.07,4.829999999999984,49.0,52.0,2.9777122090627026,101,-3.0,-23.0,-0.03,208.0,1.0
2025-03-19 07:32:35,202.4,20.0,203.95,19.0,200.44,54.0,204.95,44.0,203.17,1.549999999999983,74.0,63.0,3.600309708900442,137,11.0,36.0,0.08,203.0,4.0
2025-03-19 07:32:36,200.83,48.0,203.29,24.0,199.91,44.0,204.73,48.0,202.06,2.4599999999999795,92.0,72.0,3.5614786255155817,164,20.0,27.0,0.12,200.8,5.0
2025-03-19 07:32:37,200.04,46.0,202.98,56.0,199.15,26.0,361.76,49.0,201.51,2.9399999999999977,72.0,105.0,3.211912203035089,177,-33.0,13.0,-0.19,201.33,3.0
2025-03-19 07:32:38,201.78,9.0,203.0,45.0,200.0,36.0,459.0,45.0,202.39,1.2199999999999989,45.0,90.0,1.797331355094756,135,-45.0,-42.0,-0.33,201.33,
2025-03-19 07:32:39,198.2,40.0,202.36,70.0,197.29,56.0,418.29,70.0,200.28,4.160000000000025,96.0,140.0,1.078596310028744,236,-44.0,101.0,-0.19,200.0,4.0
2025-03-19 07:32:40,198.75,48.0,201.12,80.0,197.58,31.0,284.48,52.0,199.94,2.3700000000000045,79.0,132.0,1.0815867972604476,211,-53.0,-25.0,-0.25,200.0,3.0
2025-03-19 07:32:41,197.5,18.0,248.84,50.0,196.08,37.0,285.39,38.0,223.17,51.34,55.0,88.0,9.949551246162056,143,-33.0,-68.0,-0.23,198.0,3.0
2025-03-19 07:32:42,196.32,31.0,257.7,30.0,195.36,55.0,262.45,33.0,227.01,61.38,86.0,63.0,13.368117668542611,149,23.0,6.0,0.15,198.0,
2025-03-19 07:32:43,196.0,30.0,255.84,38.0,195.0,47.0,261.42,19.0,225.92,59.84,77.0,57.0,13.904755661283575,134,20.0,-15.0,0.15,198.0,
2025-03-19 07:32:44,197.33,54.0,253.51,37.0,189.33,82.0,254.02,41.0,225.42,56.17999999999998,136.0,78.0,11.462864825164518,214,58.0,80.0,0.27,195.75,4.0
2025-03-19 07:32:45,202.0,35.0,250.47,15.0,195.0,42.0,251.07,27.0,226.23,48.47,77.0,42.0,1.4501896427674985,119,35.0,-95.0,0.29,195.75,
2025-03-19 07:32:46,202.0,70.0,247.39,18.0,196.8,75.0,249.14,66.0,224.69,45.38999999999999,145.0,84.0,0.8696723520900747,229,61.0,110.0,0.27,195.75,
2025-03-19 07:32:47,202.0,38.0,245.3,10.0,198.0,50.0,247.0,50.0,223.65,43.30000000000001,88.0,60.0,1.035456421096698,148,28.0,-81.0,0.19,202.0,2.0
2025-03-19 07:32:48,199.95,37.0,244.45,11.0,197.57,35.0,247.0,55.0,222.2,44.5,72.0,66.0,1.5707227635680836,138,6.0,-10.0,0.04,198.0,2.0
2025-03-19 07:32:49,201.83,42.0,243.33,9.0,199.19,53.0,247.0,45.0,222.58,41.5,95.0,54.0,1.6388563085247587,149,41.0,11.0,0.28,198.0,
2025-03-19 07:33:02,201.37,27.0,203.94,32.0,200.12,17.0,205.69,32.0,202.65,2.569999999999993,44.0,64.0,5.324636137803312,108,-20.0,-19.0,-0.19,202.5,4.0
2025-03-19 07:33:03,200.43,14.0,205.04,23.0,198.18,44.0,343.66,35.0,202.74,4.609999999999985,58.0,58.0,4.771900040864528,116,0.0,8.0,0.0,201.0,3.0
2025-03-19 07:33:04,199.43,7.0,204.29,7.0,197.86,22.0,205.09,11.0,201.86,4.859999999999985,29.0,18.0,3.573243624496452,47,11.0,-69.0,0.23,200.0,1.0
2025-03-19 07:33:05,196.09,114.0,200.44,18.0,191.89,76.0,203.64,22.0,198.27,4.349999999999994,190.0,40.0,3.257825962203358,230,150.0,169.5,0.65,196.71,7.0
2025-03-19 07:33:06,196.0,81.0,197.29,14.0,157.0,7.0,226.88,16.0,196.64,1.289999999999992,88.0,30.0,2.7990659156239714,118,58.0,-112.0,0.49,196.0,3.0
2025-03-19 07:33:07,196.02,41.0,343.33,6.0,184.86,14.0,722.0,13.0,269.68,147.30999999999997,55.0,19.0,31.317330984616135,74,36.0,-44.0,0.49,198.0,2.0
2025-03-19 07:33:14,196.0,72.0,340.09,35.0,113.0,32.0,450.86,28.0,268.04,144.08999999999995,104.0,63.0,75.99460757185268,167,41.0,-5.0,0.25,198.0,
2025-03-19 07:33:15,196.92,26.0,208.87,46.0,190.39,82.0,263.4,50.0,202.9,11.950000000000015,108.0,96.0,110.89035160914544,204,12.0,37.0,0.06,198.0,
2025-03-19 07:33:16,199.0,6.0,208.0,18.0,196.0,54.0,209.0,30.0,203.5,9.0,60.0,48.0,98.84147813544648,108,12.0,-96.0,0.11,198.0,
2025-03-19 07:33:17,199.0,12.0,207.42,36.0,196.0,108.0,209.0,60.0,203.21,8.419999999999987,120.0,96.0,84.97859389281494,216,24.0,108.0,0.11,198.0,
2025-03-19 07:33:18,199.0,9.0,205.84,31.0,196.0,81.0,207.73,41.0,202.42,6.840000000000003,90.0,72.0,29.08616990942585,162,18.0,-54.0,0.11,198.0,
2025-03-19 07:33:19,195.87,46.0,202.25,48.0,189.38,74.0,205.0,80.0,199.06,6.379999999999996,120.0,128.0,1.810143640708402,248,-8.0,86.0,-0.03,199.0,1.0
2025-03-19 07:33:20,195.0,50.0,199.78,27.0,164.55,31.0,203.11,57.0,197.39,4.780000000000001,81.0,84.0,2.7330806793795324,165,-3.0,-83.0,-0.02,195.0,5.0
2025-03-19 07:33:21,195.0,8.0,200.38,24.0,130.0,20.0,206.15,34.0,197.69,5.379999999999996,28.0,58.0,2.7010053683764315,86,-30.0,-79.0,-0.35,196.0,1.0
2025-03-19 07:33:22,195.0,10.0,200.0,30.0,146.67,30.0,205.86,44.0,197.5,5.0,40.0,74.0,2.1261161774463067,114,-34.0,28.0,-0.3,196.0,
2025-03-19 07:33:23,196.4,10.0,199.35,31.0,142.95,22.0,201.7,30.0,197.88,2.9499999999999886,32.0,61.0,0.6727035008080369,93,-29.0,-21.0,-0.31,198.2,5.0
2025-03-19 07:33:24,197.0,10.0,198.75,24.0,195.0,10.0,204.2,30.0,197.88,1.75,20.0,54.0,0.2212916627428632,74,-34.0,-19.0,-0.46,198.2,
2025-03-19 07:33:25,195.4,10.0,198.17,12.0,134.2,10.0,203.61,18.0,196.78,2.769999999999982,20.0,30.0,0.456267465418649,50,-10.0,-24.0,-0.2,197.0,1.0
2025-03-19 07:33:26,195.0,12.0,196.92,12.0,98.5,12.0,198.38,21.0,195.96,1.9199999999999875,24.0,33.0,0.8259539938760023,57,-9.0,7.0,-0.16,197.0,
2025-03-19 07:33:27,146.18,39.0,198.21,53.0,124.53,36.0,204.46,56.0,172.19,52.03,75.0,109.0,11.18055991442298,184,-34.0,127.0,-0.18,195.67,3.0
2025-03-19 07:33:29,156.0,62.0,190.42,12.0,137.67,12.0,192.46,26.0,173.21,34.41999999999999,74.0,38.0,18.88295448281354,112,36.0,-46.0,0.32,195.67,
2025-03-19 07:33:30,157.33,60.0,188.08,12.0,153.71,28.0,189.92,12.0,172.71,30.75,88.0,24.0,15.681714829699269,112,64.0,0.0,0.57,195.67,
2025-03-19 07:33:31,158.25,60.0,188.0,12.0,153.21,24.0,190.0,12.0,173.12,29.75,84.0,24.0,9.470511073855093,108,60.0,-4.0,0.56,195.67,
2025-03-19 07:33:32,161.0,60.0,190.67,12.0,159.58,60.0,192.0,12.0,175.83,29.669999999999987,120.0,24.0,9.945751856949355,144,96.0,36.0,0.67,191.86,7.0
2025-03-19 07:33:33,168.16,61.0,194.0,13.0,164.77,65.0,197.0,39.0,181.08,25.840000000000003,126.0,52.0,3.516297768962222,178,74.0,34.0,0.42,191.86,
2025-03-19 07:33:34,168.14,35.0,196.82,17.0,166.29,35.0,253.0,9.0,182.48,28.680000000000007,70.0,26.0,4.513715764202241,96,44.0,-82.0,0.46,195.5,2.0
2025-03-19 07:33:35,170.0,50.0,196.0,15.0,169.0,50.0,225.0,15.0,183.0,26.0,100.0,30.0,4.387712388022592,130,70.0,34.0,0.54,195.5,
2025-03-19 07:33:36,171.83,30.0,196.0,9.0,170.67,30.0,235.33,9.0,183.92,24.169999999999987,60.0,18.0,3.205810349974865,78,42.0,-52.0,0.54,194.0,1.0
2025-03-19 07:33:37,172.75,40.0,197.0,16.0,171.0,40.0,412.35,20.0,184.88,24.25,80.0,36.0,1.4414992195645624,116,44.0,38.0,0.38,194.0,
2025-03-19 07:33:38,175.58,60.0,196.11,73.0,173.92,60.0,226.09,66.0,185.85,20.53,120.0,139.0,1.3702481527098769,259,-19.0,143.0,-0.07,194.0,
2025-03-19 07:33:39,178.78,45.0,195.71,56.0,177.56,45.0,196.64,47.0,187.25,16.930000000000007,90.0,103.0,1.655581468851469,193,-13.0,-66.0,-0.07,194.0,
2025-03-19 07:33:40,179.67,45.0,195.29,28.0,178.22,45.0,196.35,23.0,187.48,15.620000000000005,90.0,51.0,1.5230988149177764,141,39.0,-52.0,0.28,195.2,5.0
2025-03-19 07:33:41,188.85,33.0,365.0,27.0,185.37,27.0,601.0,9.0,276.92,176.15,60.0,36.0,40.51130496540434,96,24.0,-45.0,0.25,196.5,4.0
2025-03-19 07:33:42,202.21,29.0,445.25,60.0,199.3,46.0,498.61,36.0,323.73,243.04,75.0,96.0,64.3162345757273,171,-21.0,75.0,-0.12,204.0,4.0
2025-03-19 07:33:43,202.0,40.0,413.77,22.0,194.0,20.0,471.21,34.0,307.89,211.77,60.0,56.0,65.45415517749781,116,4.0,-55.0,0.03,203.25,4.0
2025-03-19 07:33:44,199.19,64.0,270.59,22.0,196.6,75.0,344.68,28.0,234.89,71.39999999999998,139.0,50.0,55.54238984775465,189,89.0,73.0,0.47,201.0,5.0
2025-03-19 07:33:45,197.0,108.0,317.44,9.0,194.0,18.0,501.67,12.0,257.22,120.44,126.0,21.0,36.24019660542626,147,105.0,-42.0,0.71,201.0,
2025-03-19 07:33:46,197.45,88.0,311.0,37.0,196.45,150.0,418.82,28.0,254.23,113.55,238.0,65.0,38.11478085992299,303,173.0,156.0,0.57,198.0,1.0
2025-03-19 07:33:47,198.0,33.0,224.05,38.0,197.0,164.0,270.85,13.0,211.03,26.05000000000001,197.0,51.0,35.782931964834326,248,146.0,-55.0,0.59,198.0,
2025-03-19 07:33:48,197.14,114.0,223.69,52.0,196.74,108.0,267.69,13.0,210.42,26.55000000000001,222.0,65.0,22.538155869546483,287,157.0,39.0,0.55,197.6,5.0
2025-03-19 07:33:49,201.14,69.0,215.29,62.0,197.05,151.0,218.08,50.0,208.22,14.150000000000006,220.0,112.0,25.14883754768747,332,108.0,45.0,0.33,199.91,11.0
2025-03-19 07:33:50,198.0,9.0,210.47,34.0,197.0,81.0,212.14,28.0,204.24,12.47,90.0,62.0,20.633372724786884,152,28.0,-170.5,0.18,199.91,
2025-03-19 07:33:51,198.0,12.0,205.08,48.0,197.0,108.0,207.33,36.0,201.54,7.0800000000000125,120.0,84.0,4.087003792509207,204,36.0,52.0,0.18,199.91,
2025-03-19 07:33:52,197.12,51.0,199.26,38.0,196.35,69.0,200.73,44.0,198.19,2.1399999999999864,120.0,82.0,4.937805180440588,202,38.0,-2.0,0.19,198.33,3.0
2025-03-19 07:33:53,197.0,87.0,198.0,20.0,194.0,30.0,200.0,40.0,197.5,1.0,117.0,60.0,4.434649929812632,177,57.0,-25.0,0.32,197.0,1.0
2025-03-19 07:33:54,197.0,36.0,264.81,16.0,194.0,30.0,381.21,34.0,230.91,67.81,66.0,50.0,13.924892459189223,116,16.0,-61.0,0.14,197.0,6.0
2025-03-19 07:33:55,201.71,14.0,365.4,10.0,195.75,24.0,415.5,10.0,283.56,163.68999999999997,38.0,20.0,36.926350347685016,58,18.0,-58.0,0.31,197.0,
2025-03-19 07:34:05,203.31,32.0,227.69,26.0,201.74,19.0,309.7,30.0,215.5,24.379999999999995,51.0,56.0,4.848537923949286,107,-5.0,-112.0,-0.05,206.14,7.0
2025-03-19 07:34:06,202.04,25.0,245.0,32.0,199.89,19.0,493.75,24.0,223.52,42.96000000000001,44.0,56.0,4.714288917745099,100,-12.0,-7.0,-0.12,202.71,7.0
2025-03-19 07:34:07,201.0,18.0,244.0,24.0,200.0,12.0,627.5,12.0,222.5,43.0,30.0,36.0,4.312484202866677,66,-6.0,-34.0,-0.09,202.71,
2025-03-19 07:34:08,201.0,12.0,244.0,16.0,200.0,8.0,353.6,10.0,222.5,43.0,20.0,26.0,3.764773565564727,46,-6.0,-20.0,-0.13,202.71,
2025-03-19 07:34:09,202.4,15.0,242.5,32.0,200.47,19.0,313.75,16.0,222.45,40.1,34.0,48.0,3.269966360679447,82,-14.0,36.0,-0.17,204.5,2.0
2025-03-19 07:34:10,201.5,12.0,238.4,20.0,200.0,12.0,271.5,18.0,219.95,36.900000000000006,24.0,38.0,1.3272264313126314,62,-14.0,-20.0,-0.23,204.5,
2025-03-19 07:34:11,203.0,18.0,240.33,39.0,199.71,14.0,299.4,30.0,221.67,37.33000000000001,32.0,69.0,1.1001045404755776,101,-37.0,39.0,-0.37,204.5,
2025-03-19 07:34:16,201.38,52.0,222.79,48.0,198.86,72.0,224.05,42.0,212.09,21.41,124.0,90.0,3.081635929174108,214,34.0,151.0,0.16,202.0,5.0
2025-03-19 07:34:17,202.0,52.0,219.88,43.0,199.0,104.0,220.39,44.0,210.94,17.879999999999995,156.0,87.0,3.1012529725866207,243,69.0,29.0,0.28,202.0,
2025-03-19 07:34:18,203.05,38.0,214.67,15.0,199.79,76.0,217.22,45.0,208.86,11.619999999999976,114.0,60.0,3.268588380322295,174,54.0,-69.0,0.31,202.0,
2025-03-19 07:34:19,200.16,67.0,210.56,32.0,198.89,57.0,211.81,27.0,205.36,10.400000000000006,124.0,59.0,3.726423218044174,183,65.0,9.0,0.36,201.4,5.0
2025-03-19 07:34:20,199.59,63.0,205.87,30.0,198.67,70.0,206.36,28.0,202.73,6.280000000000001,133.0,58.0,3.9004397187983257,191,75.0,8.0,0.39,199.71,7.0
2025-03-19 07:34:21,199.0,80.0,203.8,25.0,198.0,80.0,205.89,55.0,201.4,4.800000000000011,160.0,80.0,4.023210161050521,240,80.0,49.0,0.33,203.0,2.0
2025-03-19 07:34:22,198.73,74.0,202.24,59.0,197.93,59.0,205.07,42.0,200.48,3.5100000000000198,133.0,101.0,3.389643049051152,234,32.0,-6.0,0.14,199.0,5.0
2025-03-19 07:34:23,198.0,65.0,204.19,37.0,196.07,42.0,206.34,61.0,201.09,6.189999999999998,107.0,98.0,1.9426965794948885,205,9.0,-29.0,0.04,200.29,7.0
2025-03-19 07:34:24,198.0,14.0,203.0,7.0,196.0,9.0,208.0,28.0,200.5,5.0,23.0,35.0,0.9210591728989832,58,-12.0,-147.0,-0.21,200.29,
2025-03-19 07:34:25,198.0,18.0,202.22,9.0,196.0,9.0,325.5,40.0,200.11,4.219999999999999,27.0,49.0,0.5189701339976007,76,-22.0,18.0,-0.29,200.29,
2025-03-19 07:34:26,198.0,18.0,202.0,9.0,126.25,56.0,444.0,25.0,200.0,4.0,74.0,34.0,0.4272352981455936,108,40.0,32.0,0.37,200.29,
2025-03-19 07:34:27,198.0,24.0,202.0,12.0,196.0,144.0,286.0,14.0,200.0,4.0,168.0,26.0,0.4669582422246953,194,142.0,86.0,0.73,200.0,1.0
2025-03-19 07:34:28,203.0,14.0,213.0,7.0,196.59,34.0,418.0,21.0,208.0,10.0,48.0,28.0,3.5155255652578106,76,20.0,-118.0,0.26,200.0,
2025-03-19 07:34:29,200.15,26.0,279.46,41.0,197.2,30.0,391.64,33.0,239.81,79.30999999999997,56.0,74.0,17.24516540946997,130,-18.0,54.0,-0.14,200.0,
2025-03-19 07:34:30,198.32,62.0,306.12,40.0,196.1,41.0,376.0,50.0,252.22,107.8,103.0,90.0,24.36475076827131,193,13.0,63.0,0.07,200.0,2.0
2025-03-19 07:34:31,199.0,45.0,306.0,45.0,198.0,18.0,554.0,39.0,252.5,107.0,63.0,84.0,24.89444877879354,147,-21.0,-46.0,-0.14,200.0,
2025-03-19 07:34:32,199.0,55.0,288.27,55.0,198.0,22.0,343.25,53.0,243.64,89.26999999999998,77.0,108.0,18.302529333400155,185,-31.0,38.0,-0.17,200.0,
2025-03-19 07:34:33,199.0,33.0,246.18,38.0,198.0,18.0,289.29,35.0,222.59,47.18000000000001,51.0,73.0,12.23536554419084,124,-22.0,-61.0,-0.18,199.0,3.0
2025-03-19 07:34:34,199.0,14.0,208.67,30.0,198.0,14.0,209.65,23.0,203.83,9.669999999999987,28.0,53.0,21.23084619133147,81,-25.0,-43.0,-0.31,199.0,
2025-03-19 07:34:35,202.05,59.0,207.16,56.0,198.22,45.0,208.23,52.0,204.61,5.109999999999985,104.0,108.0,22.206344363716788,212,-4.0,131.0,-0.02,199.0,
2025-03-19 07:34:36,203.0,80.0,205.54,63.0,199.0,30.0,305.8,45.0,204.27,2.539999999999992,110.0,108.0,17.482897929118582,218,2.0,6.0,0.01,203.0,5.0
2025-03-19 07:34:42,202.0,14.0,274.33,36.0,200.0,42.0,275.91,23.0,238.17,72.32999999999998,56.0,59.0,1.995462352432048,115,-3.0,-44.0,-0.03,203.0,
2025-03-19 07:34:43,201.31,13.0,257.49,41.0,199.78,27.0,272.72,25.0,229.4,56.18000000000001,40.0,66.0,5.22795084138843,106,-26.0,-9.0,-0.25,201.25,4.0
2025-03-19 07:34:44,198.42,33.0,253.62,21.0,198.4,20.0,259.03,33.0,226.02,55.20000000000002,53.0,54.0,6.978597996730758,107,-1.0,1.0,-0.01,199.0,4.0
2025-03-19 07:34:45,198.0,112.0,248.8,30.0,197.0,30.0,251.74,38.0,223.4,50.80000000000001,142.0,68.0,7.517980446900296,210,74.0,103.0,0.35,198.0,2.0
2025-03-19 07:34:46,198.0,143.0,246.04,27.0,197.0,39.0,301.57,30.0,222.02,48.03999999999999,182.0,57.0,6.442702848958333,239,125.0,29.0,0.52,198.0,
2025-03-19 07:34:47,197.9,30.0,242.62,32.0,196.65,31.0,242.91,23.0,220.26,44.72,61.0,55.0,3.580027932848654,116,6.0,-123.0,0.05,198.0,2.0
2025-03-19 07:34:48,198.0,24.0,238.48,23.0,194.08,26.0,239.82,17.0,218.24,40.47999999999999,50.0,40.0,2.9700707062251936,90,10.0,-26.0,0.11,198.0,
2025-03-19 07:34:49,202.0,45.0,237.58,48.0,196.9,51.0,239.0,12.0,219.79,35.58000000000001,96.0,60.0,2.0060458618828387,156,36.0,66.0,0.23,198.0,
2025-03-19 07:35:00,202.0,181.0,209.48,25.0,200.0,78.0,333.8,46.0,205.74,7.47999999999999,259.0,71.0,1.4098155907706584,330,188.0,0.0,0.57,202.45,11.0
2025-03-19 07:35:01,202.02,102.0,206.53,15.0,200.41,98.0,209.0,15.0,204.28,4.509999999999991,200.0,30.0,2.0092983850041364,230,170.0,-100.0,0.74,203.0,1.0
2025-03-19 07:35:02,202.0,70.0,203.8,15.0,200.19,48.0,222.68,25.0,202.9,1.8000000000000114,118.0,40.0,2.506726949625842,158,78.0,-72.0,0.49,202.0,1.0
2025-03-19 07:35:03,202.0,45.0,204.0,11.0,201.0,11.0,237.0,33.0,203.0,2.0,56.0,44.0,2.3269464970172296,100,12.0,-58.0,0.12,202.0,
2025-03-19 07:35:04,202.0,60.0,204.0,15.0,200.07,75.0,249.13,45.0,203.0,2.0,135.0,60.0,1.2331585461655123,195,75.0,95.0,0.38,202.0,3.0
2025-03-19 07:35:05,202.0,14.0,308.86,21.0,200.0,49.0,349.62,26.0,255.43,106.86,63.0,47.0,23.32245098612019,110,16.0,-85.0,0.15,204.0,1.0
2025-03-19 07:35:06,200.45,44.0,294.37,41.0,198.17,120.0,312.44,54.0,247.41,93.92000000000002,164.0,95.0,26.69006125882773,259,69.0,149.0,0.27,200.67,6.0
2025-03-19 07:35:10,200.0,12.0,258.83,18.0,198.0,60.0,391.0,19.0,229.42,58.829999999999984,72.0,37.0,7.293327772695625,109,35.0,-27.0,0.32,200.67,
2025-03-19 07:35:11,202.8,60.0,256.8,30.0,199.45,22.0,402.75,32.0,229.8,54.0,82.0,62.0,4.793106508306913,144,20.0,35.0,0.14,200.67,
2025-03-19 07:35:12,203.33,21.0,255.11,27.0,202.77,53.0,358.12,32.0,229.22,51.78,74.0,59.0,2.2760316342209905,133,15.0,-11.0,0.11,200.67,
2025-03-19 07:35:13,203.16,50.0,252.8,30.0,202.1,40.0,253.8,30.0,227.98,49.640000000000015,90.0,60.0,1.5310519259564397,150,30.0,17.0,0.2,200.67,
2025-03-19 07:35:17,203.0,61.0,242.3,33.0,200.0,19.0,243.41,44.0,222.65,39.30000000000001,80.0,77.0,2.365882499190481,157,3.0,-41.0,0.02,203.0,2.0
2025-03-19 07:35:18,203.0,36.0,236.63,38.0,200.0,12.0,237.38,32.0,219.82,33.629999999999995,48.0,70.0,3.478637664370394,118,-22.0,-39.0,-0.19,203.0,
2025-03-19 07:35:19,202.5,18.0,232.27,30.0,198.59,17.0,234.27,11.0,217.38,29.77000000000001,35.0,41.0,4.050234561105925,76,-6.0,-42.0,-0.08,203.0,3.0
2025-03-19 07:35:20,198.93,15.0,215.12,16.0,197.54,52.0,222.86,28.0,207.03,16.189999999999998,67.0,44.0,7.016170607958302,111,23.0,35.0,0.21,200.0,1.0
2025-03-19 07:35:21,197.77,47.0,211.53,36.0,196.99,144.0,213.85,26.0,204.65,13.759999999999993,191.0,62.0,7.994600052534155,253,129.0,142.0,0.51,197.8,5.0
2025-03-19 07:35:22,197.12,102.0,207.48,29.0,196.69,32.0,208.28,39.0,202.3,10.359999999999983,134.0,68.0,7.863709684365274,202,66.0,-51.0,0.33,197.5,2.0
2025-03-19 07:35:23,198.0,126.0,200.12,17.0,195.31,13.0,201.6,35.0,199.06,2.1200000000000045,139.0,52.0,6.967892794811168,191,87.0,-11.0,0.46,198.0,2.0
2025-03-19 07:35:24,198.3,57.0,200.0,22.0,197.13,75.0,213.25,36.0,199.15,1.6999999999999886,132.0,58.0,3.4720411863891445,190,74.0,-1.0,0.39,199.33,6.0
2025-03-19 07:35:25,196.92,71.0,199.92,13.0,196.19,27.0,236.0,39.0,198.42,3.0,98.0,52.0,2.6670076865249386,150,46.0,-40.0,0.31,197.4,5.0
2025-03-19 07:35:26,196.0,26.0,198.75,12.0,194.85,13.0,262.05,43.0,197.38,2.75,39.0,55.0,1.8394075132997432,94,-16.0,-56.0,-0.17,196.0,2.0
2025-03-19 07:35:27,196.0,14.0,363.77,22.0,194.0,14.0,428.48,23.0,279.89,167.76999999999998,28.0,45.0,36.40445371104995,73,-17.0,-21.0,-0.23,197.0,1.0
2025-03-19 07:35:28,198.82,88.0,276.85,52.0,197.44,66.0,475.64,42.0,237.83,78.03000000000003,154.0,94.0,36.34796596784993,248,60.0,169.5,0.24,197.0,
2025-03-19 07:35:29,202.0,148.0,325.46,39.0,201.0,36.0,421.5,42.0,263.73,123.45999999999998,184.0,81.0,37.41952097502015,265,103.0,17.0,0.39,202.0,2.0
2025-03-19 07:35:30,202.0,88.0,267.0,24.0,201.0,24.0,405.12,32.0,234.5,65.0,112.0,56.0,31.50480328457821,168,56.0,-97.0,0.33,202.0,
2025-03-19 07:35:31,202.0,99.0,305.55,33.0,201.0,105.0,457.09,44.0,253.77,103.55,204.0,77.0,18.753140536986518,281,127.0,113.0,0.45,202.0,2.0
2025-03-19 07:35:32,202.0,48.0,347.0,24.0,201.0,96.0,389.25,32.0,274.5,145.0,144.0,56.0,16.957777861499643,200,88.0,-81.0,0.44,202.0,3.0
2025-03-19 07:35:33,202.0,42.0,365.0,24.0,201.0,84.0,387.71,28.0,283.5,163.0,126.0,52.0,19.009706731035205,178,74.0,-22.0,0.42,202.0,
2025-03-19 07:35:34,202.0,78.0,349.62,52.0,201.0,156.0,455.57,42.0,275.81,147.62,234.0,94.0,20.025070037329822,328,140.0,150.0,0.43,202.0,
2025-03-19 07:35:35,203.67,18.0,277.43,23.0,202.0,36.0,419.84,19.0,240.55,73.76000000000002,54.0,42.0,17.827732048692127,96,12.0,-170.5,0.12,202.0,
2025-03-19 07:35:40,201.09,97.0,439.21,29.0,200.6,40.0,456.55,33.0,320.15,238.12,137.0,62.0,40.26100656963183,199,75.0,114.0,0.38,201.83,6.0
2025-03-19 07:35:41,201.0,132.0,388.56,32.0,200.0,24.0,390.6,30.0,294.78,187.56,156.0,62.0,18.642991980901247,218,94.0,19.0,0.43,201.83,
2025-03-19 07:35:42,201.0,99.0,377.56,16.0,200.0,18.0,376.45,22.0,289.28,176.56,117.0,38.0,19.913705079666855,155,79.0,-63.0,0.51,201.83,
2025-03-19 07:35:43,201.0,176.0,224.77,30.0,200.0,32.0,243.06,35.0,212.88,23.77000000000001,208.0,65.0,40.1478239759014,273,143.0,118.0,0.52,201.0,1.0
2025-03-19 07:35:44,201.39,128.0,219.5,46.0,200.85,106.0,221.27,48.0,210.45,18.110000000000014,234.0,94.0,50.51929304730987,328,140.0,55.0,0.43,201.0,1.0
2025-03-19 07:35:45,202.13,52.0,218.73,33.0,201.11,91.0,220.0,33.0,210.43,16.599999999999994,143.0,66.0,44.297116497577846,209,77.0,-119.0,0.37,203.0,5.0
2025-03-19 07:35:46,202.31,168.0,215.23,22.0,201.41,148.0,216.17,52.0,208.77,12.919999999999987,316.0,74.0,35.20276224957343,390,242.0,169.5,0.62,202.0,1.0
2025-03-19 07:35:48,202.2,59.0,205.53,15.0,201.49,89.0,206.95,19.0,203.87,3.3300000000000125,148.0,34.0,2.71472282194745,182,114.0,-9.0,0.63,205.0,1.0
2025-03-19 07:35:49,202.0,76.0,204.3,10.0,201.0,20.0,205.9,20.0,203.15,2.300000000000012,96.0,30.0,3.145714545219108,126,66.0,-56.0,0.52,202.0,2.0
2025-03-19 07:35:50,202.0,98.0,203.92,13.0,201.0,33.0,220.81,32.0,202.96,1.9199999999999875,131.0,45.0,2.712143064073831,176,86.0,50.0,0.49,202.0,1.0
2025-03-19 07:35:51,202.0,48.0,206.0,18.0,201.0,18.0,552.0,16.0,204.0,4.0,66.0,34.0,1.8852135157600145,100,32.0,-76.0,0.32,202.0,
2025-03-19 07:35:52,202.0,85.0,205.36,33.0,201.0,33.0,327.0,24.0,203.68,3.3600000000000136,118.0,57.0,0.4550494478675897,175,61.0,75.0,0.35,202.0,3.0
2025-03-19 07:35:53,202.0,40.0,205.0,24.0,201.0,24.0,342.1,20.0,203.5,3.0,64.0,44.0,0.4146323672901459,108,20.0,-67.0,0.19,202.0,
2025-03-19 07:35:54,202.0,16.0,204.38,24.0,201.0,24.0,355.0,24.0,203.19,2.3799999999999955,40.0,48.0,0.4075291400680777,88,-8.0,-20.0,-0.09,202.0,4.0
2025-03-19 07:35:55,202.0,9.0,204.0,18.0,201.0,10.0,355.0,18.0,203.0,2.0,19.0,36.0,0.3953226530375252,55,-17.0,-33.0,-0.31,202.0,
2025-03-19 07:35:56,201.25,16.0,204.0,24.0,200.33,18.0,474.12,24.0,202.62,2.75,34.0,48.0,0.4173966938114563,82,-14.0,27.0,-0.17,201.67,3.0
2025-03-19 07:35:57,201.0,13.0,202.62,24.0,200.0,16.0,545.12,24.0,201.81,1.6200000000000043,29.0,48.0,0.6503306851170966,77,-19.0,-5.0,-0.25,201.0,1.0
2025-03-19 07:35:58,200.43,7.0,202.0,15.0,197.32,56.0,428.0,15.0,201.21,1.5699999999999932,63.0,30.0,0.835302340476218,93,33.0,16.0,0.35,201.0,1.0
2025-03-19 07:35:59,197.32,56.0,350.4,15.0,196.64,77.0,672.4,15.0,273.86,153.07999999999998,133.0,30.0,32.072785192433784,163,103.0,70.0,0.63,200.0,2.0
2025-03-19 07:36:00,197.0,275.0,420.2,15.0,106.36,11.0,468.45,33.0,308.6,223.2,286.0,48.0,50.45924642719103,334,238.0,169.5,0.71,200.0,
2025-03-19 07:36:01,202.93,104.0,418.65,17.0,197.97,109.0,419.67,24.0,310.79,215.72,213.0,41.0,54.71115361605878,254,172.0,-80.0,0.68,200.0,3.0
2025-03-19 07:36:17,201.14,116.0,204.95,38.0,200.56,72.0,206.31,26.0,203.04,3.8100000000000014,188.0,64.0,2.967942047950555,252,124.0,26.0,0.49,205.0,1.0
2025-03-19 07:36:18,201.0,168.0,203.08,48.0,199.0,24.0,205.0,24.0,202.04,2.0800000000000125,192.0,72.0,3.505470011281447,264,120.0,12.0,0.45,205.0,
2025-03-19 07:36:19,201.0,128.0,202.2,50.0,199.0,21.0,242.43,28.0,201.6,1.1999999999999886,149.0,78.0,3.197173751924367,227,71.0,-37.0,0.31,201.0,9.0
2025-03-19 07:36:20,200.58,76.0,206.71,28.0,198.73,45.0,457.0,56.0,203.65,6.129999999999996,121.0,84.0,2.051726102576671,205,37.0,-22.0,0.18,201.0,5.0
2025-03-19 07:36:21,199.6,60.0,205.53,17.0,198.7,81.0,295.53,34.0,202.56,5.930000000000007,141.0,51.0,0.8076013868206896,192,90.0,-13.0,0.47,202.0,2.0
2025-03-19 07:36:22,199.55,22.0,203.83,12.0,198.06,51.0,205.9,21.0,201.69,4.280000000000001,73.0,33.0,0.8395653637417289,106,40.0,-86.0,0.38,202.0,
2025-03-19 07:36:23,199.0,12.0,202.53,19.0,198.0,54.0,203.6,10.0,200.76,3.530000000000001,66.0,29.0,1.097301234846137,95,37.0,-11.0,0.39,202.0,
2025-03-19 07:36:24,198.24,46.0,199.93,30.0,197.11,112.0,210.86,42.0,199.09,1.6899999999999975,158.0,72.0,1.741077252736069,230,86.0,135.0,0.37,198.14,7.0
2025-03-19 07:36:25,199.0,18.0,200.83,6.0,197.0,12.0,211.43,7.0,199.92,1.8300000000000125,30.0,13.0,1.3774723227691923,43,17.0,-170.5,0.4,198.14,
2025-03-19 07:36:26,199.0,22.0,227.6,10.0,197.0,18.0,291.23,13.0,213.3,28.599999999999994,40.0,23.0,5.864867432431413,63,17.0,20.0,0.27,199.0,2.0
2025-03-19 07:36:27,198.83,12.0,316.17,24.0,196.81,27.0,516.42,24.0,257.5,117.34,39.0,48.0,24.94256963506349,87,-9.0,24.0,-0.1,198.0,2.0
2025-03-19 07:36:28,197.0,8.0,243.5,16.0,196.0,40.0,360.88,16.0,220.25,46.5,48.0,32.0,23.832101669806423,80,16.0,-7.0,0.2,198.0,
2025-03-19 07:36:29,197.0,7.0,266.86,14.0,196.0,35.0,460.45,22.0,231.93,69.86000000000001,42.0,36.0,21.747711373843185,78,6.0,-2.0,0.08,198.0,
2025-03-19 07:36:30,196.78,18.0,377.15,26.0,195.75,24.0,484.82,22.0,286.97,180.37,42.0,48.0,30.251891676389143,90,-6.0,12.0,-0.07,196.5,6.0
2025-03-19 07:36:31,201.11,18.0,389.0,24.0,197.0,12.0,629.0,12.0,295.06,187.89,30.0,36.0,32.85223386620728,66,-6.0,-24.0,-0.09,196.5,
2025-03-19 07:36:33,203.32,31.0,404.59,44.0,200.11,38.0,544.71,28.0,303.96,201.27,69.0,72.0,47.92674170022373,141,-3.0,15.0,-0.02,203.4,5.0
2025-03-19 07:36:37,198.74,68.0,278.9,49.0,197.45,66.0,357.05,42.0,238.82,80.15999999999997,134.0,91.0,49.90988649556273,225,43.0,69.0,0.19,203.4,
2025-03-19 07:36:38,200.3,30.0,243.22,45.0,198.68,37.0,281.0,36.0,221.76,42.91999999999999,67.0,81.0,65.94729387927876,148,-14.0,-77.0,-0.09,201.25,4.0
2025-03-19 07:36:39,199.7,40.0,240.02,49.0,198.0,30.0,267.8,41.0,219.86,40.32000000000002,70.0,90.0,73.06830010339615,160,-20.0,12.0,-0.12,201.25,
2025-03-19 07:36:40,200.0,36.0,236.31,39.0,198.57,21.0,237.92,39.0,218.15,36.31,57.0,78.0,64.1229789545056,135,-21.0,-25.0,-0.16,201.25,
2025-03-19 07:36:41,200.61,28.0,225.76,59.0,199.12,42.0,226.34,53.0,213.18,25.149999999999977,70.0,112.0,9.740866491230426,182,-42.0,47.0,-0.23,200.0,3.0
2025-03-19 07:36:43,203.2,10.0,224.0,50.0,199.43,28.0,225.0,20.0,213.6,20.80000000000001,38.0,70.0,2.9932724566897524,108,-32.0,18.0,-0.3,200.0,
2025-03-19 07:36:44,202.0,11.0,221.65,43.0,199.83,24.0,222.94,34.0,211.83,19.65000000000001,35.0,77.0,2.378938839057847,112,-42.0,4.0,-0.38,200.0,
2025-03-19 07:36:45,202.43,14.0,219.95,57.0,199.65,34.0,220.88,34.0,211.19,17.519999999999982,48.0,91.0,1.292776082691138,139,-43.0,27.0,-0.31,200.0,
2025-03-19 07:36:46,203.0,50.0,217.41,46.0,202.0,10.0,218.41,29.0,210.21,14.409999999999997,60.0,75.0,1.7066722005055264,135,-15.0,-4.0,-0.11,200.0,
2025-03-19 07:36:47,203.0,165.0,215.89,65.0,202.0,15.0,217.23,65.0,209.45,12.889999999999986,180.0,130.0,1.5956127349637863,310,50.0,169.5,0.16,200.0,
2025-03-19 07:36:48,202.91,132.0,212.2,44.0,200.55,22.0,213.72,47.0,207.56,9.289999999999992,154.0,91.0,1.6623537529596013,245,63.0,-65.0,0.26,202.92,12.0
2025-03-19 07:36:49,199.0,27.0,208.05,44.0,198.0,88.0,209.05,37.0,203.52,9.050000000000011,115.0,81.0,3.028271784364669,196,34.0,-49.0,0.17,199.0,2.0
2025-03-19 07:36:50,199.0,9.0,206.29,28.0,198.0,72.0,207.32,37.0,202.64,7.289999999999992,81.0,65.0,3.4356702402849444,146,16.0,-50.0,0.11,199.0,
2025-03-19 07:36:51,199.0,10.0,204.32,19.0,198.0,80.0,205.78,23.0,201.66,5.319999999999993,90.0,42.0,3.3639976218749075,132,48.0,-14.0,0.36,199.0,
2025-03-19 07:36:52,198.07,43.0,199.82,11.0,197.09,44.0,201.5,14.0,198.94,1.75,87.0,25.0,3.137687046214224,112,62.0,-20.0,0.55,199.0,1.0
2025-03-19 07:36:53,197.58,48.0,199.0,48.0,195.42,45.0,418.45,11.0,198.29,1.4199999999999875,93.0,59.0,2.2947113108147077,152,34.0,40.0,0.22,198.0,8.0
2025-03-19 07:36:54,196.93,30.0,272.81,21.0,187.56,32.0,502.25,4.0,234.87,75.88,62.0,25.0,15.529792336022387,87,37.0,-65.0,0.43,198.0,4.0
2025-03-19 07:36:55,200.2,40.0,420.0,8.0,198.0,27.0,0.0,0.0,310.1,219.8,67.0,8.0,47.97288369485386,75,59.0,-12.0,0.79,198.0,
2025-03-19 07:36:59,202.0,30.0,455.72,18.0,200.0,60.0,536.62,13.0,328.86,253.72000000000003,90.0,31.0,45.63999978089318,121,59.0,82.0,0.49,198.0,
2025-03-19 07:37:00,200.68,31.0,321.24,25.0,200.12,17.0,364.67,9.0,260.96,120.56,48.0,34.0,61.29247196842313,82,14.0,-39.0,0.17,202.5,6.0
2025-03-19 07:37:01,200.0,50.0,318.29,28.0,198.0,14.0,323.0,7.0,259.14,118.29000000000002,64.0,35.0,67.79525706124248,99,29.0,17.0,0.29,200.0,6.0
2025-03-19 07:37:02,200.0,52.0,317.12,32.0,198.0,16.0,323.0,8.0,258.56,117.12,68.0,40.0,42.63897512839587,108,28.0,9.0,0.26,200.0,
2025-03-19 07:37:03,200.39,23.0,315.6,20.0,199.76,34.0,386.0,7.0,258.0,115.21000000000004,57.0,27.0,31.18838052865153,84,30.0,-24.0,0.36,200.0,
2025-03-19 07:37:04,203.0,7.0,313.0,28.0,200.0,70.0,470.0,21.0,258.0,110.0,77.0,49.0,1.2279739410813129,126,28.0,42.0,0.22,200.0,
2025-03-19 07:37:05,203.0,6.0,299.18,22.0,200.0,60.0,406.8,20.0,251.09,96.18,66.0,42.0,3.3140790575928456,108,24.0,-18.0,0.22,201.0,3.0
2025-03-19 07:37:06,202.88,50.0,311.08,26.0,199.38,64.0,556.4,10.0,256.98,108.2,114.0,36.0,3.0918732186128945,150,78.0,42.0,0.52,201.0,
2025-03-19 07:37:14,202.95,38.0,233.94,34.0,200.94,51.0,235.29,28.0,218.44,30.99000000000001,89.0,62.0,10.269088567150728,151,27.0,-33.0,0.18,203.5,8.0
2025-03-19 07:37:15,202.17,24.0,228.44,63.0,200.42,38.0,229.82,57.0,215.31,26.27000000000001,62.0,120.0,8.743464416350527,182,-58.0,31.0,-0.32,203.5,
2025-03-19 07:37:18,203.47,17.0,217.25,32.0,200.57,42.0,218.07,59.0,210.36,13.78,59.0,91.0,3.053334243084337,150,-32.0,59.0,-0.21,203.67,3.0
2025-03-19 07:37:19,200.4,15.0,214.25,32.0,199.38,48.0,216.83,24.0,207.32,13.849999999999994,63.0,56.0,3.2883019934294877,119,7.0,-31.0,0.06,203.67,
2025-03-19 07:37:20,199.21,82.0,210.67,57.0,198.44,119.0,211.39,66.0,204.94,11.45999999999998,201.0,123.0,3.9172209536855567,324,78.0,169.5,0.24,199.75,4.0
2025-03-19 07:37:21,199.67,108.0,207.03,33.0,198.62,116.0,209.65,51.0,203.35,7.360000000000014,224.0,84.0,3.752376580248059,308,140.0,-16.0,0.45,199.75,
2025-03-19 07:37:22,201.18,132.0,203.41,44.0,199.0,144.0,205.11,47.0,202.3,2.2299999999999898,276.0,91.0,3.2399660492040607,367,185.0,59.0,0.5,202.0,4.0
2025-03-19 07:37:23,199.23,104.0,207.87,75.0,197.77,143.0,304.65,46.0,203.55,8.640000000000015,247.0,121.0,1.9361482381252395,368,126.0,1.0,0.34,202.33,6.0
2025-03-19 07:37:24,198.0,18.0,206.78,45.0,197.0,153.0,216.0,45.0,202.39,8.780000000000001,171.0,90.0,1.0703410671350793,261,81.0,-107.0,0.31,202.33,
2025-03-19 07:37:25,198.0,9.0,204.11,45.0,197.0,153.0,296.56,43.0,201.06,6.110000000000014,162.0,88.0,0.9932522338239056,250,74.0,-11.0,0.3,198.0,1.0
2025-03-19 07:37:26,198.0,8.0,202.5,40.0,197.0,136.0,392.4,30.0,200.25,4.5,144.0,70.0,1.279667925673081,214,74.0,-36.0,0.35,198.0,
2025-03-19 07:37:27,197.18,33.0,201.85,39.0,196.49,105.0,349.78,27.0,199.51,4.669999999999988,138.0,66.0,1.6279803438606586,204,72.0,-10.0,0.35,198.0,1.0
2025-03-19 07:37:28,197.0,71.0,198.67,18.0,195.0,81.0,201.0,30.0,197.83,1.6699999999999875,152.0,48.0,1.7052038001356458,200,104.0,-4.0,0.52,197.0,5.0
2025-03-19 07:37:29,195.5,72.0,198.0,20.0,194.6,60.0,284.2,20.0,196.75,2.5,132.0,40.0,1.765332829807878,172,92.0,-28.0,0.53,197.0,5.0
2025-03-19 07:37:30,196.0,16.0,198.0,8.0,195.0,36.0,295.6,10.0,197.0,2.0,52.0,18.0,1.5471651495550889,70,34.0,-102.0,0.49,197.0,
2025-03-19 07:37:31,196.55,44.0,198.0,22.0,194.36,75.0,216.0,33.0,197.27,1.4499999999999886,119.0,55.0,1.1030049863885782,174,64.0,104.0,0.37,197.0,
2025-03-19 07:37:32,198.14,56.0,273.46,41.0,193.0,52.0,324.6,47.0,235.8,75.32,108.0,88.0,17.26151644555006,196,20.0,22.0,0.1,199.0,4.0
2025-03-19 07:37:33,199.4,20.0,314.0,20.0,195.25,16.0,410.57,14.0,256.7,114.6,36.0,34.0,27.96617295948786,70,2.0,-126.0,0.03,199.0,
2025-03-19 07:37:34,201.14,14.0,314.0,28.0,197.06,16.0,726.0,14.0,257.57,112.86,30.0,42.0,30.250953208121963,72,-12.0,2.0,-0.17,200.0,3.0
2025-03-19 07:37:35,197.62,52.0,217.92,48.0,196.29,42.0,283.71,42.0,207.77,20.299999999999983,94.0,90.0,27.68952094204563,184,4.0,112.0,0.02,199.4,5.0
2025-03-19 07:37:36,198.56,32.0,208.0,32.0,196.95,43.0,225.75,32.0,203.28,9.439999999999998,75.0,64.0,25.932775208218327,139,11.0,-45.0,0.08,207.0,1.0
2025-03-19 07:37:37,197.0,54.0,206.83,24.0,196.0,36.0,235.8,15.0,201.92,9.830000000000013,90.0,39.0,29.008658534995824,129,51.0,-10.0,0.4,207.0,
2025-03-19 07:37:38,201.48,92.0,206.0,48.0,199.53,45.0,383.57,21.0,203.74,4.52000000000001,137.0,69.0,23.97710637253776,206,68.0,77.0,0.33,202.0,2.0
2025-03-19 07:37:39,203.41,51.0,218.7,40.0,201.84,55.0,256.05,22.0,211.06,15.289999999999992,106.0,62.0,3.7714161796326464,168,44.0,-38.0,0.26,205.0,4.0
2025-03-19 07:37:40,202.08,36.0,247.62,26.0,199.38,37.0,388.59,29.0,224.85,45.53999999999999,73.0,55.0,9.565223468377168,128,18.0,-40.0,0.14,202.5,4.0
2025-03-19 07:37:41,203.7,40.0,246.64,28.0,200.71,28.0,328.83,35.0,225.17,42.94,68.0,63.0,11.182614631649946,131,5.0,3.0,0.04,204.0,4.0
2025-03-19 07:37:42,201.95,19.0,232.18,22.0,200.2,10.0,286.29,14.0,217.06,30.230000000000015,29.0,36.0,9.186121597278698,65,-7.0,-66.0,-0.11,204.0,
2025-03-19 07:37:43,201.0,8.0,226.0,16.0,199.0,32.0,278.91,22.0,213.5,25.0,40.0,38.0,6.463178010854206,78,2.0,13.0,0.03,204.0,
2025-03-19 07:37:44,200.11,9.0,283.0,16.0,198.82,22.0,396.67,12.0,241.56,82.88999999999999,31.0,28.0,10.81599140162319,59,3.0,-19.0,0.05,199.67,3.0
2025-03-19 07:37:45,197.57,7.0,340.0,24.0,196.09,11.0,347.33,12.0,268.79,142.43,18.0,36.0,22.63629232007714,54,-18.0,-5.0,-0.33,199.0,2.0
2025-03-19 07:37:46,196.75,4.0,340.0,16.0,195.86,7.0,350.0,8.0,268.38,143.25,11.0,24.0,26.683116759478818,35,-13.0,-19.0,-0.37,196.5,2.0
2025-03-19 07:37:52,203.0,14.0,235.79,28.0,145.82,11.0,236.63,27.0,219.39,32.78999999999999,25.0,55.0,6.947314589104426,80,-30.0,-68.0,-0.38,201.25,4.0
2025-03-19 07:37:53,193.3,23.0,223.32,50.0,141.73,67.0,233.11,57.0,208.31,30.019999999999985,90.0,107.0,9.133018121080523,197,-17.0,117.0,-0.09,196.6,5.0
2025-03-19 07:37:54,196.29,14.0,232.0,24.0,193.46,13.0,233.0,40.0,214.14,35.71000000000001,27.0,64.0,8.491429208324504,91,-37.0,-106.0,-0.41,196.6,
2025-03-19 07:37:55,198.41,32.0,227.69,55.0,197.15,26.0,229.03,64.0,213.05,29.28,58.0,119.0,6.206965442145446,177,-61.0,86.0,-0.34,199.0,5.0
2025-03-19 07:37:56,197.23,13.0,223.15,52.0,196.0,26.0,225.0,39.0,210.19,25.920000000000016,39.0,91.0,4.24338072767328,130,-52.0,-47.0,-0.4,199.0,
2025-03-19 07:37:57,197.75,8.0,218.73,22.0,193.36,11.0,222.2,30.0,208.24,20.97999999999999,19.0,52.0,2.70845527930405,71,-33.0,-59.0,-0.46,198.5,2.0
2025-03-19 07:37:58,196.73,22.0,199.05,38.0,162.45,11.0,218.85,39.0,197.89,2.3200000000000216,33.0,77.0,6.476956847161398,110,-44.0,39.0,-0.4,198.5,
2025-03-19 07:37:59,177.59,70.0,198.21,57.0,133.24,42.0,200.95,64.0,187.9,20.620000000000005,112.0,121.0,10.4073017636654,233,-9.0,123.0,-0.04,197.6,5.0
2025-03-19 07:38:00,151.94,67.0,196.46,52.0,150.24,37.0,199.0,52.0,174.2,44.52000000000001,104.0,104.0,14.959081856851904,208,0.0,-25.0,0.0,197.6,
2025-03-19 07:38:01,163.5,111.0,193.95,56.0,165.75,59.0,195.51,69.0,178.72,30.44999999999999,170.0,125.0,13.913820467434457,295,45.0,87.0,0.15,197.6,
2025-03-19 07:38:02,178.76,42.0,190.52,50.0,156.94,69.0,192.0,45.0,184.64,11.76000000000002,111.0,95.0,9.086055249666895,206,16.0,-89.0,0.08,191.0,1.0
2025-03-19 07:38:03,183.36,28.0,190.91,35.0,181.15,55.0,194.45,49.0,187.14,7.549999999999983,83.0,84.0,5.883145417206694,167,-1.0,-39.0,-0.01,191.0,2.0
2025-03-19 07:38:04,186.45,55.0,193.81,42.0,185.95,55.0,323.15,13.0,190.13,7.360000000000014,110.0,55.0,6.450168990034287,165,55.0,-2.0,0.33,190.17,6.0
2025-03-19 07:38:05,194.02,49.0,346.33,15.0,190.31,36.0,686.83,23.0,270.18,152.30999999999997,85.0,38.0,38.25384189855959,123,47.0,-42.0,0.38,195.0,4.0
2025-03-19 07:38:06,201.0,48.0,302.5,16.0,198.0,16.0,640.62,16.0,251.75,101.5,64.0,32.0,40.91513130860009,96,32.0,-27.0,0.33,201.0,4.0
2025-03-19 07:38:07,201.03,91.0,418.6,30.0,199.73,33.0,532.0,14.0,309.82,217.57,124.0,44.0,52.8882116354862,168,80.0,72.0,0.48,202.0,3.0
2025-03-19 07:38:08,201.0,114.0,405.33,9.0,198.0,12.0,444.17,18.0,303.17,204.33,126.0,27.0,48.1500067497396,153,99.0,-15.0,0.65,202.0,
2025-03-19 07:38:09,202.9,40.0,378.67,15.0,201.17,46.0,477.5,6.0,290.78,175.77,86.0,21.0,24.003575775287327,107,65.0,-46.0,0.61,202.0,
2025-03-19 07:38:20,201.0,273.0,222.0,24.0,198.0,26.0,223.8,15.0,211.5,21.0,299.0,39.0,1.8395841921441989,338,260.0,169.5,0.77,203.8,5.0
2025-03-19 07:38:21,201.0,222.0,217.72,25.0,198.0,24.0,218.6,20.0,209.36,16.72,246.0,45.0,2.276960693553437,291,201.0,-47.0,0.69,201.0,3.0
2025-03-19 07:38:22,201.0,186.0,211.83,30.0,198.44,18.0,212.72,18.0,206.42,10.830000000000013,204.0,48.0,3.2711435309365515,252,156.0,-39.0,0.62,201.0,5.0
2025-03-19 07:38:23,201.0,126.0,206.89,19.0,199.0,10.0,208.0,18.0,203.95,5.889999999999986,136.0,37.0,3.9852201946679022,173,99.0,-79.0,0.57,201.0,5.0
2025-03-19 07:38:24,201.0,114.0,203.23,30.0,199.0,15.0,204.88,24.0,202.12,2.2299999999999898,129.0,54.0,3.831722850101481,183,75.0,10.0,0.41,201.0,3.0
2025-03-19 07:38:25,201.35,23.0,241.17,12.0,200.67,24.0,350.15,13.0,221.26,39.81999999999999,47.0,25.0,7.569941875601753,72,22.0,-111.0,0.31,201.83,6.0
2025-03-19 07:38:26,201.0,12.0,242.0,14.0,199.0,6.0,494.6,10.0,221.5,41.0,18.0,24.0,9.55298906102106,42,-6.0,-30.0,-0.14,201.83,
2025-03-19 07:38:27,197.47,17.0,214.0,21.0,196.86,7.0,410.0,7.0,205.74,16.53,24.0,28.0,9.639827799291233,52,-4.0,10.0,-0.08,199.0,6.0
2025-03-19 07:38:28,197.0,30.0,212.32,38.0,196.0,10.0,240.9,30.0,204.66,15.319999999999991,40.0,68.0,9.516032786828127,108,-28.0,56.0,-0.26,199.0,
2025-03-19 07:38:29,197.0,21.0,209.12,26.0,196.0,7.0,210.57,28.0,203.06,12.120000000000005,28.0,54.0,9.302240590308758,82,-26.0,-26.0,-0.32,199.0,
2025-03-19 07:38:30,199.0,21.0,206.5,24.0,197.0,16.0,208.28,25.0,202.75,7.5,37.0,49.0,7.896684114233595,86,-12.0,4.0,-0.14,199.0,
2025-03-19 07:38:31,199.0,35.0,204.87,31.0,197.0,20.0,205.92,39.0,201.94,5.8700000000000045,55.0,70.0,1.53853826731434,125,-15.0,39.0,-0.12,199.0,
2025-03-19 07:38:32,199.0,24.0,202.12,32.0,197.0,16.0,203.25,32.0,200.56,3.1200000000000045,40.0,64.0,1.5062137962424005,104,-24.0,-21.0,-0.23,199.0,
2025-03-19 07:38:33,197.72,25.0,200.1,29.0,196.25,24.0,201.3,40.0,198.91,2.3799999999999955,49.0,69.0,1.715059765719937,118,-20.0,14.0,-0.17,201.0,2.0
2025-03-19 07:38:34,172.85,33.0,198.12,50.0,166.27,60.0,249.05,40.0,185.48,25.27000000000001,93.0,90.0,7.109716590694215,183,3.0,65.0,0.02,197.44,9.0
2025-03-19 07:38:35,196.0,24.0,198.38,16.0,129.19,32.0,371.0,16.0,197.19,2.3799999999999955,56.0,32.0,6.582220749868007,88,24.0,-95.0,0.27,197.44,
2025-03-19 07:38:36,180.27,11.0,198.0,10.0,107.67,9.0,349.4,10.0,189.14,17.72999999999999,20.0,20.0,6.580275830084478,40,0.0,-48.0,0.0,196.0,3.0
2025-03-19 07:38:45,177.5,24.0,190.67,12.0,176.0,60.0,194.0,12.0,184.08,13.169999999999987,84.0,24.0,18.97641562571888,108,60.0,-48.0,0.56,196.0,
2025-03-19 07:38:46,180.74,31.0,192.95,20.0,178.52,67.0,319.18,33.0,186.85,12.20999999999998,98.0,53.0,19.80104466941129,151,45.0,43.0,0.3,191.2,5.0
2025-03-19 07:38:48,202.75,28.0,466.88,51.0,200.2,45.0,565.34,53.0,334.82,264.13,73.0,104.0,85.59776942187203,177,-31.0,22.0,-0.18,203.43,7.0
2025-03-19 07:38:50,196.92,52.0,375.67,43.0,191.24,25.0,530.59,61.0,286.3,178.75000000000003,77.0,104.0,76.74867601463838,181,-27.0,102.0,-0.15,199.0,10.0
2025-03-19 07:38:51,196.0,31.0,398.18,28.0,128.5,24.0,472.97,33.0,297.09,202.18,55.0,61.0,41.63712081784609,116,-6.0,-65.0,-0.05,199.0,
2025-03-19 07:38:52,196.0,130.0,217.06,16.0,106.45,51.0,269.08,26.0,206.53,21.06,181.0,42.0,68.32991021507294,223,139.0,107.0,0.62,197.0,1.0
2025-03-19 07:38:53,200.03,134.0,205.0,45.0,184.81,133.0,285.64,42.0,202.51,4.969999999999999,267.0,87.0,78.08497345840587,354,180.0,131.0,0.51,197.0,
2025-03-19 07:38:54,201.0,98.0,203.0,38.0,196.0,91.0,342.22,23.0,202.0,2.0,189.0,61.0,48.390324756091246,250,128.0,-104.0,0.51,197.0,
2025-03-19 07:38:55,202.0,9.0,255.33,36.0,201.0,126.0,355.76,29.0,228.67,53.33000000000001,135.0,65.0,40.49237582557962,200,70.0,-50.0,0.35,197.0,
2025-03-19 07:38:56,202.0,7.0,366.4,15.0,201.0,98.0,457.15,20.0,284.2,164.39999999999998,105.0,35.0,34.97789401893698,140,70.0,-60.0,0.5,197.0,
2025-03-19 07:38:57,202.0,6.0,310.55,20.0,201.0,84.0,409.67,18.0,256.27,108.55,90.0,38.0,35.55754983122403,128,52.0,-12.0,0.41,197.0,
2025-03-19 07:38:58,202.0,8.0,278.5,32.0,201.0,112.0,403.44,32.0,240.25,76.5,120.0,64.0,30.679137373791573,184,56.0,56.0,0.3,197.0,
2025-03-19 07:38:59,202.83,29.0,245.29,35.0,201.08,76.0,384.21,29.0,224.06,42.45999999999998,105.0,64.0,24.377691646256665,169,41.0,-15.0,0.24,197.0,
2025-03-19 07:39:00,203.0,32.0,264.19,16.0,202.0,8.0,376.95,21.0,233.59,61.19,40.0,37.0,23.553851702003456,77,3.0,-92.0,0.04,197.0,
2025-03-19 07:39:01,202.98,53.0,258.96,47.0,201.62,16.0,265.16,19.0,230.97,55.97999999999999,69.0,66.0,12.220107200838257,135,3.0,58.0,0.02,203.0,1.0
2025-03-19 07:39:07,202.0,30.0,239.04,28.0,200.71,35.0,241.21,28.0,220.52,37.03999999999999,65.0,56.0,4.12421871388825,121,9.0,-23.0,0.07,203.33,3.0
2025-03-19 07:39:08,202.84,19.0,234.6,30.0,199.98,44.0,236.24,25.0,218.72,31.75999999999999,63.0,55.0,4.446322075602242,118,8.0,-3.0,0.07,203.33,
2025-03-19 07:39:09,202.29,21.0,216.88,26.0,199.5,52.0,221.35,40.0,209.59,14.590000000000003,73.0,66.0,6.989273925093404,139,7.0,21.0,0.05,203.33,
2025-03-19 07:39:10,201.72,32.0,205.04,28.0,200.03,34.0,206.43,23.0,203.38,3.319999999999993,66.0,51.0,9.069103042748717,117,15.0,-22.0,0.13,202.0,1.0
2025-03-19 07:39:11,199.21,34.0,201.25,16.0,198.57,21.0,202.73,15.0,200.23,2.039999999999992,55.0,31.0,9.013371733152791,86,24.0,-31.0,0.28,200.0,4.0
2025-03-19 07:39:12,199.0,18.0,200.58,12.0,198.0,12.0,222.38,24.0,199.79,1.5800000000000125,30.0,36.0,7.950205657717335,66,-6.0,-20.0,-0.09,199.0,2.0
2025-03-19 07:39:13,198.46,13.0,257.71,24.0,197.46,13.0,395.34,41.0,228.08,59.24999999999997,26.0,65.0,11.775259232815191,91,-39.0,25.0,-0.43,199.33,3.0
2025-03-19 07:39:14,196.1,40.0,235.17,48.0,194.0,40.0,484.81,42.0,215.63,39.06999999999999,80.0,90.0,12.251880263861478,170,-10.0,79.0,-0.06,199.33,
2025-03-19 07:39:15,196.0,22.0,401.0,24.0,194.0,24.0,752.4,25.0,298.5,205.0,46.0,49.0,40.893935124905546,95,-3.0,-75.0,-0.03,196.0,4.0
2025-03-19 07:39:16,194.0,36.0,261.6,25.0,138.48,27.0,410.33,36.0,227.8,67.60000000000002,63.0,61.0,37.88637419970376,124,2.0,29.0,0.02,194.67,3.0
2025-03-19 07:39:17,194.0,10.0,196.0,10.0,124.33,18.0,381.0,20.0,195.0,2.0,28.0,30.0,39.01029761486036,58,-2.0,-66.0,-0.03,194.67,
2025-03-19 07:39:18,194.0,20.0,196.0,20.0,105.7,37.0,428.07,43.0,195.0,2.0,57.0,63.0,42.68571751768951,120,-6.0,62.0,-0.05,194.67,
2025-03-19 07:39:19,194.0,14.0,196.0,14.0,182.45,33.0,334.52,29.0,195.0,2.0,47.0,43.0,44.92369085460353,90,4.0,-30.0,0.04,194.67,
2025-03-19 07:39:20,194.0,4.0,196.0,4.0,189.0,14.0,321.0,8.0,195.0,2.0,18.0,12.0,14.668605932398815,30,6.0,-60.0,0.2,194.67,
2025-03-19 07:39:21,199.29,28.0,292.97,33.0,189.14,29.0,326.78,36.0,246.13,93.68000000000004,57.0,69.0,22.866031137912906,126,-12.0,96.0,-0.1,196.0,2.0
2025-03-19 07:39:22,203.45,22.0,271.0,36.0,196.46,26.0,333.0,45.0,237.23,67.55000000000001,48.0,81.0,25.760589473069032,129,-33.0,3.0,-0.26,204.0,5.0
2025-03-19 07:39:23,195.0,16.0,332.33,36.0,121.1,40.0,386.33,36.0,263.67,137.32999999999998,56.0,72.0,31.074404740879324,128,-16.0,-1.0,-0.12,198.0,2.0
2025-03-19 07:39:24,194.0,20.0,302.2,40.0,103.72,53.0,314.74,46.0,248.1,108.2,73.0,86.0,25.86815281383605,159,-13.0,31.0,-0.08,198.0,
2025-03-19 07:39:25,194.2,10.0,215.43,14.0,116.55,22.0,273.33,24.0,204.81,21.230000000000015,32.0,38.0,21.84870751325973,70,-6.0,-89.0,-0.09,198.0,
2025-03-19 07:39:26,194.46,13.0,197.17,23.0,150.17,36.0,250.8,20.0,195.82,2.7099999999999795,49.0,43.0,28.793805410191634,92,6.0,22.0,0.07,197.0,1.0
2025-03-19 07:39:27,194.0,10.0,197.0,15.0,96.0,30.0,198.0,10.0,195.5,3.0,40.0,25.0,32.015056614036915,65,15.0,-27.0,0.23,197.0,
2025-03-19 07:39:28,191.6,15.0,195.25,16.0,130.4,30.0,196.09,32.0,193.43,3.6500000000000057,45.0,48.0,23.09750138001945,93,-3.0,28.0,-0.03,194.0,2.0
2025-03-19 07:39:29,163.57,46.0,195.18,22.0,107.29,58.0,196.28,29.0,179.37,31.610000000000014,104.0,51.0,9.17266755093701,155,53.0,62.0,0.34,195.33,3.0
2025-03-19 07:39:30,148.76,29.0,194.0,10.0,76.58,26.0,196.0,10.0,171.38,45.24000000000001,55.0,20.0,11.107864331185294,75,35.0,-80.0,0.47,195.33,
2025-03-19 07:39:34,138.51,109.0,219.85,39.0,83.54,67.0,383.43,21.0,179.18,81.34,176.0,60.0,55.25076035675898,236,116.0,31.0,0.49,195.33,
2025-03-19 07:39:35,148.05,86.0,194.87,46.0,133.48,62.0,240.76,63.0,171.46,46.81999999999999,148.0,109.0,55.2410908654057,257,39.0,21.0,0.15,195.0,1.0
2025-03-19 07:39:36,154.11,37.0,192.5,16.0,147.33,12.0,196.36,44.0,173.3,38.38999999999999,49.0,60.0,52.54912844186863,109,-11.0,-148.0,-0.1,194.5,8.0
2025-03-19 07:39:37,160.97,33.0,195.57,14.0,144.16,25.0,197.88,34.0,178.27,34.599999999999994,58.0,48.0,53.3836755946985,106,10.0,-3.0,0.09,194.5,
2025-03-19 07:39:38,170.06,35.0,196.08,25.0,160.42,43.0,198.52,25.0,183.07,26.02000000000001,78.0,50.0,4.679105683784536,128,28.0,22.0,0.22,196.0,7.0
2025-03-19 07:39:39,176.55,74.0,195.91,44.0,175.08,52.0,241.97,36.0,186.23,19.359999999999985,126.0,80.0,6.270696133606203,206,46.0,78.0,0.22,191.6,5.0
2025-03-19 07:39:40,188.66,47.0,308.31,32.0,179.78,37.0,402.62,32.0,248.49,119.65,84.0,64.0,30.92264089627557,148,20.0,-58.0,0.14,191.6,
2025-03-19 07:39:41,198.13,69.0,321.0,36.0,195.46,41.0,405.67,27.0,259.57,122.87,110.0,63.0,39.463135709165385,173,47.0,25.0,0.27,198.25,4.0
2025-03-19 07:39:42,199.0,28.0,295.0,24.0,196.0,126.0,324.96,25.0,247.0,96.0,154.0,49.0,37.05408506494252,203,105.0,30.0,0.52,198.25,
2025-03-19 07:39:43,196.53,60.0,243.0,21.0,195.91,94.0,321.0,28.0,219.77,46.47,154.0,49.0,29.585748596241263,203,105.0,0.0,0.52,199.0,4.0
2025-03-19 07:39:44,197.57,35.0,232.8,10.0,196.0,126.0,242.95,19.0,215.19,35.23000000000002,161.0,29.0,19.42249932423703,190,132.0,-13.0,0.69,199.0,
2025-03-19 07:39:45,199.55,55.0,217.79,14.0,196.08,118.0,237.15,33.0,208.67,18.23999999999998,173.0,47.0,22.035963786501213,220,126.0,30.0,0.57,199.0,
2025-03-19 07:39:46,200.14,35.0,215.03,31.0,197.17,12.0,225.0,9.0,207.59,14.890000000000017,47.0,40.0,16.077408995233014,87,7.0,-133.0,0.08,199.0,
2025-03-19 07:39:47,201.42,60.0,213.2,20.0,198.0,156.0,214.15,34.0,207.31,11.78,216.0,54.0,5.537371217464526,270,162.0,169.5,0.6,199.0,
2025-03-19 07:39:48,203.11,36.0,208.33,51.0,200.52,103.0,209.02,49.0,205.72,5.219999999999999,139.0,100.0,3.673333635814509,239,39.0,-31.0,0.16,199.0,
2025-03-19 07:39:49,201.36,50.0,203.76,50.0,198.59,102.0,240.89,44.0,202.56,2.3999999999999773,152.0,94.0,2.3770044173303018,246,58.0,7.0,0.24,202.57,7.0
2025-03-19 07:39:50,199.0,56.0,204.36,42.0,198.0,266.0,311.07,58.0,201.68,5.360000000000014,322.0,100.0,2.7172909303217057,422,222.0,169.5,0.53,202.57,
2025-03-19 07:39:51,199.5,32.0,202.92,36.0,198.3,108.0,220.0,36.0,201.21,3.4199999999999875,140.0,72.0,2.678269963989685,212,68.0,-170.5,0.32,202.57,
2025-03-19 07:39:52,198.19,150.0,292.71,24.0,197.71,117.0,345.89,44.0,245.45,94.51999999999998,267.0,68.0,19.15787122829687,335,199.0,123.0,0.59,200.23,13.0
2025-03-19 07:39:53,199.21,48.0,328.33,15.0,199.62,42.0,358.92,37.0,263.77,129.11999999999998,90.0,52.0,29.63660624970408,142,38.0,-170.5,0.27,200.23,
2025-03-19 07:39:54,202.42,12.0,213.14,14.0,198.21,192.0,422.94,32.0,207.78,10.72,204.0,46.0,28.820166030056075,250,158.0,108.0,0.63,202.5,2.0
2025-03-19 07:39:55,202.0,11.0,211.0,11.0,198.87,46.0,337.65,17.0,206.5,9.0,57.0,28.0,27.955505182342847,85,29.0,-165.0,0.34,202.5,
2025-03-19 07:39:56,202.0,6.0,209.17,6.0,200.0,12.0,420.0,18.0,205.58,7.169999999999988,18.0,24.0,27.0827478295685,42,-6.0,-43.0,-0.14,202.5,
2025-03-19 07:39:57,198.11,111.0,209.0,8.0,197.73,11.0,409.3,20.0,203.55,10.889999999999986,122.0,28.0,25.947349190235244,150,94.0,108.0,0.63,199.0,8.0
2025-03-19 07:39:58,198.0,110.0,208.83,6.0,195.0,6.0,313.0,6.0,203.42,10.830000000000013,116.0,12.0,1.8870559080239853,128,104.0,-22.0,0.81,198.0,4.0
2025-03-19 07:39:59,198.0,232.0,208.0,14.0,195.0,14.0,279.18,22.0,203.0,10.0,246.0,36.0,1.5366196666737824,282,210.0,154.0,0.74,198.0,3.0
2025-03-19 07:40:00,198.0,28.0,208.0,12.0,195.0,12.0,654.2,30.0,203.0,10.0,40.0,42.0,1.074104277995831,82,-2.0,-170.5,-0.02,198.0,
2025-03-19 07:40:01,198.0,20.0,207.8,5.0,195.0,5.0,669.8,15.0,202.9,9.800000000000011,25.0,20.0,0.2904823574835078,45,5.0,-37.0,0.11,198.0,2.0
2025-03-19 07:40:02,198.19,26.0,207.0,10.0,195.75,12.0,620.33,36.0,202.6,8.810000000000002,38.0,46.0,0.2937345740788064,84,-8.0,39.0,-0.1,198.0,
2025-03-19 07:40:03,199.07,54.0,207.0,12.0,198.25,40.0,421.86,29.0,203.04,7.930000000000007,94.0,41.0,0.1797776404598033,135,53.0,51.0,0.39,198.0,
2025-03-19 07:40:04,201.18,55.0,207.0,14.0,200.49,51.0,235.83,46.0,204.09,5.819999999999993,106.0,60.0,0.5657561312166234,166,46.0,31.0,0.28,198.0,
2025-03-19 07:40:05,202.9,42.0,205.32,34.0,199.28,47.0,345.07,44.0,204.11,2.4199999999999875,89.0,78.0,0.7046772310846336,167,11.0,1.0,0.07,204.2,5.0
2025-03-19 07:40:06,202.0,10.0,206.0,5.0,198.0,5.0,302.0,20.0,204.0,4.0,15.0,25.0,0.701548287724377,40,-10.0,-127.0,-0.25,204.2,
2025-03-19 07:40:07,200.0,33.0,204.5,12.0,197.36,14.0,344.92,53.0,202.25,4.5,47.0,65.0,0.82829342627419,112,-18.0,72.0,-0.16,198.8,5.0
2025-03-19 07:40:08,197.25,80.0,203.0,50.0,195.79,70.0,204.0,10.0,200.12,5.75,150.0,60.0,1.7492941433644895,210,90.0,98.0,0.43,198.8,
2025-03-19 07:40:09,200.16,32.0,272.2,20.0,197.36,67.0,326.1,31.0,236.18,72.03999999999999,99.0,51.0,15.095779873858996,150,48.0,-60.0,0.32,200.5,4.0
2025-03-19 07:40:10,202.17,29.0,438.03,35.0,197.69,26.0,729.33,36.0,320.1,235.86,55.0,71.0,51.14458622376367,126,-16.0,-24.0,-0.13,200.5,
2025-03-19 07:40:12,203.0,12.0,368.67,18.0,200.0,12.0,684.0,24.0,285.83,165.67000000000002,24.0,42.0,77.05636819887093,66,-18.0,-15.0,-0.27,200.5,
2025-03-19 07:40:15,194.9,42.0,447.47,75.0,193.99,146.0,525.45,62.0,321.19,252.57,188.0,137.0,48.72591168977687,325,51.0,102.0,0.16,195.29,7.0
2025-03-19 07:40:16,194.0,100.0,445.0,50.0,193.0,80.0,446.0,50.0,319.5,251.0,180.0,100.0,42.92183861392639,280,80.0,-45.0,0.29,195.29,
2025-03-19 07:40:17,194.64,66.0,335.04,52.0,193.56,108.0,426.52,58.0,264.84,140.40000000000003,174.0,110.0,49.76652469280878,284,64.0,4.0,0.23,195.29,
2025-03-19 07:40:18,195.06,36.0,319.0,35.0,193.62,64.0,321.0,28.0,257.03,123.94,100.0,63.0,46.48426131498661,163,37.0,-121.0,0.23,195.29,
2025-03-19 07:40:22,202.38,32.0,209.12,41.0,194.54,112.0,210.47,60.0,205.75,6.740000000000009,144.0,101.0,24.619983143779805,245,43.0,78.0,0.18,208.0,2.0
2025-03-19 07:40:23,199.43,28.0,202.95,42.0,194.26,116.0,203.46,52.0,201.19,3.519999999999982,144.0,94.0,21.105355955302144,238,50.0,-7.0,0.21,201.33,3.0
2025-03-19 07:40:24,196.54,67.0,199.83,23.0,194.38,116.0,201.82,39.0,198.18,3.2900000000000205,183.0,62.0,7.562686691911399,245,121.0,7.0,0.49,196.86,7.0
2025-03-19 07:40:25,197.0,61.0,198.73,33.0,195.73,55.0,199.6,15.0,197.86,1.7299999999999898,116.0,48.0,5.500748130937816,164,68.0,-81.0,0.41,197.0,3.0
2025-03-19 07:40:26,197.0,40.0,241.97,34.0,195.0,40.0,317.95,21.0,219.49,44.97,80.0,55.0,8.961731417533942,135,25.0,-29.0,0.19,199.2,5.0
2025-03-19 07:40:27,197.0,40.0,254.88,32.0,195.0,40.0,257.16,38.0,225.94,57.88,80.0,70.0,13.21057038889739,150,10.0,15.0,0.07,199.2,
2025-03-19 07:40:28,197.0,40.0,211.38,16.0,195.0,40.0,253.25,32.0,204.19,14.379999999999995,80.0,48.0,12.857144706349546,128,32.0,-22.0,0.25,199.2,
2025-03-19 07:40:29,174.86,28.0,210.73,55.0,104.75,89.0,212.0,11.0,192.79,35.869999999999976,117.0,66.0,14.164470692546644,183,51.0,55.0,0.28,196.0,10.0
2025-03-19 07:40:30,197.0,36.0,208.0,45.0,162.51,106.0,210.67,9.0,202.5,11.0,142.0,54.0,13.464325827905844,196,88.0,13.0,0.45,197.0,3.0
2025-03-19 07:40:31,174.5,18.0,207.0,45.0,153.03,60.0,544.8,30.0,190.75,32.5,78.0,75.0,13.98161757451603,153,3.0,-43.0,0.02,197.0,2.0
2025-03-19 07:40:32,171.59,34.0,205.62,40.0,114.3,46.0,329.7,44.0,188.61,34.03,80.0,84.0,7.09816314267426,164,-4.0,11.0,-0.02,196.0,1.0
2025-03-19 07:40:34,147.88,24.0,204.85,46.0,139.29,35.0,437.83,30.0,176.36,56.97,59.0,76.0,12.73450313125818,135,-17.0,42.0,-0.13,196.0,
2025-03-19 07:40:35,174.92,39.0,203.39,38.0,151.0,30.0,216.93,41.0,189.16,28.47,69.0,79.0,9.240266771042153,148,-10.0,13.0,-0.07,197.75,4.0
2025-03-19 07:40:36,199.64,33.0,204.11,45.0,196.5,48.0,216.0,36.0,201.87,4.470000000000027,81.0,81.0,12.381129593055086,162,0.0,14.0,0.0,197.75,
2025-03-19 07:40:37,200.8,20.0,204.0,60.0,199.5,48.0,216.0,48.0,202.4,3.1999999999999886,68.0,108.0,14.655441992653198,176,-40.0,14.0,-0.23,197.75,
2025-03-19 07:40:38,200.14,22.0,364.65,37.0,198.93,45.0,435.93,27.0,282.39,164.51,67.0,64.0,41.62082928054184,131,3.0,-45.0,0.02,203.0,1.0
2025-03-19 07:40:39,200.56,27.0,303.45,33.0,198.0,54.0,389.03,35.0,252.01,102.89,81.0,68.0,39.84913085626837,149,13.0,18.0,0.09,203.0,
2025-03-19 07:40:40,201.24,49.0,237.53,55.0,180.92,77.0,238.8,50.0,219.39,36.28999999999999,126.0,105.0,34.93489831100123,231,21.0,82.0,0.09,201.6,5.0
2025-03-19 07:40:41,198.6,52.0,236.0,39.0,127.21,19.0,237.0,52.0,217.3,37.400000000000006,71.0,91.0,32.2273885072929,162,-20.0,-69.0,-0.12,198.0,3.0
2025-03-19 07:40:42,201.4,101.0,234.81,36.0,200.9,40.0,236.34,47.0,218.1,33.41,141.0,83.0,28.885346977316942,224,58.0,62.0,0.26,203.0,1.0
2025-03-19 07:40:43,202.0,81.0,230.44,27.0,200.0,18.0,233.0,36.0,216.22,28.44,99.0,63.0,15.36405317616418,162,36.0,-62.0,0.22,203.0,
2025-03-19 07:40:44,202.0,63.0,229.5,24.0,200.0,16.0,233.0,32.0,215.75,27.5,79.0,56.0,1.4631712134964812,135,23.0,-27.0,0.17,202.0,5.0
2025-03-19 07:40:45,202.0,36.0,226.88,25.0,200.0,18.0,228.05,21.0,214.44,24.879999999999995,54.0,46.0,1.4132657216551126,100,8.0,-35.0,0.08,202.0,
2025-03-19 07:40:46,202.0,32.0,226.0,30.0,200.0,20.0,227.0,40.0,214.0,24.0,52.0,70.0,1.6209935225057843,122,-18.0,22.0,-0.15,202.0,2.0
2025-03-19 07:40:47,202.33,18.0,223.47,15.0,201.0,24.0,225.06,47.0,212.9,21.139999999999983,42.0,62.0,1.3419463476630868,104,-20.0,-18.0,-0.19,202.0,
2025-03-19 07:40:48,203.43,14.0,221.21,14.0,202.0,28.0,225.0,56.0,212.32,17.78,42.0,70.0,1.3433986750055846,112,-28.0,8.0,-0.25,202.0,
2025-03-19 07:40:51,199.89,18.0,214.1,31.0,198.24,21.0,215.5,32.0,206.99,14.210000000000008,39.0,63.0,2.439461006043808,102,-24.0,30.0,-0.24,203.8,5.0
2025-03-19 07:40:52,201.29,14.0,212.0,28.0,198.26,19.0,213.0,21.0,206.64,10.710000000000008,33.0,49.0,2.958960966286811,82,-16.0,-20.0,-0.2,203.8,
2025-03-19 07:40:55,200.0,48.0,207.29,14.0,198.0,24.0,208.09,22.0,203.64,7.289999999999992,72.0,36.0,1.81790538808019,108,36.0,-35.0,0.33,203.8,
2025-03-19 07:40:56,200.0,56.0,205.25,24.0,198.0,39.0,206.08,24.0,202.62,5.25,95.0,48.0,2.510497958575448,143,47.0,35.0,0.33,203.8,
2025-03-19 07:40:57,200.0,58.0,201.54,24.0,198.0,48.0,203.38,21.0,200.77,1.539999999999992,106.0,45.0,3.248458095775928,151,61.0,8.0,0.4,200.0,3.0
2025-03-19 07:40:58,199.74,69.0,254.54,26.0,197.8,45.0,351.27,22.0,227.14,54.79999999999998,114.0,48.0,10.802644120770152,162,66.0,11.0,0.41,201.5,2.0
2025-03-19 07:40:59,201.45,22.0,298.25,16.0,199.71,41.0,344.28,25.0,249.85,96.8,63.0,41.0,21.391802869323683,104,22.0,-58.0,0.21,204.0,1.0
2025-03-19 07:41:00,204.0,11.0,323.0,44.0,200.53,57.0,442.0,14.0,263.5,119.0,68.0,58.0,27.93303832382002,126,10.0,22.0,0.08,204.0,
2025-03-19 07:41:01,202.37,27.0,375.07,28.0,200.42,71.0,485.5,16.0,288.72,172.7,98.0,44.0,33.71766347183608,142,54.0,16.0,0.38,202.0,2.0
2025-03-19 07:41:02,202.0,15.0,369.58,36.0,200.0,105.0,444.2,15.0,285.79,167.57999999999998,120.0,51.0,25.690536195260293,171,69.0,29.0,0.4,200.4,5.0
2025-03-19 07:41:03,200.91,44.0,439.92,12.0,199.71,28.0,442.33,18.0,320.41,239.01,72.0,30.0,26.972784987834856,102,42.0,-69.0,0.41,200.4,
2025-03-19 07:41:04,203.73,15.0,425.67,15.0,200.0,27.0,440.75,16.0,314.7,221.94000000000003,42.0,31.0,23.181693855280752,73,11.0,-29.0,0.15,204.0,3.0
2025-03-19 07:41:05,200.92,13.0,413.0,8.0,198.41,44.0,414.0,32.0,306.96,212.08,57.0,40.0,15.453825739924593,97,17.0,24.0,0.18,202.0,2.0
2025-03-19 07:41:06,198.33,24.0,413.0,6.0,197.54,26.0,414.0,24.0,305.67,214.67,50.0,30.0,13.136975679354586,80,20.0,-17.0,0.25,199.0,4.0
2025-03-19 07:41:07,198.62,40.0,290.12,16.0,197.74,34.0,413.85,26.0,244.38,91.5,74.0,42.0,30.799407948854448,116,32.0,36.0,0.28,199.0,
2025-03-19 07:41:08,200.38,40.0,217.0,40.0,198.0,45.0,412.0,8.0,208.69,16.620000000000005,85.0,48.0,47.08223922032563,133,37.0,17.0,0.28,199.0,
2025-03-19 07:41:09,202.0,40.0,216.94,32.0,198.0,60.0,287.68,19.0,209.47,14.939999999999998,100.0,51.0,48.98383947793376,151,49.0,18.0,0.32,199.0,
2025-03-19 07:41:10,202.0,40.0,215.38,8.0,198.0,40.0,295.06,33.0,208.69,13.379999999999995,80.0,41.0,42.18330356906622,121,39.0,-30.0,0.32,199.0,
2025-03-19 07:41:11,202.0,55.0,211.45,11.0,198.0,55.0,239.86,14.0,206.73,9.449999999999989,110.0,25.0,16.124810696563443,135,85.0,14.0,0.63,199.0,
2025-03-19 07:41:17,202.0,25.0,304.4,10.0,199.0,5.0,581.4,20.0,253.2,102.39999999999998,30.0,30.0,32.01585357287802,60,0.0,-42.0,0.0,199.0,
2025-03-19 07:41:18,202.0,28.0,304.0,16.0,199.0,8.0,516.3,40.0,253.0,102.0,36.0,56.0,29.650282966608824,92,-20.0,32.0,-0.22,202.0,2.0
2025-03-19 07:41:19,202.22,27.0,304.0,18.0,200.78,23.0,495.82,44.0,253.11,101.78,50.0,62.0,2.3319905660148863,112,-12.0,20.0,-0.11,202.0,
2025-03-19 07:41:20,202.59,22.0,288.0,28.0,201.86,42.0,462.62,32.0,245.3,85.41,64.0,60.0,3.817129811780588,124,4.0,12.0,0.03,204.5,4.0
2025-03-19 07:41:21,201.0,25.0,276.0,20.0,199.0,5.0,304.0,10.0,238.5,75.0,30.0,30.0,6.590858821123857,60,0.0,-64.0,0.0,201.6,5.0
2025-03-19 07:41:22,201.36,22.0,296.0,14.0,200.2,10.0,364.0,22.0,248.68,94.64,32.0,36.0,6.097476527219005,68,-4.0,8.0,-0.06,201.0,2.0
2025-03-19 07:41:23,203.0,18.0,269.08,26.0,201.0,27.0,305.29,28.0,236.04,66.07999999999998,45.0,54.0,7.065138356747793,99,-9.0,31.0,-0.09,201.0,
2025-03-19 07:41:24,203.0,28.0,232.45,40.0,201.0,42.0,283.5,48.0,217.72,29.44999999999999,70.0,88.0,12.040503311738808,158,-18.0,59.0,-0.11,201.0,
2025-03-19 07:41:25,202.76,25.0,258.81,21.0,200.71,28.0,306.54,39.0,230.78,56.05000000000001,53.0,60.0,11.343821225671483,113,-7.0,-45.0,-0.06,201.0,
2025-03-19 07:41:26,203.0,60.0,255.54,57.0,201.0,30.0,258.25,48.0,229.27,52.53999999999999,90.0,105.0,11.249040848001046,195,-15.0,82.0,-0.08,201.0,
2025-03-19 07:41:27,203.0,42.0,251.25,24.0,201.0,48.0,254.0,60.0,227.12,48.25,90.0,84.0,6.713097645647546,174,6.0,-21.0,0.03,203.0,2.0
2025-03-19 07:41:28,203.0,16.0,248.62,16.0,201.0,32.0,254.0,40.0,225.81,45.620000000000005,48.0,56.0,5.081638515282241,104,-8.0,-70.0,-0.08,203.0,
2025-03-19 07:41:29,202.0,24.0,248.0,24.0,200.6,30.0,254.0,60.0,225.0,46.0,54.0,84.0,2.402900330849997,138,-30.0,34.0,-0.22,202.0,4.0
2025-03-19 07:41:30,201.85,66.0,228.8,40.0,199.97,29.0,251.33,36.0,215.32,26.950000000000017,95.0,76.0,5.381814749691865,171,19.0,33.0,0.11,202.0,
2025-03-19 07:41:31,202.0,144.0,220.8,56.0,201.0,36.0,222.15,85.0,211.4,18.80000000000001,180.0,141.0,7.088518886199226,321,39.0,150.0,0.12,202.0,
2025-03-19 07:41:32,202.92,39.0,219.21,38.0,201.0,26.0,220.96,57.0,211.07,16.29000000000002,65.0,95.0,7.217537668762473,160,-30.0,-161.0,-0.19,202.0,5.0
2025-03-19 07:41:33,203.04,25.0,217.21,33.0,201.32,19.0,218.33,45.0,210.13,14.170000000000016,44.0,78.0,6.151400653510327,122,-34.0,-38.0,-0.28,202.0,
2025-03-19 07:41:34,203.03,33.0,212.43,49.0,201.17,35.0,214.56,73.0,207.73,9.400000000000006,68.0,122.0,2.7473896702159943,190,-54.0,68.0,-0.28,203.5,2.0
2025-03-19 07:41:35,202.29,31.0,210.5,70.0,199.47,34.0,211.5,70.0,206.4,8.210000000000008,65.0,140.0,2.184955377121167,205,-75.0,15.0,-0.37,205.3,10.0
2025-03-19 07:41:36,199.0,49.0,206.25,48.0,198.0,39.0,208.17,59.0,202.62,7.25,88.0,107.0,3.3428505799709054,195,-19.0,-10.0,-0.1,199.0,3.0
2025-03-19 07:41:37,174.6,35.0,199.8,75.0,107.42,65.0,202.28,74.0,187.2,25.200000000000017,100.0,149.0,9.14309739639773,249,-49.0,54.0,-0.2,198.12,8.0
2025-03-19 07:41:40,177.06,17.0,194.22,36.0,126.2,10.0,196.0,9.0,185.64,17.159999999999997,27.0,45.0,27.51338183502776,72,-18.0,-1.0,-0.25,198.12,
2025-03-19 07:41:41,178.0,12.0,193.0,48.0,149.47,30.0,196.0,12.0,185.5,15.0,42.0,60.0,23.60028008308456,102,-18.0,30.0,-0.18,198.12,
2025-03-19 07:41:42,179.03,58.0,193.0,21.0,178.7,23.0,196.0,9.0,186.02,13.97,81.0,30.0,23.37740533078977,111,51.0,9.0,0.46,193.0,3.0
2025-03-19 07:41:43,181.63,59.0,193.0,10.0,179.23,31.0,196.0,10.0,187.31,11.370000000000005,90.0,20.0,17.58888626377553,110,70.0,-1.0,0.64,193.0,
2025-03-19 07:41:44,183.55,55.0,193.0,13.0,183.61,62.0,196.0,13.0,188.27,9.449999999999989,117.0,26.0,1.1986951238850656,143,91.0,33.0,0.64,193.0,
2025-03-19 07:41:45,185.0,13.0,193.0,13.0,184.0,104.0,196.0,13.0,189.0,8.0,117.0,26.0,1.47287134537451,143,91.0,0.0,0.64,193.0,
2025-03-19 07:41:46,187.55,33.0,193.0,12.0,184.12,75.0,196.0,12.0,190.27,5.449999999999989,108.0,24.0,1.6179400483406718,132,84.0,-11.0,0.64,193.0,
2025-03-19 07:41:47,189.25,32.0,193.0,11.0,188.91,67.0,196.0,11.0,191.12,3.75,99.0,22.0,1.525460586191552,121,77.0,-11.0,0.64,193.0,
2025-03-19 07:41:48,190.97,91.0,193.0,12.0,189.8,41.0,196.0,12.0,191.98,2.030000000000001,132.0,24.0,1.5131655560523367,156,108.0,35.0,0.69,193.0,
2025-03-19 07:41:49,191.77,44.0,196.0,15.0,187.5,18.0,243.57,35.0,193.89,4.22999999999999,62.0,50.0,1.8399918478140973,112,12.0,-44.0,0.11,196.0,5.0
2025-03-19 07:41:50,192.47,79.0,195.0,24.0,191.0,12.0,197.0,24.0,193.73,2.530000000000001,91.0,48.0,1.591907660645439,139,43.0,27.0,0.31,193.0,5.0
2025-03-19 07:41:51,193.0,10.0,194.09,22.0,191.0,5.0,195.4,10.0,193.55,1.0900000000000034,15.0,32.0,1.2344755971752486,47,-17.0,-92.0,-0.36,193.0,
2025-03-19 07:41:52,192.26,19.0,193.94,48.0,100.71,28.0,195.29,41.0,193.1,1.6800000000000068,47.0,89.0,0.768992847834702,136,-42.0,89.0,-0.31,193.0,2.0
2025-03-19 07:41:53,141.82,17.0,192.0,45.0,117.78,36.0,194.18,79.0,166.91,50.18000000000001,53.0,124.0,11.92525806848742,177,-71.0,41.0,-0.4,193.0,
2025-03-19 07:41:54,155.6,10.0,190.95,40.0,153.0,10.0,193.5,48.0,173.27,35.349999999999994,20.0,88.0,12.998304504820124,108,-68.0,-69.0,-0.63,191.0,2.0
2025-03-19 07:41:55,156.83,12.0,190.87,23.0,149.5,12.0,191.56,27.0,173.85,34.03999999999999,24.0,50.0,12.344872619838164,74,-26.0,-34.0,-0.35,190.0,1.0
2025-03-19 07:41:56,159.44,27.0,191.0,40.0,157.47,17.0,192.0,33.0,175.22,31.56,44.0,73.0,9.831294421388897,117,-29.0,43.0,-0.25,191.0,2.0
2025-03-19 07:41:57,173.11,27.0,191.09,35.0,160.82,17.0,192.34,29.0,182.1,17.97999999999999,44.0,64.0,5.4211945178193,108,-20.0,-9.0,-0.19,191.0,
2025-03-19 07:41:58,188.21,19.0,191.0,30.0,173.56,27.0,192.0,27.0,189.61,2.789999999999992,46.0,57.0,6.9936649905490285,103,-11.0,-5.0,-0.11,191.0,3.0
2025-03-19 07:41:59,190.67,18.0,192.74,38.0,182.0,24.0,194.05,56.0,191.7,2.0700000000000216,42.0,94.0,8.111302608091297,136,-52.0,33.0,-0.38,191.75,4.0
2025-03-19 07:42:00,192.08,26.0,194.44,45.0,190.0,13.0,195.2,50.0,193.26,2.359999999999985,39.0,95.0,7.565277258635403,134,-56.0,-2.0,-0.42,194.17,6.0
2025-03-19 07:42:01,193.5,8.0,195.0,20.0,180.33,9.0,196.0,12.0,194.25,1.5,17.0,32.0,4.846981534937333,49,-15.0,-85.0,-0.31,195.0,3.0
2025-03-19 07:42:08,159.0,4.0,197.0,10.0,129.0,2.0,199.0,6.0,178.0,38.0,6.0,16.0,7.488960542027172,22,-10.0,-38.0,-0.45,195.0,
2025-03-19 07:42:09,180.41,27.0,367.13,31.0,126.27,11.0,412.54,39.0,273.77,186.72,38.0,70.0,48.67451355689158,108,-32.0,86.0,-0.3,198.2,10.0
2025-03-19 07:42:10,198.34,35.0,386.83,41.0,159.42,19.0,544.82,44.0,292.59,188.49,54.0,85.0,63.89864184785153,139,-31.0,31.0,-0.22,204.0,4.0
2025-03-19 07:42:11,169.11,9.0,191.89,45.0,132.43,40.0,222.03,34.0,180.5,22.779999999999973,49.0,79.0,60.63063392378477,128,-30.0,-11.0,-0.23,204.0,
2025-03-19 07:42:12,179.73,11.0,191.0,50.0,179.07,15.0,193.0,50.0,185.36,11.27000000000001,26.0,100.0,56.26679953578306,126,-74.0,-2.0,-0.59,204.0,
2025-03-19 07:42:13,186.38,8.0,191.0,28.0,143.38,34.0,193.0,40.0,188.69,4.6200000000000045,42.0,68.0,54.345126460428766,110,-26.0,-16.0,-0.24,191.0,2.0
2025-03-19 07:42:14,187.33,9.0,191.0,22.0,128.79,57.0,193.0,45.0,189.17,3.669999999999988,66.0,67.0,47.82522733871746,133,-1.0,23.0,-0.01,191.0,1.0
2025-03-19 07:42:15,174.57,7.0,194.85,26.0,89.0,6.0,255.08,26.0,184.71,20.28,13.0,52.0,3.5041304199507315,65,-39.0,-68.0,-0.6,193.22,9.0
2025-03-19 07:42:18,199.44,9.0,445.91,11.0,89.71,31.0,488.76,17.0,322.68,246.47000000000003,40.0,28.0,55.995720997233285,68,12.0,-57.0,0.18,193.22,
2025-03-19 07:42:27,203.0,99.0,213.84,19.0,201.0,9.0,214.92,26.0,208.42,10.840000000000003,108.0,45.0,7.492472889508084,153,63.0,89.0,0.41,193.22,
2025-03-19 07:42:28,203.0,84.0,212.6,20.0,201.0,8.0,213.4,20.0,207.8,9.599999999999994,92.0,40.0,2.493421344261117,132,52.0,-21.0,0.39,203.0,4.0
2025-03-19 07:42:29,203.0,53.0,211.62,24.0,201.0,11.0,212.87,31.0,207.31,8.620000000000005,64.0,55.0,1.6583817413424509,119,9.0,-13.0,0.08,203.0,3.0
2025-03-19 07:42:30,203.4,30.0,209.65,23.0,202.33,18.0,210.91,22.0,206.53,6.25,48.0,45.0,1.2301422682026726,93,3.0,-26.0,0.03,203.0,
2025-03-19 07:42:31,203.0,41.0,206.55,29.0,201.0,11.0,208.92,26.0,204.78,3.550000000000012,52.0,55.0,1.4050516004829516,107,-3.0,14.0,-0.03,203.0,3.0
2025-03-19 07:42:32,202.56,9.0,204.56,16.0,200.47,15.0,205.75,24.0,203.56,2.0,24.0,40.0,1.780373556313554,64,-16.0,-43.0,-0.25,203.5,2.0
2025-03-19 07:42:33,202.25,8.0,204.0,7.0,199.57,21.0,205.0,21.0,203.12,1.75,29.0,28.0,1.8245136338272117,57,1.0,-7.0,0.02,200.33,3.0
2025-03-19 07:42:34,199.43,37.0,203.85,13.0,197.38,58.0,205.0,39.0,201.64,4.419999999999988,95.0,52.0,1.8384449951038384,147,43.0,90.0,0.29,201.0,3.0
2025-03-19 07:42:35,199.0,36.0,201.07,14.0,197.0,72.0,204.88,34.0,200.04,2.069999999999993,108.0,48.0,1.8313710710894768,156,60.0,9.0,0.38,201.0,
2025-03-19 07:42:36,197.67,45.0,200.15,20.0,196.75,40.0,210.73,15.0,198.91,2.480000000000018,85.0,35.0,1.982215931735079,120,50.0,-36.0,0.42,199.0,3.0
2025-03-19 07:42:37,198.75,24.0,209.28,18.0,196.86,42.0,249.92,13.0,204.01,10.53,66.0,31.0,2.1079682160849287,97,35.0,-23.0,0.36,200.0,1.0
2025-03-19 07:42:38,204.0,10.0,206.65,23.0,198.25,64.0,207.67,27.0,205.33,2.6500000000000057,74.0,50.0,2.6761595617645693,124,24.0,27.0,0.19,200.0,
2025-03-19 07:42:39,203.2,40.0,205.82,28.0,202.33,72.0,207.75,32.0,204.51,2.6200000000000045,112.0,60.0,2.883175332861918,172,52.0,48.0,0.3,204.0,1.0
2025-03-19 07:42:40,203.28,29.0,206.0,24.0,202.3,46.0,383.0,16.0,204.64,2.719999999999999,75.0,40.0,2.597826014193913,115,35.0,-57.0,0.3,205.0,1.0
2025-03-19 07:42:41,203.0,48.0,204.6,10.0,198.0,12.0,205.33,18.0,203.8,1.5999999999999943,60.0,28.0,0.5978879493866891,88,32.0,-27.0,0.36,205.0,
2025-03-19 07:42:42,203.0,51.0,204.13,15.0,199.29,28.0,213.37,43.0,203.57,1.1299999999999957,79.0,58.0,0.703384674287044,137,21.0,49.0,0.15,203.43,7.0
2025-03-19 07:42:43,202.45,33.0,204.42,24.0,199.5,24.0,307.32,41.0,203.44,1.9699999999999989,57.0,65.0,0.5495179706089519,122,-8.0,-15.0,-0.07,203.0,3.0
2025-03-19 07:42:44,202.5,36.0,204.0,18.0,199.33,18.0,250.0,9.0,203.25,1.5,54.0,27.0,0.541433283075924,81,27.0,-41.0,0.33,203.0,
2025-03-19 07:42:45,203.0,30.0,204.0,12.0,200.0,12.0,295.6,10.0,203.5,1.0,42.0,22.0,0.2001749235607491,64,20.0,-17.0,0.31,203.0,
2025-03-19 07:42:46,203.0,31.0,224.29,14.0,200.0,14.0,289.36,14.0,213.64,21.289999999999992,45.0,28.0,4.563129408642819,73,17.0,9.0,0.23,203.0,2.0
2025-03-19 07:42:47,200.82,22.0,351.67,18.0,197.6,20.0,445.0,22.0,276.24,150.85000000000002,42.0,40.0,31.74284297286572,82,2.0,9.0,0.02,203.0,3.0
2025-03-19 07:42:48,195.21,38.0,231.0,25.0,188.37,38.0,426.2,10.0,213.11,35.78999999999999,76.0,35.0,30.75995074768503,111,41.0,29.0,0.37,198.5,4.0
2025-03-19 07:42:49,196.29,14.0,199.0,21.0,195.0,42.0,487.0,10.0,197.64,2.710000000000008,56.0,31.0,31.700423971928355,87,25.0,-24.0,0.29,198.5,
2025-03-19 07:42:50,197.64,22.0,199.0,33.0,193.6,60.0,468.86,22.0,198.32,1.3600000000000136,82.0,55.0,32.48319103782772,137,27.0,50.0,0.2,198.5,
2025-03-19 07:42:51,197.14,14.0,198.94,17.0,194.17,29.0,420.22,9.0,198.04,1.8000000000000114,43.0,26.0,33.938174671010415,69,17.0,-68.0,0.25,197.0,5.0
2025-03-19 07:42:52,195.93,54.0,198.35,23.0,193.1,80.0,257.46,28.0,197.14,2.4199999999999875,134.0,51.0,6.867910890512818,185,83.0,116.0,0.45,196.5,2.0
2025-03-19 07:42:53,197.0,129.0,199.0,14.0,195.0,13.0,431.31,13.0,198.0,2.0,142.0,27.0,0.4542246140696695,169,115.0,-16.0,0.68,198.0,2.0
2025-03-19 07:42:54,195.58,55.0,203.0,10.0,183.14,28.0,322.8,10.0,199.29,7.4199999999999875,83.0,20.0,0.7718289966219777,103,63.0,-66.0,0.61,197.4,10.0
2025-03-19 07:42:55,192.4,15.0,203.0,7.0,188.07,56.0,389.57,7.0,197.7,10.599999999999994,71.0,14.0,0.7889106413444967,85,57.0,-18.0,0.67,197.4,
2025-03-19 07:42:56,197.53,53.0,203.0,13.0,192.49,37.0,276.98,43.0,200.26,5.469999999999999,90.0,56.0,1.2707163334223144,146,34.0,61.0,0.23,197.4,
2025-03-19 07:42:57,196.0,26.0,203.0,6.0,194.0,6.0,274.0,15.0,199.5,7.0,32.0,21.0,1.0722872749528884,53,11.0,-93.0,0.21,198.33,3.0
2025-03-19 07:42:58,193.23,13.0,253.2,20.0,190.48,25.0,531.23,13.0,223.22,59.97,38.0,33.0,10.78795532063524,71,5.0,18.0,0.07,194.0,1.0
2025-03-19 07:42:59,192.0,10.0,194.0,9.0,190.0,25.0,384.79,19.0,193.0,2.0,35.0,28.0,11.793510079701592,63,7.0,-8.0,0.11,194.0,1.0
2025-03-19 07:43:00,192.0,12.0,194.75,8.0,190.0,30.0,207.08,26.0,193.38,2.75,42.0,34.0,12.397464256856065,76,8.0,13.0,0.11,195.33,3.0
2025-03-19 07:43:01,192.0,8.0,196.0,8.0,190.0,20.0,265.0,14.0,194.0,4.0,28.0,22.0,12.906595213301784,50,6.0,-26.0,0.12,196.0,2.0
2025-03-19 07:43:02,190.0,10.0,260.0,5.0,0.0,0.0,263.33,3.0,225.0,70.0,10.0,8.0,16.803279441823868,18,2.0,-32.0,0.11,195.6,5.0
2025-03-19 07:43:03,191.0,54.0,251.67,9.0,190.0,21.0,376.53,15.0,221.33,60.66999999999999,75.0,24.0,16.325658332821405,99,51.0,81.0,0.52,192.8,5.0
2025-03-19 07:43:04,191.51,55.0,198.0,18.0,191.53,19.0,492.67,18.0,194.75,6.490000000000009,74.0,36.0,16.01063302933462,110,38.0,11.0,0.35,192.8,
2025-03-19 07:43:05,193.53,47.0,246.0,14.0,192.31,59.0,431.6,20.0,219.77,52.47,106.0,34.0,15.269903405065024,140,72.0,30.0,0.51,198.0,3.0
2025-03-19 07:43:06,195.4,25.0,282.0,10.0,192.75,48.0,536.5,8.0,238.7,86.6,73.0,18.0,15.921948687268422,91,55.0,-49.0,0.6,197.5,4.0
2025-03-19 07:43:07,195.6,35.0,281.73,11.0,191.2,50.0,553.28,18.0,238.66,86.13000000000002,85.0,29.0,18.04417551455334,114,56.0,23.0,0.49,197.5,
2025-03-19 07:43:08,197.91,32.0,280.91,33.0,195.81,75.0,380.18,22.0,239.41,83.00000000000003,107.0,55.0,19.470723407208148,162,52.0,48.0,0.32,197.5,
2025-03-19 07:43:09,201.84,43.0,227.32,19.0,195.45,22.0,286.77,13.0,214.58,25.47999999999999,65.0,32.0,12.05624444012312,97,33.0,-65.0,0.34,202.4,5.0
2025-03-19 07:43:10,192.64,39.0,282.2,5.0,190.25,40.0,676.29,21.0,237.42,89.56,79.0,26.0,10.74248481497631,105,53.0,8.0,0.5,203.0,1.0
2025-03-19 07:43:11,198.57,70.0,302.0,7.0,197.0,35.0,463.47,17.0,250.29,103.43,105.0,24.0,13.07396917542621,129,81.0,24.0,0.63,203.0,
2025-03-19 07:43:12,200.67,120.0,291.5,20.0,196.36,70.0,456.54,48.0,246.08,90.83,190.0,68.0,13.839849348890818,258,122.0,129.0,0.47,201.0,5.0
2025-03-19 07:43:13,201.97,31.0,220.0,18.0,198.3,50.0,268.0,45.0,210.98,18.03,81.0,63.0,18.07871123725356,144,18.0,-114.0,0.12,201.0,
2025-03-19 07:43:14,203.79,42.0,256.97,31.0,202.0,70.0,316.18,67.0,230.38,53.18000000000004,112.0,98.0,15.497638529788848,210,14.0,66.0,0.07,201.0,
2025-03-19 07:43:16,203.56,41.0,227.62,8.0,202.7,50.0,229.25,8.0,215.59,24.06,91.0,16.0,14.195249909741104,107,75.0,-101.0,0.7,201.0,
2025-03-19 07:43:20,202.08,26.0,216.67,15.0,200.48,21.0,218.56,18.0,209.37,14.589999999999977,47.0,33.0,2.7043945718060307,80,14.0,10.0,0.17,202.5,4.0
2025-03-19 07:43:21,200.29,21.0,212.77,13.0,199.04,56.0,215.21,19.0,206.53,12.480000000000018,77.0,32.0,3.648488728229209,109,45.0,29.0,0.41,202.0,3.0
2025-03-19 07:43:22,199.73,11.0,210.31,13.0,198.33,27.0,211.09,22.0,205.02,10.580000000000013,38.0,35.0,3.6499630135136494,73,3.0,-36.0,0.04,200.0,2.0
2025-03-19 07:43:23,197.49,41.0,207.7,10.0,181.08,65.0,210.57,28.0,202.59,10.20999999999998,106.0,38.0,3.6298374619285303,144,68.0,71.0,0.47,197.73,11.0
2025-03-19 07:43:24,200.0,28.0,205.33,15.0,197.0,36.0,207.0,6.0,202.67,5.3300000000000125,64.0,21.0,2.845905831193553,85,43.0,-59.0,0.51,197.73,
2025-03-19 07:43:25,200.0,24.0,204.67,6.0,197.0,18.0,205.11,9.0,202.33,4.669999999999988,42.0,15.0,1.860059138850884,57,27.0,-28.0,0.47,197.73,
2025-03-19 07:43:26,200.0,44.0,201.81,43.0,186.81,77.0,203.62,16.0,200.91,1.8100000000000025,121.0,59.0,1.4778633225111388,180,62.0,123.0,0.34,200.0,1.0
2025-03-19 07:43:27,154.13,15.0,200.73,22.0,10.93,94.0,202.31,13.0,177.43,46.6,109.0,35.0,11.06690923429068,144,74.0,-36.0,0.51,200.0,2.0
2025-03-19 07:43:28,168.4,99.0,197.07,27.0,9.33,36.0,197.5,22.0,182.74,28.669999999999987,135.0,49.0,12.150978561417665,184,86.0,40.0,0.47,195.0,2.0
2025-03-19 07:43:29,171.51,98.0,192.43,14.0,60.25,28.0,195.0,14.0,181.97,20.920000000000016,126.0,28.0,11.64024827914059,154,98.0,-30.0,0.64,195.0,
2025-03-19 07:43:31,153.12,8.0,192.36,11.0,65.62,64.0,196.93,14.0,172.74,39.24000000000001,72.0,25.0,9.70605120530734,97,47.0,-24.0,0.48,193.75,4.0
2025-03-19 07:43:32,164.0,6.0,196.0,8.0,71.24,33.0,198.0,18.0,180.0,32.0,39.0,26.0,9.947444395423762,65,13.0,-32.0,0.2,196.0,1.0
2025-03-19 07:43:33,164.0,5.0,196.0,5.0,71.0,25.0,198.0,15.0,180.0,32.0,30.0,20.0,9.499103641925808,50,10.0,-15.0,0.2,196.0,
2025-03-19 07:43:36,147.4,70.0,446.4,30.0,142.78,76.0,549.33,75.0,296.9,299.0,146.0,105.0,53.62824889925089,251,41.0,169.5,0.16,196.0,
2025-03-19 07:43:50,203.0,8.0,310.88,16.0,202.0,72.0,459.25,40.0,256.94,107.88,80.0,56.0,22.596662364163397,136,24.0,-34.0,0.18,196.0,
2025-03-19 07:43:51,203.0,8.0,343.82,22.0,202.0,72.0,459.91,22.0,273.41,140.82,80.0,44.0,29.18825226011293,124,36.0,-12.0,0.29,202.25,4.0
2025-03-19 07:43:52,202.0,38.0,368.06,32.0,200.0,66.0,583.33,21.0,285.03,166.06,104.0,53.0,30.474017129350926,157,51.0,33.0,0.32,202.25,
2025-03-19 07:43:53,201.18,22.0,236.83,30.0,199.88,48.0,288.85,26.0,219.01,35.650000000000006,70.0,56.0,26.33725915884133,126,14.0,-31.0,0.11,201.0,6.0
2025-03-19 07:43:54,200.0,24.0,226.57,14.0,199.0,48.0,228.67,18.0,213.29,26.569999999999997,72.0,32.0,32.13339508984347,104,40.0,-22.0,0.38,201.0,
2025-03-19 07:43:55,200.54,13.0,224.71,17.0,199.72,29.0,226.0,19.0,212.62,24.170000000000016,42.0,36.0,35.5152772761242,78,6.0,-26.0,0.08,201.0,
2025-03-19 07:43:56,202.7,10.0,221.5,30.0,200.0,30.0,223.0,10.0,212.1,18.80000000000001,40.0,40.0,31.77317658025388,80,0.0,2.0,0.0,201.0,
2025-03-19 07:43:57,203.0,9.0,219.57,21.0,200.89,27.0,220.67,15.0,211.29,16.569999999999993,36.0,36.0,3.077802787705371,72,0.0,-8.0,0.0,201.0,
2025-03-19 07:44:01,202.8,30.0,206.56,16.0,201.26,38.0,207.25,24.0,204.68,3.759999999999991,68.0,40.0,2.8859954954938587,108,28.0,40.0,0.26,206.0,1.0
2025-03-19 07:44:02,203.0,36.0,204.51,37.0,202.0,36.0,205.65,26.0,203.76,1.509999999999991,72.0,63.0,3.375452562251781,135,9.0,27.0,0.07,206.0,
2025-03-19 07:44:03,203.0,30.0,204.0,44.0,202.0,87.0,205.0,33.0,203.5,1.0,117.0,77.0,2.6730506916281107,194,40.0,59.0,0.21,203.0,1.0
2025-03-19 07:44:04,202.67,27.0,241.25,48.0,201.6,60.0,336.73,41.0,221.96,38.58000000000001,87.0,89.0,7.798389577342976,176,-2.0,-18.0,-0.01,202.67,3.0
2025-03-19 07:44:05,201.28,25.0,276.43,28.0,199.28,50.0,322.24,41.0,238.85,75.15,75.0,69.0,15.663186138203384,144,6.0,-32.0,0.04,201.33,3.0
2025-03-19 07:44:06,200.67,63.0,298.39,41.0,198.33,110.0,346.3,44.0,249.53,97.72,173.0,85.0,20.64715840012856,258,88.0,114.0,0.34,201.33,
2025-03-19 07:44:07,201.04,79.0,229.04,45.0,200.0,44.0,236.02,45.0,215.04,28.0,123.0,90.0,18.44739629324413,213,33.0,-45.0,0.15,201.0,4.0
2025-03-19 07:44:08,201.19,37.0,217.3,37.0,198.7,43.0,218.6,40.0,209.24,16.110000000000014,80.0,77.0,16.821528765245933,157,3.0,-56.0,0.02,201.0,5.0
2025-03-19 07:44:09,199.67,45.0,215.67,27.0,198.42,72.0,218.0,36.0,207.67,16.0,117.0,63.0,18.95448311086321,180,54.0,23.0,0.3,200.0,5.0
2025-03-19 07:44:10,199.0,60.0,210.86,42.0,198.0,168.0,211.71,42.0,204.93,11.860000000000014,228.0,84.0,18.40242022126449,312,144.0,132.0,0.46,200.0,
2025-03-19 07:44:11,199.0,23.0,207.94,34.0,198.0,166.0,209.07,43.0,203.47,8.939999999999998,189.0,77.0,4.503593010032271,266,112.0,-46.0,0.42,202.43,7.0
2025-03-19 07:44:12,199.0,8.0,209.0,32.0,198.0,136.0,210.0,24.0,204.0,10.0,144.0,56.0,2.486819253587452,200,88.0,-66.0,0.44,202.43,
2025-03-19 07:44:13,202.6,30.0,208.51,37.0,198.21,98.0,209.33,36.0,205.56,5.909999999999997,128.0,73.0,1.6362243122548314,201,55.0,1.0,0.27,207.0,2.0
2025-03-19 07:44:14,201.0,20.0,204.75,28.0,198.0,150.0,207.31,13.0,202.88,3.75,170.0,41.0,1.083129724462674,211,129.0,10.0,0.61,207.0,
2025-03-19 07:44:15,197.53,118.0,205.64,39.0,195.57,46.0,248.85,27.0,201.58,8.109999999999985,164.0,66.0,1.4633249809987836,230,98.0,19.0,0.43,202.33,3.0
2025-03-19 07:44:16,203.0,34.0,204.8,30.0,197.5,78.0,209.82,34.0,203.9,1.8000000000000114,112.0,64.0,1.4738656655255336,176,48.0,-54.0,0.27,203.0,1.0
2025-03-19 07:44:17,196.24,76.0,204.18,34.0,195.74,27.0,366.0,29.0,200.21,7.939999999999998,103.0,63.0,2.063196549050913,166,40.0,-10.0,0.24,200.0,8.0
2025-03-19 07:44:18,196.0,60.0,202.17,29.0,195.0,9.0,280.55,31.0,199.09,6.169999999999988,69.0,60.0,1.9453714298345623,129,9.0,-37.0,0.07,196.0,5.0
2025-03-19 07:44:19,196.0,20.0,197.0,8.0,195.0,4.0,203.0,16.0,196.5,1.0,24.0,24.0,2.761381900429112,48,0.0,-81.0,0.0,196.0,
2025-03-19 07:44:20,196.0,20.0,197.0,16.0,195.0,8.0,214.11,27.0,196.5,1.0,28.0,43.0,3.06978012242216,71,-15.0,23.0,-0.21,196.0,4.0
2025-03-19 07:44:21,196.0,10.0,197.0,20.0,195.0,10.0,199.0,20.0,196.5,1.0,20.0,40.0,1.7701836063016916,60,-20.0,-11.0,-0.33,196.0,
2025-03-19 07:44:22,196.0,9.0,217.8,20.0,195.0,9.0,303.48,29.0,206.9,21.80000000000001,18.0,49.0,4.5033343202585305,67,-31.0,7.0,-0.46,198.0,4.0
2025-03-19 07:44:23,203.51,45.0,262.89,37.0,199.35,23.0,340.33,58.0,233.2,59.38,68.0,95.0,15.901006257467278,163,-27.0,96.0,-0.17,198.0,
2025-03-19 07:44:28,204.0,78.0,222.73,37.0,203.0,45.0,227.88,32.0,213.36,18.72999999999999,123.0,69.0,10.712523978969667,192,54.0,20.0,0.28,198.0,
2025-03-19 07:44:29,204.0,48.0,220.41,39.0,203.0,100.0,221.7,33.0,212.21,16.409999999999997,148.0,72.0,11.274392666569824,220,76.0,28.0,0.35,198.0,
2025-03-19 07:44:30,204.0,48.0,216.27,30.0,203.0,136.0,217.94,34.0,210.13,12.27000000000001,184.0,64.0,9.461159019909088,248,120.0,28.0,0.48,198.0,
2025-03-19 07:44:31,204.0,10.0,212.4,40.0,203.0,170.0,217.68,38.0,208.2,8.400000000000006,180.0,78.0,3.287879255692129,258,102.0,10.0,0.4,204.0,5.0
2025-03-19 07:44:32,203.27,22.0,208.33,30.0,202.97,103.0,212.13,30.0,205.8,5.060000000000002,125.0,60.0,3.043542344047839,185,65.0,-73.0,0.35,203.5,2.0
2025-03-19 07:44:33,203.0,221.0,205.55,55.0,200.0,15.0,206.57,63.0,204.27,2.550000000000012,236.0,118.0,3.200760847050811,354,118.0,169.0,0.33,203.0,7.0
2025-03-19 07:44:34,203.0,63.0,204.43,28.0,200.0,7.0,208.0,28.0,203.71,1.4300000000000068,70.0,56.0,2.7057106275458485,126,14.0,-170.5,0.11,203.0,
2025-03-19 07:44:35,203.0,81.0,204.0,36.0,200.0,9.0,208.0,36.0,203.5,1.0,90.0,72.0,1.9545408668061883,162,18.0,36.0,0.11,203.0,1.0
2025-03-19 07:44:36,203.0,36.0,204.0,32.0,200.0,8.0,257.42,19.0,203.5,1.0,44.0,51.0,0.9715091353230736,95,-7.0,-67.0,-0.07,203.0,4.0
2025-03-19 07:44:37,202.57,14.0,227.67,18.0,199.18,17.0,308.27,11.0,215.12,25.099999999999994,31.0,29.0,5.096798014441513,60,2.0,-35.0,0.03,203.0,4.0
2025-03-19 07:44:38,200.98,64.0,298.88,24.0,199.56,16.0,592.62,16.0,249.93,97.9,80.0,40.0,20.07465989749289,120,40.0,60.0,0.33,203.0,
2025-03-19 07:44:39,201.0,63.0,469.29,17.0,200.0,9.0,667.32,19.0,335.15,268.29,72.0,36.0,55.73435610106204,108,36.0,-12.0,0.33,203.0,
2025-03-19 07:44:40,202.52,81.0,406.68,19.0,200.95,81.0,584.87,23.0,304.6,204.16,162.0,42.0,56.856780158570174,204,120.0,96.0,0.59,203.0,
2025-03-19 07:44:41,203.55,29.0,259.0,24.0,201.97,34.0,455.57,14.0,231.28,55.44999999999999,63.0,38.0,50.78579259989919,101,25.0,-103.0,0.25,203.0,3.0
2025-03-19 07:44:43,202.97,38.0,230.6,15.0,202.63,41.0,436.33,15.0,216.79,27.629999999999995,79.0,30.0,51.80756962066421,109,49.0,40.0,0.45,203.79,14.0
2025-03-19 07:44:44,201.0,36.0,216.11,27.0,200.0,9.0,309.0,9.0,208.56,15.110000000000014,45.0,36.0,48.29055269925975,81,9.0,-28.0,0.11,203.79,
2025-03-19 07:44:45,201.0,26.0,214.79,14.0,200.0,25.0,221.07,41.0,207.89,13.789999999999992,51.0,55.0,41.69030306917897,106,-4.0,25.0,-0.04,201.0,3.0
2025-03-19 07:44:46,202.6,30.0,212.45,20.0,200.4,10.0,215.4,25.0,207.52,9.849999999999994,40.0,45.0,43.43698251490307,85,-5.0,-21.0,-0.06,201.0,
2025-03-19 07:44:47,203.0,82.0,209.68,41.0,200.98,107.0,210.78,27.0,206.34,6.680000000000007,189.0,68.0,4.198029299564844,257,121.0,169.5,0.47,203.0,2.0
2025-03-19 07:44:48,203.0,74.0,207.0,32.0,201.0,154.0,207.88,34.0,205.0,4.0,228.0,66.0,1.4064565403900862,294,162.0,37.0,0.55,203.0,
2025-03-19 07:44:49,203.03,37.0,206.39,18.0,201.07,91.0,207.55,33.0,204.71,3.359999999999985,128.0,51.0,1.4349111470771931,179,77.0,-115.0,0.43,203.0,1.0
2025-03-19 07:44:50,203.17,12.0,206.43,42.0,201.1,116.0,207.86,42.0,204.8,3.2600000000000198,128.0,84.0,1.2246142249731784,212,44.0,33.0,0.21,203.33,3.0
2025-03-19 07:44:51,201.24,41.0,204.0,30.0,200.47,75.0,205.36,33.0,202.62,2.759999999999991,116.0,63.0,1.3337840904760592,179,53.0,-33.0,0.3,201.67,3.0
2025-03-19 07:44:52,201.0,52.0,220.0,18.0,199.06,32.0,262.65,17.0,210.5,19.0,84.0,35.0,2.9434299719896044,119,49.0,-60.0,0.41,201.43,7.0
2025-03-19 07:44:53,202.36,44.0,305.83,24.0,200.91,44.0,387.5,12.0,254.1,103.46999999999996,88.0,36.0,21.861209481636717,124,52.0,5.0,0.42,201.43,
2025-03-19 07:45:01,203.0,36.0,215.0,18.0,201.0,75.0,270.67,9.0,209.0,12.0,111.0,27.0,1.471978260710479,138,84.0,26.0,0.61,201.43,
2025-03-19 07:45:02,202.88,48.0,215.0,30.0,201.03,78.0,401.33,15.0,208.94,12.120000000000005,126.0,45.0,1.6116699413975737,171,81.0,33.0,0.47,203.5,6.0
2025-03-19 07:45:03,201.0,36.0,214.88,16.0,200.0,47.0,361.09,11.0,207.94,13.879999999999995,83.0,27.0,1.6212402659706782,110,56.0,-61.0,0.51,203.5,
2025-03-19 07:45:04,201.47,15.0,213.8,10.0,200.67,42.0,214.94,17.0,207.63,12.330000000000013,57.0,27.0,1.2125881411282584,84,30.0,-26.0,0.36,203.5,
2025-03-19 07:45:07,202.0,20.0,208.97,29.0,201.0,60.0,210.12,16.0,205.48,6.969999999999999,80.0,45.0,1.5773553816452015,125,35.0,75.0,0.28,204.5,4.0
2025-03-19 07:45:08,203.0,28.0,205.92,25.0,202.0,14.0,207.15,33.0,204.46,2.9199999999999875,42.0,58.0,2.211951626958684,100,-16.0,-25.0,-0.16,204.5,
2025-03-19 07:45:09,202.2,10.0,204.07,14.0,201.03,33.0,206.0,14.0,203.14,1.8700000000000043,43.0,28.0,2.83473631930826,71,15.0,-29.0,0.21,203.0,2.0
2025-03-19 07:45:10,202.0,10.0,203.0,10.0,200.33,24.0,204.0,20.0,202.5,1.0,34.0,30.0,2.7726377332795558,64,4.0,-7.0,0.06,203.0,
2025-03-19 07:45:11,200.23,31.0,202.33,18.0,199.14,98.0,244.19,26.0,201.28,2.1000000000000227,129.0,44.0,1.6445424895714609,173,85.0,109.0,0.49,199.71,7.0
2025-03-19 07:45:12,199.72,53.0,202.21,19.0,198.86,43.0,427.0,11.0,200.96,2.490000000000009,96.0,30.0,1.4235589204546684,126,66.0,-47.0,0.52,199.71,
2025-03-19 07:45:13,200.0,48.0,201.0,39.0,199.0,65.0,425.72,29.0,200.5,1.0,113.0,68.0,1.1039384040815825,181,45.0,55.0,0.25,200.0,4.0
2025-03-19 07:45:14,199.04,57.0,266.4,30.0,198.08,131.0,424.0,39.0,232.72,67.35999999999999,188.0,69.0,14.066503474566987,257,119.0,76.0,0.46,200.0,1.0
2025-03-19 07:45:15,199.0,45.0,206.38,42.0,198.0,99.0,304.5,12.0,202.69,7.3799999999999955,144.0,54.0,14.04955515310023,198,90.0,-59.0,0.45,200.0,
2025-03-19 07:45:16,199.0,56.0,203.0,24.0,198.0,132.0,302.71,24.0,201.0,4.0,188.0,48.0,14.081714384264622,236,140.0,38.0,0.59,199.0,2.0
2025-03-19 07:45:17,198.45,53.0,202.08,24.0,197.96,92.0,296.0,36.0,200.27,3.630000000000024,145.0,60.0,14.165864957707496,205,85.0,-31.0,0.41,198.38,8.0
2025-03-19 07:45:18,198.0,78.0,202.0,26.0,197.0,13.0,293.93,41.0,200.0,4.0,91.0,67.0,14.228693896489768,158,24.0,-47.0,0.15,198.38,
2025-03-19 07:45:19,199.22,36.0,201.88,16.0,198.64,28.0,296.0,24.0,200.55,2.6599999999999966,64.0,40.0,1.0657720206528127,104,24.0,-54.0,0.23,198.38,
2025-03-19 07:45:20,200.0,20.0,267.0,14.0,198.77,26.0,361.0,12.0,233.5,67.0,46.0,26.0,14.782801831858707,72,20.0,-32.0,0.28,200.0,2.0
2025-03-19 07:45:21,200.0,14.0,355.0,21.0,198.0,42.0,589.9,31.0,277.5,155.0,56.0,52.0,34.01519116512506,108,4.0,36.0,0.04,200.0,
2025-03-19 07:45:22,200.0,14.0,365.86,21.0,198.0,42.0,467.14,21.0,282.93,165.86,56.0,42.0,40.13008011454748,98,14.0,-10.0,0.14,200.0,
2025-03-19 07:45:23,198.5,48.0,372.2,30.0,197.8,45.0,475.07,45.0,285.35,173.7,93.0,75.0,37.516143591792535,168,18.0,70.0,0.11,199.0,4.0
2025-03-19 07:45:24,198.0,40.0,276.8,25.0,197.0,10.0,417.8,25.0,237.4,78.80000000000001,50.0,50.0,25.65162236584648,100,0.0,-68.0,0.0,199.0,
2025-03-19 07:45:25,201.07,15.0,367.41,34.0,197.98,53.0,441.1,40.0,284.24,166.34000000000003,68.0,74.0,20.3954879814138,142,-6.0,42.0,-0.04,199.67,3.0
2025-03-19 07:45:26,198.0,16.0,351.75,16.0,197.0,8.0,442.04,23.0,274.88,153.75,24.0,39.0,20.299947044265775,63,-15.0,-79.0,-0.24,199.67,
2025-03-19 07:45:31,198.0,13.0,275.0,14.0,197.0,7.0,276.0,21.0,236.5,77.0,20.0,35.0,17.63058620693013,55,-15.0,-36.0,-0.27,204.67,3.0
2025-03-19 07:45:32,195.27,22.0,293.63,27.0,183.15,26.0,367.93,40.0,244.45,98.36,48.0,67.0,10.462959906259568,115,-19.0,60.0,-0.17,196.33,3.0
2025-03-19 07:45:33,193.0,12.0,231.29,14.0,172.14,14.0,290.43,14.0,212.14,38.28999999999999,26.0,28.0,19.816118943930345,54,-2.0,-61.0,-0.04,196.33,
2025-03-19 07:45:34,198.17,24.0,352.21,39.0,191.33,24.0,479.52,44.0,275.19,154.04,48.0,83.0,23.30813484601449,131,-35.0,77.0,-0.27,194.0,2.0
2025-03-19 07:45:35,200.0,90.0,344.06,31.0,198.88,51.0,407.61,36.0,272.03,144.06,141.0,67.0,26.208347334389376,208,74.0,77.0,0.36,194.0,
2025-03-19 07:45:36,202.75,64.0,301.44,9.0,200.16,50.0,426.54,13.0,252.1,98.69,114.0,22.0,25.40405223581456,136,92.0,-72.0,0.68,194.0,
2025-03-19 07:45:37,201.49,70.0,298.81,47.0,199.54,65.0,359.6,43.0,250.15,97.32,135.0,90.0,25.15308470148333,225,45.0,89.0,0.2,194.0,
2025-03-19 07:45:38,200.19,64.0,296.23,47.0,197.69,26.0,296.42,19.0,248.21,96.04000000000002,90.0,66.0,12.969359274844496,156,24.0,-69.0,0.15,194.0,
2025-03-19 07:45:39,201.15,47.0,292.32,38.0,199.14,28.0,294.3,46.0,246.73,91.17,75.0,84.0,10.365431973632084,159,-9.0,3.0,-0.06,200.0,4.0
2025-03-19 07:45:42,203.05,59.0,285.05,56.0,201.69,65.0,286.75,60.0,244.05,82.0,124.0,116.0,1.633915542491142,240,8.0,29.0,0.03,207.0,2.0
