DateTime,Bid1_Price,Bid1_Volume,Ask1_Price,Ask1_Volume,Bid2_Price,Bid2_Volume,Ask2_Price,Ask2_Volume,Mid-Price,Bid_Ask_Spread,Market_Depth_Bid,Market_Depth_Ask,Historical_Volatility,Total_volume,Cumulative_Volume_Difference,Total_Volume_Change_Corrected,Order_imbalance,Weighted_Avg_Price,Trade_Volume
2025-05-01 07:30:08,141.3,27.0,186.56,36.0,13.54,59.0,187.57,28.0,163.93,45.25999999999999,86.0,64.0,23.62672173620382,150,22.0,-26.0,0.15,,
2025-05-01 07:30:09,161.77,31.0,182.66,58.0,75.06,31.0,183.68,31.0,172.21,20.889999999999983,62.0,89.0,25.354261969144485,151,-27.0,1.0,-0.18,,
2025-05-01 07:30:10,163.16,50.0,181.38,52.0,159.89,19.0,182.63,19.0,172.27,18.22,69.0,71.0,24.7594143711035,140,-2.0,-11.0,-0.01,,
2025-05-01 07:30:11,165.0,24.0,180.17,46.0,163.98,57.0,181.64,11.0,172.59,15.169999999999987,81.0,57.0,18.71339947738001,138,24.0,-2.0,0.17,,
2025-05-01 07:30:12,170.79,47.0,180.0,63.0,170.16,32.0,182.0,9.0,175.39,9.210000000000008,79.0,72.0,4.314964658025216,151,7.0,13.0,0.05,,
2025-05-01 07:30:13,173.71,56.0,180.0,29.0,172.71,56.0,182.0,7.0,176.86,6.289999999999992,112.0,36.0,2.1333260416558018,148,76.0,-3.0,0.51,180.0,5.0
2025-05-01 07:30:14,176.62,116.0,180.45,31.0,174.0,104.0,182.74,19.0,178.54,3.829999999999984,220.0,50.0,2.7073880401610118,270,170.0,122.0,0.63,180.67,3.0
2025-05-01 07:30:15,180.11,54.0,183.0,18.0,179.33,36.0,185.0,18.0,181.56,2.8899999999999864,90.0,36.0,3.3624499996292925,126,54.0,-144.0,0.43,180.67,
2025-05-01 07:30:16,182.0,48.0,184.33,12.0,176.75,8.0,185.75,16.0,183.17,2.3300000000000125,56.0,28.0,3.229230558508809,84,28.0,-42.0,0.33,183.0,2.0
2025-05-01 07:30:17,182.96,85.0,185.0,28.0,174.0,14.0,186.0,42.0,183.98,2.039999999999992,99.0,70.0,3.0387365795684174,169,29.0,85.0,0.17,183.0,3.0
2025-05-01 07:30:18,184.0,45.0,185.68,22.0,175.0,9.0,187.54,52.0,184.84,1.6800000000000068,54.0,74.0,2.4822610660458926,128,-20.0,-41.0,-0.16,185.0,2.0
2025-05-01 07:30:19,185.26,42.0,187.89,105.0,183.47,59.0,216.06,71.0,186.57,2.6299999999999955,101.0,176.0,1.8675197455468333,277,-75.0,149.0,-0.27,187.25,8.0
2025-05-01 07:30:20,181.26,19.0,188.0,31.0,175.37,68.0,238.67,66.0,184.63,6.740000000000009,87.0,97.0,1.2610987273038223,184,-10.0,-93.0,-0.05,185.2,5.0
2025-05-01 07:30:21,179.12,16.0,184.08,53.0,175.1,94.0,196.31,52.0,181.6,4.960000000000008,110.0,105.0,1.7988134978388686,215,5.0,31.0,0.02,180.0,4.0
2025-05-01 07:30:22,179.0,8.0,180.0,40.0,178.0,8.0,181.0,24.0,179.5,1.0,16.0,64.0,2.832025776720127,80,-48.0,-135.0,-0.6,180.0,
2025-05-01 07:30:23,179.0,5.0,180.0,25.0,178.0,5.0,181.0,15.0,179.5,1.0,10.0,40.0,3.1549088734870208,50,-30.0,-30.0,-0.6,180.0,
2025-05-01 07:30:24,179.0,8.0,180.0,32.0,178.0,8.0,181.0,24.0,179.5,1.0,16.0,56.0,2.251239658500848,72,-40.0,22.0,-0.56,180.0,1.0
2025-05-01 07:30:25,179.33,12.0,180.75,32.0,178.2,10.0,181.57,14.0,180.04,1.4199999999999875,22.0,46.0,0.909351417223818,68,-24.0,-4.0,-0.35,180.0,4.0
2025-05-01 07:30:26,180.0,16.0,182.81,31.0,178.62,8.0,187.6,15.0,181.4,2.8100000000000023,24.0,46.0,0.8232375112972996,70,-22.0,2.0,-0.31,181.25,4.0
2025-05-01 07:30:27,181.71,34.0,183.0,52.0,178.0,13.0,188.0,26.0,182.35,1.289999999999992,47.0,78.0,1.2676040391253676,125,-31.0,55.0,-0.25,181.25,
2025-05-01 07:30:28,182.0,74.0,198.36,56.0,178.0,13.0,202.15,26.0,190.18,16.360000000000014,87.0,82.0,4.3323873326385405,169,5.0,44.0,0.03,184.67,6.0
2025-05-01 07:30:31,196.0,36.0,220.9,58.0,195.0,90.0,221.86,43.0,208.45,24.90000000000001,126.0,101.0,13.686399453472283,227,25.0,79.0,0.11,184.67,
2025-05-01 07:30:32,195.25,48.0,216.16,38.0,193.58,72.0,217.78,76.0,205.7,20.91,120.0,114.0,8.949543563780583,234,6.0,7.0,0.03,195.67,3.0
2025-05-01 07:30:33,195.0,36.0,210.42,24.0,194.0,36.0,211.46,37.0,202.71,15.419999999999987,72.0,61.0,3.903722582357328,133,11.0,-101.0,0.08,195.67,
2025-05-01 07:30:34,195.0,32.0,205.89,9.0,194.0,32.0,209.26,19.0,200.44,10.889999999999986,64.0,28.0,4.37433080596409,92,36.0,-41.0,0.39,195.67,
2025-05-01 07:30:35,195.0,14.0,198.2,44.0,194.0,56.0,209.59,34.0,196.6,3.1999999999999886,70.0,78.0,4.592063806177597,148,-8.0,56.0,-0.05,195.0,3.0
2025-05-01 07:30:36,194.14,28.0,200.0,37.0,192.7,46.0,210.25,32.0,197.07,5.860000000000014,74.0,69.0,3.8373988586028087,143,5.0,-5.0,0.03,195.0,1.0
2025-05-01 07:30:37,193.47,38.0,205.6,48.0,191.56,41.0,207.4,30.0,199.54,12.129999999999995,79.0,78.0,2.512184308526358,157,1.0,14.0,0.01,194.0,4.0
2025-05-01 07:30:38,192.0,30.0,205.0,42.0,189.0,18.0,206.17,24.0,198.5,13.0,48.0,66.0,1.6183015788183528,114,-18.0,-43.0,-0.16,194.0,
2025-05-01 07:30:39,192.0,25.0,205.0,35.0,189.0,15.0,206.0,20.0,198.5,13.0,40.0,55.0,1.1924428707514496,95,-15.0,-19.0,-0.16,194.0,
2025-05-01 07:30:40,192.0,60.0,204.59,59.0,189.0,36.0,205.34,59.0,198.3,12.590000000000003,96.0,118.0,0.8798977213324134,214,-22.0,119.0,-0.1,194.0,
2025-05-01 07:30:41,192.0,31.0,201.73,44.0,189.0,27.0,204.14,37.0,196.86,9.72999999999999,58.0,81.0,0.9595832428747147,139,-23.0,-75.0,-0.17,192.0,2.0
2025-05-01 07:30:42,192.0,36.0,199.25,60.0,188.54,214.0,202.5,48.0,195.62,7.25,250.0,108.0,1.2814366937176047,358,142.0,164.0,0.4,192.0,
2025-05-01 07:30:43,190.06,93.0,197.71,70.0,188.57,235.0,201.71,56.0,193.89,7.650000000000006,328.0,126.0,1.927843354633852,454,202.0,96.0,0.44,192.0,3.0
2025-05-01 07:30:44,189.0,246.0,196.0,65.0,185.0,13.0,201.0,52.0,192.5,7.0,259.0,117.0,2.306204674352621,376,142.0,-78.0,0.38,189.0,2.0
2025-05-01 07:30:45,189.2,223.0,196.0,69.0,186.13,100.0,201.0,60.0,192.6,6.800000000000011,323.0,129.0,1.9100994738510015,452,194.0,76.0,0.43,192.5,2.0
2025-05-01 07:30:46,192.0,60.0,195.08,48.0,189.0,204.0,201.0,64.0,193.54,3.0800000000000125,264.0,112.0,1.2622994890301846,376,152.0,-76.0,0.4,192.5,
2025-05-01 07:30:47,192.0,60.0,194.0,48.0,189.0,204.0,200.75,48.0,193.0,2.0,264.0,96.0,0.5994831106927481,360,168.0,-16.0,0.47,192.5,
2025-05-01 07:30:48,189.37,122.0,193.0,48.0,184.12,168.0,199.08,24.0,191.18,3.629999999999996,290.0,72.0,0.875145702158131,362,218.0,2.0,0.6,190.15,13.0
2025-05-01 07:30:49,189.0,63.0,193.0,28.0,182.0,91.0,199.0,14.0,191.0,4.0,154.0,42.0,1.1242241769352923,196,112.0,-164.0,0.57,190.15,
2025-05-01 07:30:50,189.28,88.0,192.75,48.0,184.58,129.0,196.6,30.0,191.02,3.469999999999999,217.0,78.0,1.2238137113163168,295,139.0,99.0,0.47,190.15,
2025-05-01 07:30:51,190.67,45.0,192.0,56.0,189.0,153.0,196.21,56.0,191.33,1.3300000000000125,198.0,112.0,0.8458013951311532,310,86.0,15.0,0.28,191.33,6.0
2025-05-01 07:30:52,189.46,35.0,196.24,34.0,188.8,75.0,216.02,55.0,192.85,6.780000000000001,110.0,89.0,0.7796345297675065,199,21.0,-111.0,0.11,191.0,1.0
2025-05-01 07:30:53,189.0,99.0,196.62,32.0,181.0,166.0,206.4,20.0,192.81,7.620000000000003,265.0,52.0,0.9476127901235784,317,213.0,118.0,0.67,191.0,
2025-05-01 07:30:54,189.0,99.0,194.0,55.0,181.0,176.0,196.0,11.0,191.5,5.0,275.0,66.0,0.8645634736708387,341,209.0,24.0,0.61,191.0,
2025-05-01 07:30:55,189.1,98.0,191.89,46.0,181.45,256.0,193.35,34.0,190.5,2.789999999999992,354.0,80.0,1.015317684277088,434,274.0,93.0,0.63,189.56,9.0
2025-05-01 07:30:56,189.0,61.0,190.62,13.0,181.27,66.0,198.38,45.0,189.81,1.6200000000000043,127.0,58.0,1.359643335586869,185,69.0,-164.0,0.37,189.0,1.0
2025-05-01 07:30:57,189.0,34.0,197.94,34.0,182.32,76.0,199.81,52.0,193.47,8.939999999999998,110.0,86.0,1.5316233218405213,196,24.0,11.0,0.12,189.0,1.0
2025-05-01 07:30:58,189.32,38.0,199.0,65.0,182.21,99.0,200.0,52.0,194.16,9.680000000000009,137.0,117.0,1.8748253251985327,254,20.0,58.0,0.08,189.0,
2025-05-01 07:31:10,196.0,24.0,198.08,60.0,195.0,16.0,199.51,35.0,197.04,2.0800000000000125,40.0,95.0,0.6449185995191004,135,-55.0,-52.0,-0.41,189.0,
2025-05-01 07:31:11,196.0,20.0,197.9,60.0,195.0,16.0,199.0,36.0,196.95,1.9000000000000057,36.0,96.0,0.8109993834804615,132,-60.0,-3.0,-0.45,196.0,2.0
2025-05-01 07:31:12,195.16,19.0,197.18,49.0,194.27,22.0,199.11,70.0,196.17,2.0200000000000102,41.0,119.0,1.011696594837463,160,-78.0,28.0,-0.49,196.0,1.0
2025-05-01 07:31:13,194.17,24.0,195.75,48.0,193.27,22.0,201.0,81.0,194.96,1.5800000000000125,46.0,129.0,1.269318714904086,175,-83.0,15.0,-0.47,194.0,2.0
2025-05-01 07:31:14,192.57,14.0,194.53,15.0,190.36,22.0,200.59,29.0,193.55,1.960000000000008,36.0,44.0,1.4784552749426771,80,-8.0,-95.0,-0.1,194.0,4.0
2025-05-01 07:31:15,190.9,20.0,193.06,16.0,189.91,46.0,200.38,48.0,191.98,2.1599999999999966,66.0,64.0,2.000592412263416,130,2.0,50.0,0.02,192.0,1.0
2025-05-01 07:31:16,195.93,29.0,199.1,31.0,188.92,26.0,380.46,39.0,197.51,3.1699999999999875,55.0,70.0,2.165393728633651,125,-15.0,-5.0,-0.12,192.0,1.0
2025-05-01 07:31:17,189.47,19.0,200.0,39.0,186.75,16.0,305.77,39.0,194.74,10.53,35.0,78.0,2.0353550058911054,113,-43.0,-12.0,-0.38,190.78,9.0
2025-05-01 07:31:18,185.75,71.0,200.0,36.0,174.53,34.0,312.52,46.0,192.87,14.25,105.0,82.0,2.1414364337999943,187,23.0,74.0,0.12,190.78,
2025-05-01 07:31:19,186.0,88.0,200.0,33.0,183.38,42.0,203.0,22.0,193.0,14.0,130.0,55.0,2.19220208922582,185,75.0,-2.0,0.41,190.78,
2025-05-01 07:31:20,186.0,80.0,200.0,30.0,185.0,40.0,203.0,20.0,193.0,14.0,120.0,50.0,1.993346432511424,170,70.0,-15.0,0.41,190.78,
2025-05-01 07:31:21,186.0,112.0,199.1,60.0,185.0,56.0,200.53,38.0,192.55,13.099999999999994,168.0,98.0,0.8628267497048013,266,70.0,96.0,0.26,190.78,
2025-05-01 07:31:22,187.89,47.0,198.02,57.0,186.24,89.0,199.36,33.0,192.96,10.130000000000024,136.0,90.0,0.1898157001045909,226,46.0,-40.0,0.2,190.78,
2025-05-01 07:31:23,190.59,17.0,196.45,44.0,188.23,70.0,199.0,33.0,193.52,5.859999999999985,87.0,77.0,0.3443544685439393,164,10.0,-62.0,0.06,190.78,
2025-05-01 07:31:24,193.78,18.0,195.81,54.0,189.94,68.0,199.3,40.0,194.8,2.030000000000001,86.0,94.0,0.8724563026341938,180,-8.0,16.0,-0.04,194.0,4.0
2025-05-01 07:31:25,194.0,8.0,199.0,24.0,186.3,106.0,202.0,16.0,196.5,5.0,114.0,40.0,1.6033340263357434,154,74.0,-26.0,0.48,194.0,
2025-05-01 07:31:26,189.2,5.0,199.0,15.0,186.12,64.0,202.0,10.0,194.1,9.800000000000011,69.0,25.0,1.3697737039401543,94,44.0,-60.0,0.47,189.5,4.0
2025-05-01 07:31:27,191.27,49.0,199.0,24.0,186.45,58.0,202.0,16.0,195.13,7.72999999999999,107.0,40.0,1.132121901566188,147,67.0,53.0,0.46,189.5,
2025-05-01 07:31:28,192.0,35.0,199.0,21.0,188.67,18.0,202.0,14.0,195.5,7.0,53.0,35.0,0.8880765732783209,88,18.0,-59.0,0.2,192.0,3.0
2025-05-01 07:31:29,192.0,30.0,199.0,18.0,188.6,15.0,202.0,12.0,195.5,7.0,45.0,30.0,0.8628904913172601,75,15.0,-13.0,0.2,192.0,
2025-05-01 07:31:30,192.0,35.0,199.0,21.0,188.62,16.0,202.0,14.0,195.5,7.0,51.0,35.0,0.6062837619512599,86,16.0,11.0,0.19,192.0,
2025-05-01 07:31:31,192.46,35.0,197.7,10.0,190.67,45.0,199.0,30.0,195.08,5.239999999999981,80.0,40.0,0.2170714168326752,120,40.0,34.0,0.33,192.0,
2025-05-01 07:31:32,195.0,38.0,196.74,19.0,192.0,95.0,336.85,68.0,195.87,1.740000000000009,133.0,87.0,0.2796426290924411,220,46.0,100.0,0.21,192.0,
2025-05-01 07:31:33,192.31,39.0,199.78,37.0,189.91,33.0,245.1,20.0,196.05,7.469999999999999,72.0,57.0,0.3760983913894448,129,15.0,-91.0,0.12,196.0,1.0
2025-05-01 07:31:34,192.0,14.0,200.0,20.0,189.0,20.0,201.0,4.0,196.0,8.0,34.0,24.0,0.4079828427835205,58,10.0,-71.0,0.17,192.0,2.0
2025-05-01 07:31:35,190.33,27.0,200.0,45.0,187.0,60.0,201.0,9.0,195.17,9.669999999999987,87.0,54.0,0.4703509328211532,141,33.0,83.0,0.23,190.8,5.0
2025-05-01 07:31:36,194.88,24.0,199.45,44.0,188.39,31.0,200.09,44.0,197.16,4.569999999999993,55.0,88.0,0.7143878498446912,143,-33.0,2.0,-0.23,190.8,
2025-05-01 07:31:37,193.73,52.0,198.0,38.0,187.32,19.0,199.4,45.0,195.87,4.27000000000001,71.0,83.0,0.7143878498446912,154,-12.0,11.0,-0.08,190.64,11.0
2025-05-01 07:31:38,193.0,90.0,195.42,31.0,182.78,9.0,196.5,22.0,194.21,2.4199999999999875,99.0,53.0,1.089710970856826,152,46.0,-2.0,0.3,190.64,
2025-05-01 07:31:39,192.3,47.0,194.09,33.0,176.55,11.0,197.85,20.0,193.19,1.789999999999992,58.0,53.0,1.52312179421271,111,5.0,-41.0,0.05,193.0,10.0
2025-05-01 07:31:40,183.5,12.0,192.8,44.0,152.29,14.0,194.81,27.0,188.15,9.300000000000011,26.0,71.0,3.464170896478082,97,-45.0,-14.0,-0.46,193.0,
2025-05-01 07:31:41,183.91,11.0,190.82,33.0,150.45,11.0,195.41,51.0,187.36,6.909999999999997,22.0,84.0,3.785879026065917,106,-62.0,9.0,-0.58,188.0,1.0
2025-05-01 07:31:42,181.25,8.0,189.27,11.0,116.0,8.0,194.86,36.0,185.26,8.02000000000001,16.0,47.0,3.875890865337404,63,-31.0,-43.0,-0.49,190.0,2.0
2025-05-01 07:31:43,181.45,11.0,188.0,44.0,126.79,14.0,190.0,11.0,184.73,6.550000000000011,25.0,55.0,3.3624946096619936,80,-30.0,17.0,-0.38,190.0,
2025-05-01 07:31:44,168.46,13.0,187.65,34.0,138.44,18.0,189.13,23.0,178.05,19.19,31.0,57.0,3.984802379040389,88,-26.0,8.0,-0.3,182.0,2.0
2025-05-01 07:31:48,156.5,24.0,183.38,13.0,128.89,65.0,186.79,39.0,169.94,26.879999999999995,89.0,52.0,12.749726271571715,141,37.0,3.0,0.26,184.67,3.0
2025-05-01 07:31:49,155.21,14.0,181.0,40.0,133.71,21.0,183.14,14.0,168.11,25.789999999999992,35.0,54.0,10.255335196862456,89,-19.0,-52.0,-0.21,184.67,
2025-05-01 07:31:50,164.04,53.0,180.42,48.0,162.4,55.0,181.37,43.0,172.23,16.379999999999995,108.0,91.0,11.55631429133034,199,17.0,110.0,0.09,184.67,
2025-05-01 07:31:51,166.04,108.0,180.0,24.0,164.27,60.0,181.0,70.0,173.02,13.960000000000008,168.0,94.0,5.803074185292295,262,74.0,63.0,0.28,180.0,3.0
2025-05-01 07:31:52,178.0,9.0,180.0,9.0,167.0,40.0,181.0,45.0,179.0,2.0,49.0,54.0,4.135547122208345,103,-5.0,-159.0,-0.05,180.0,
2025-05-01 07:31:53,178.78,18.0,180.94,47.0,170.95,42.0,182.09,33.0,179.86,2.1599999999999966,60.0,80.0,4.927964082661898,140,-20.0,37.0,-0.14,180.5,2.0
2025-05-01 07:31:54,179.0,40.0,181.0,40.0,175.3,10.0,183.0,20.0,180.0,2.0,50.0,60.0,3.860520690270372,110,-10.0,-30.0,-0.09,180.5,
2025-05-01 07:31:55,179.75,16.0,181.0,13.0,175.0,4.0,183.0,8.0,180.38,1.25,20.0,21.0,3.078265745514102,41,-1.0,-69.0,-0.02,181.0,3.0
2025-05-01 07:31:56,177.0,17.0,182.8,20.0,107.86,74.0,183.69,13.0,179.9,5.800000000000011,91.0,33.0,0.5064780350671032,124,58.0,83.0,0.47,182.33,3.0
2025-05-01 07:31:57,174.46,13.0,184.0,7.0,131.64,14.0,185.0,7.0,179.23,9.539999999999992,27.0,14.0,0.4145841289840133,41,13.0,-83.0,0.32,182.33,
2025-05-01 07:31:58,176.04,28.0,182.1,58.0,174.84,32.0,184.21,14.0,179.07,6.060000000000002,60.0,72.0,0.5497544906641885,132,-12.0,91.0,-0.09,182.33,
2025-05-01 07:31:59,178.5,36.0,180.26,58.0,176.5,12.0,182.0,60.0,179.38,1.759999999999991,48.0,118.0,0.5395090360739518,166,-70.0,34.0,-0.42,180.0,4.0
2025-05-01 07:32:00,177.82,22.0,181.29,17.0,131.89,38.0,182.24,34.0,179.56,3.469999999999999,60.0,51.0,0.3201093563228852,111,9.0,-55.0,0.08,181.5,4.0
2025-05-01 07:32:02,170.7,33.0,187.05,63.0,135.88,60.0,243.71,70.0,178.87,16.350000000000023,93.0,133.0,9.895980497151635,226,-40.0,76.0,-0.18,187.0,4.0
2025-05-01 07:32:03,173.81,21.0,185.65,20.0,70.78,23.0,237.77,43.0,179.73,11.840000000000003,44.0,63.0,9.971357480303547,107,-19.0,-119.0,-0.18,186.29,7.0
2025-05-01 07:32:04,174.33,18.0,180.0,21.0,51.49,35.0,181.0,7.0,177.17,5.669999999999988,53.0,28.0,9.771659531523062,81,25.0,-26.0,0.31,186.29,
2025-05-01 07:32:05,176.29,34.0,385.3,43.0,174.71,14.0,552.83,36.0,280.8,209.01,48.0,79.0,49.01263847213296,127,-31.0,46.0,-0.24,183.62,8.0
2025-05-01 07:32:06,180.1,29.0,310.24,29.0,176.69,26.0,490.65,34.0,245.17,130.14,55.0,63.0,47.91962562458108,118,-8.0,-9.0,-0.07,195.0,2.0
2025-05-01 07:32:07,195.0,8.0,377.36,22.0,180.18,33.0,467.51,35.0,286.18,182.36,41.0,57.0,52.94445816136009,98,-16.0,-20.0,-0.16,195.0,
2025-05-01 07:32:08,195.0,6.0,463.0,6.0,191.44,43.0,466.5,30.0,329.0,268.0,49.0,36.0,56.77289344396681,85,13.0,-13.0,0.15,195.0,
2025-05-01 07:32:09,195.75,40.0,411.14,21.0,192.24,79.0,517.75,60.0,303.45,215.39,119.0,81.0,30.84246990758053,200,38.0,115.0,0.19,195.0,
2025-05-01 07:32:10,196.0,30.0,284.65,23.0,195.0,11.0,440.16,25.0,240.33,88.64999999999998,41.0,48.0,37.98855525023305,89,-7.0,-111.0,-0.08,196.0,4.0
2025-05-01 07:32:11,196.0,10.0,273.6,5.0,195.0,5.0,274.6,5.0,234.8,77.60000000000002,15.0,10.0,40.6142101979099,25,5.0,-64.0,0.2,196.0,
2025-05-01 07:32:12,194.2,20.0,270.9,10.0,192.04,73.0,272.3,10.0,232.55,76.69999999999999,93.0,20.0,45.00630655808146,113,73.0,88.0,0.65,195.67,3.0
2025-05-01 07:32:13,192.07,56.0,269.0,10.0,187.45,51.0,272.0,10.0,230.54,76.93,107.0,20.0,31.02727719281865,127,87.0,14.0,0.69,193.0,4.0
2025-05-01 07:32:14,192.0,69.0,265.95,22.0,188.0,98.0,267.39,18.0,228.98,73.94999999999999,167.0,40.0,4.427623516064025,207,127.0,80.0,0.61,192.0,5.0
2025-05-01 07:32:15,192.0,9.0,255.06,16.0,188.0,63.0,261.75,12.0,223.53,63.06,72.0,28.0,4.263314438321776,100,44.0,-107.0,0.44,192.0,
2025-05-01 07:32:23,188.53,30.0,214.4,50.0,187.48,54.0,216.0,10.0,201.47,25.870000000000005,84.0,60.0,4.254018100572972,144,24.0,21.0,0.17,189.5,8.0
2025-05-01 07:32:24,188.0,64.0,212.42,31.0,184.64,28.0,213.0,27.0,200.21,24.419999999999987,92.0,58.0,4.577619468676107,150,34.0,6.0,0.23,189.5,
2025-05-01 07:32:25,188.0,52.0,206.76,17.0,184.0,26.0,207.24,21.0,197.38,18.75999999999999,78.0,38.0,4.925614682453622,116,40.0,-34.0,0.34,189.5,
2025-05-01 07:32:26,190.1,40.0,204.0,12.0,188.25,32.0,205.31,16.0,197.05,13.900000000000006,72.0,28.0,4.213357331155635,100,44.0,-16.0,0.44,189.5,
2025-05-01 07:32:27,191.52,29.0,199.31,48.0,190.08,73.0,200.62,24.0,195.41,7.789999999999992,102.0,72.0,2.472747459811277,174,30.0,74.0,0.17,189.5,
2025-05-01 07:32:28,193.43,21.0,197.99,71.0,192.6,15.0,198.74,19.0,195.71,4.560000000000002,36.0,90.0,1.9057596910427144,126,-54.0,-48.0,-0.43,193.0,2.0
2025-05-01 07:32:29,191.75,24.0,194.0,16.0,191.0,30.0,195.33,12.0,192.88,2.25,54.0,28.0,1.7804858887403054,82,26.0,-44.0,0.32,194.0,1.0
2025-05-01 07:32:30,190.67,73.0,192.43,23.0,188.07,81.0,243.56,43.0,191.55,1.760000000000019,154.0,66.0,2.24274385519244,220,88.0,138.0,0.4,191.0,11.0
2025-05-01 07:32:31,188.67,123.0,250.29,17.0,187.88,82.0,362.5,40.0,219.48,61.620000000000005,205.0,57.0,11.576909345762491,262,148.0,42.0,0.56,189.0,3.0
2025-05-01 07:32:33,191.0,165.0,399.44,32.0,190.0,11.0,476.08,24.0,295.22,208.44,176.0,56.0,64.10740768429184,232,120.0,-12.0,0.52,189.0,
2025-05-01 07:32:34,192.29,105.0,326.0,28.0,190.0,7.0,506.0,7.0,259.14,133.71,112.0,35.0,56.70492483021207,147,77.0,-85.0,0.52,189.0,
2025-05-01 07:32:35,193.46,168.0,309.55,44.0,191.5,12.0,426.0,18.0,251.5,116.09,180.0,62.0,43.51495145349471,242,118.0,95.0,0.49,194.0,4.0
2025-05-01 07:32:36,194.0,58.0,314.92,26.0,192.0,8.0,410.84,19.0,254.46,120.92000000000002,66.0,45.0,35.01917303421086,111,21.0,-131.0,0.19,194.0,5.0
2025-05-01 07:32:37,195.2,30.0,314.0,6.0,193.71,21.0,431.43,14.0,254.6,118.8,51.0,20.0,18.226137275901404,71,31.0,-40.0,0.44,194.0,
2025-05-01 07:32:42,194.25,61.0,198.31,26.0,193.63,43.0,216.21,39.0,196.28,4.060000000000002,104.0,65.0,24.223805027286826,169,39.0,19.0,0.23,197.0,1.0
2025-05-01 07:32:43,194.0,81.0,197.23,39.0,192.0,18.0,198.05,19.0,195.62,3.2299999999999898,99.0,58.0,15.34219182516006,157,41.0,-12.0,0.26,194.0,5.0
2025-05-01 07:32:44,191.52,46.0,194.08,24.0,190.95,40.0,195.96,28.0,192.8,2.5600000000000023,86.0,52.0,10.328185707083763,138,34.0,-19.0,0.25,193.0,4.0
2025-05-01 07:32:45,190.52,58.0,191.92,12.0,188.5,16.0,192.92,12.0,191.22,1.3999999999999773,74.0,24.0,2.821811474923589,98,50.0,-40.0,0.51,190.83,6.0
2025-05-01 07:32:46,189.93,102.0,191.17,18.0,188.9,94.0,447.65,23.0,190.55,1.239999999999981,196.0,41.0,2.5691204720702943,237,155.0,139.0,0.65,190.0,2.0
2025-05-01 07:32:47,190.67,18.0,192.0,6.0,189.0,42.0,586.43,21.0,191.33,1.3300000000000125,60.0,27.0,2.027444203920501,87,33.0,-150.0,0.38,190.0,3.0
2025-05-01 07:32:48,189.71,42.0,459.0,33.0,188.41,61.0,485.0,11.0,324.36,269.29,103.0,44.0,59.43365183126481,147,59.0,60.0,0.4,192.0,1.0
2025-05-01 07:32:49,193.33,24.0,381.5,36.0,190.1,87.0,485.0,12.0,287.42,188.17,111.0,48.0,64.25165935600421,159,63.0,12.0,0.4,192.0,
2025-05-01 07:32:50,194.95,42.0,281.4,20.0,193.71,28.0,303.4,15.0,238.18,86.44999999999999,70.0,35.0,59.11829809796627,105,35.0,-54.0,0.33,192.0,
2025-05-01 07:32:51,195.0,28.0,278.0,28.0,194.0,14.0,279.0,14.0,236.5,83.0,42.0,42.0,51.33064503783291,84,0.0,-21.0,0.0,192.0,
2025-05-01 07:32:52,195.0,24.0,277.33,21.0,194.0,12.0,278.43,14.0,236.17,82.32999999999998,36.0,35.0,39.96208803353497,71,1.0,-13.0,0.01,192.0,
2025-05-01 07:32:53,195.23,26.0,274.67,15.0,194.5,24.0,275.33,30.0,234.95,79.44000000000003,50.0,45.0,22.823652862765,95,5.0,24.0,0.05,195.5,4.0
2025-05-01 07:32:54,193.29,56.0,270.23,22.0,192.31,78.0,273.28,29.0,231.76,76.94000000000003,134.0,51.0,2.3937773497137003,185,83.0,90.0,0.45,194.0,6.0
2025-05-01 07:32:55,193.0,54.0,265.62,16.0,191.0,36.0,267.55,11.0,229.31,72.62,90.0,27.0,3.1037026275084094,117,63.0,-68.0,0.54,194.0,
2025-05-01 07:32:56,193.0,54.0,261.58,12.0,191.0,36.0,263.53,15.0,227.29,68.57999999999998,90.0,27.0,3.725423465863024,117,63.0,0.0,0.54,194.0,
2025-05-01 07:32:57,193.41,68.0,236.75,12.0,191.93,60.0,258.87,15.0,215.08,43.34,128.0,27.0,7.600465117346644,155,101.0,38.0,0.65,193.0,2.0
2025-05-01 07:32:58,194.0,91.0,254.28,25.0,193.0,104.0,254.95,21.0,224.14,60.28,195.0,46.0,6.467853585232381,241,149.0,86.0,0.62,193.0,
2025-05-01 07:32:59,194.5,80.0,248.04,28.0,193.3,115.0,250.37,19.0,221.27,53.53999999999999,195.0,47.0,5.575963593855642,242,148.0,1.0,0.61,193.0,
2025-05-01 07:33:03,194.33,49.0,232.86,14.0,193.16,86.0,234.95,19.0,213.59,38.53,135.0,33.0,3.376193122438936,168,102.0,7.0,0.61,196.0,4.0
2025-05-01 07:33:04,194.0,70.0,227.54,24.0,193.0,92.0,228.04,23.0,210.77,33.53999999999999,162.0,47.0,4.648083476015048,209,115.0,41.0,0.55,196.0,
2025-05-01 07:33:05,194.0,60.0,221.5,12.0,193.0,103.0,222.58,12.0,207.75,27.5,163.0,24.0,5.146863122330387,187,139.0,-22.0,0.74,196.0,
2025-05-01 07:33:06,194.0,80.0,218.06,17.0,193.0,144.0,219.38,16.0,206.03,24.06,224.0,33.0,4.752864399496886,257,191.0,70.0,0.74,196.0,
2025-05-01 07:33:07,193.61,90.0,207.17,23.0,192.8,81.0,208.96,28.0,200.39,13.559999999999974,171.0,51.0,5.008600602963422,222,120.0,-35.0,0.54,194.0,5.0
2025-05-01 07:33:08,195.0,70.0,203.22,18.0,194.0,60.0,206.82,38.0,199.11,8.219999999999999,130.0,56.0,4.94165964024295,186,74.0,-36.0,0.4,195.0,1.0
2025-05-01 07:33:12,195.55,22.0,198.92,24.0,193.33,72.0,201.5,20.0,197.23,3.369999999999976,94.0,44.0,2.5706186025948896,138,50.0,-41.0,0.36,198.0,1.0
2025-05-01 07:33:13,195.0,39.0,197.23,31.0,193.0,130.0,198.71,34.0,196.11,2.2299999999999898,169.0,65.0,3.2123324859059976,234,104.0,96.0,0.44,198.0,
2025-05-01 07:33:14,193.0,120.0,195.0,30.0,191.0,12.0,196.2,30.0,194.0,2.0,132.0,60.0,3.2346452664870933,192,72.0,-42.0,0.38,195.0,3.0
2025-05-01 07:33:15,193.0,255.0,216.57,28.0,191.0,11.0,251.92,24.0,204.79,23.569999999999997,266.0,52.0,4.130849791508673,318,214.0,126.0,0.67,193.2,5.0
2025-05-01 07:33:16,193.0,168.0,287.0,24.0,191.0,8.0,312.75,8.0,240.0,94.0,176.0,32.0,19.204698123115755,208,144.0,-110.0,0.69,193.2,
2025-05-01 07:33:17,193.0,145.0,298.43,14.0,191.0,10.0,418.2,10.0,245.71,105.43,155.0,24.0,24.81877253209764,179,131.0,-29.0,0.73,193.0,10.0
2025-05-01 07:33:18,193.0,121.0,415.5,20.0,191.0,12.0,509.2,15.0,304.25,222.5,133.0,35.0,43.27556527649293,168,98.0,-11.0,0.58,193.0,1.0
2025-05-01 07:33:19,193.0,90.0,223.78,9.0,191.0,9.0,355.0,10.0,208.39,30.78,99.0,19.0,39.99259581472552,118,80.0,-50.0,0.68,193.0,
2025-05-01 07:33:20,193.0,106.0,227.24,25.0,191.0,11.0,284.0,15.0,210.12,34.24000000000001,117.0,40.0,38.85332971573994,157,77.0,39.0,0.49,193.0,2.0
2025-05-01 07:33:21,193.0,80.0,228.38,24.0,191.0,8.0,261.07,15.0,210.69,35.379999999999995,88.0,39.0,41.30644041793,127,49.0,-30.0,0.39,193.0,
2025-05-01 07:33:22,193.0,179.0,227.23,39.0,191.0,13.0,292.0,26.0,210.12,34.22999999999999,192.0,65.0,42.23473250773588,257,127.0,130.0,0.49,193.0,1.0
2025-05-01 07:33:23,193.0,141.0,226.22,27.0,191.0,9.0,310.22,18.0,209.61,33.22,150.0,45.0,0.8689246227404863,195,105.0,-62.0,0.54,193.0,1.0
2025-05-01 07:33:24,193.0,117.0,224.33,27.0,191.0,9.0,374.0,18.0,208.67,31.330000000000013,126.0,45.0,0.7584655562414749,171,81.0,-24.0,0.47,193.0,2.0
2025-05-01 07:33:25,193.15,108.0,212.25,24.0,192.24,21.0,286.52,21.0,202.7,19.099999999999994,129.0,45.0,3.248872111980553,174,84.0,3.0,0.48,193.0,
2025-05-01 07:33:27,195.56,36.0,198.19,16.0,192.98,118.0,199.43,28.0,196.87,2.6299999999999955,154.0,44.0,5.74009407588463,198,110.0,3.0,0.56,197.0,3.0
2025-05-01 07:33:28,193.0,143.0,197.55,22.0,191.0,11.0,326.17,23.0,195.27,4.550000000000011,154.0,45.0,5.372316074097483,199,109.0,1.0,0.55,197.0,
2025-05-01 07:33:29,193.0,116.0,195.24,34.0,191.0,14.0,309.26,43.0,194.12,2.240000000000009,130.0,77.0,3.361536850907144,207,53.0,8.0,0.26,193.0,6.0
2025-05-01 07:33:30,193.0,36.0,194.0,14.0,191.0,7.0,195.0,28.0,193.5,1.0,43.0,42.0,2.104169669966525,85,1.0,-122.0,0.01,193.0,
2025-05-01 07:33:31,193.05,76.0,194.71,41.0,192.41,34.0,280.25,40.0,193.88,1.6599999999999966,110.0,81.0,1.3673587678466894,191,29.0,106.0,0.15,193.67,3.0
2025-05-01 07:33:32,193.0,75.0,252.07,41.0,191.0,16.0,610.57,42.0,222.54,59.06999999999999,91.0,83.0,12.694566554239117,174,8.0,-17.0,0.05,193.0,3.0
2025-05-01 07:33:33,192.94,34.0,363.3,30.0,190.65,17.0,655.26,31.0,278.12,170.36,51.0,61.0,36.657235574985805,112,-10.0,-62.0,-0.09,193.0,
2025-05-01 07:33:34,192.0,12.0,203.06,34.0,190.08,39.0,215.21,19.0,197.53,11.060000000000002,51.0,53.0,36.16678835617015,104,-2.0,-8.0,-0.02,193.0,
2025-05-01 07:33:35,191.41,17.0,203.0,40.0,189.97,35.0,204.0,20.0,197.21,11.590000000000003,52.0,60.0,35.59473879662561,112,-8.0,8.0,-0.07,192.33,3.0
2025-05-01 07:33:36,190.0,52.0,202.5,48.0,188.0,24.0,291.23,31.0,196.25,12.5,76.0,79.0,35.20933469976399,155,-3.0,43.0,-0.02,190.0,4.0
2025-05-01 07:33:37,192.82,34.0,201.06,64.0,188.48,29.0,257.75,48.0,196.94,8.240000000000009,63.0,112.0,36.28885848301108,175,-49.0,20.0,-0.28,190.0,
2025-05-01 07:33:38,194.0,42.0,200.0,56.0,190.84,76.0,240.71,42.0,197.0,6.0,118.0,98.0,0.4717308554741018,216,20.0,41.0,0.09,190.0,
2025-05-01 07:33:39,194.0,24.0,198.62,32.0,191.0,48.0,333.6,20.0,196.31,4.6200000000000045,72.0,52.0,0.434016128739882,124,20.0,-92.0,0.16,190.0,
2025-05-01 07:33:40,191.17,63.0,197.0,36.0,189.83,36.0,369.0,18.0,194.09,5.8300000000000125,99.0,54.0,1.185398667118545,153,45.0,29.0,0.29,193.5,4.0
2025-05-01 07:33:41,192.0,78.0,195.83,48.0,191.0,92.0,369.0,24.0,193.92,3.830000000000013,170.0,72.0,1.5287805597947963,242,98.0,89.0,0.4,193.5,
2025-05-01 07:33:42,192.76,58.0,194.42,48.0,191.62,32.0,508.54,35.0,193.59,1.6599999999999966,90.0,83.0,1.557006743725456,173,7.0,-69.0,0.04,193.0,1.0
2025-05-01 07:33:43,192.77,26.0,234.52,27.0,191.36,28.0,418.88,24.0,213.64,41.75,54.0,51.0,8.636663128778752,105,3.0,-68.0,0.03,193.0,4.0
2025-05-01 07:33:44,193.29,28.0,219.47,34.0,191.14,56.0,402.77,26.0,206.38,26.180000000000007,84.0,60.0,9.208850634037146,144,24.0,39.0,0.17,193.0,
2025-05-01 07:33:45,191.05,21.0,305.38,13.0,188.26,57.0,476.29,14.0,248.22,114.32999999999998,78.0,27.0,22.407389406175945,105,51.0,-39.0,0.49,191.67,3.0
2025-05-01 07:33:46,192.45,11.0,275.5,24.0,191.0,55.0,284.56,32.0,233.98,83.05000000000001,66.0,56.0,21.86172271345526,122,10.0,17.0,0.08,191.67,
2025-05-01 07:33:47,191.75,16.0,253.27,22.0,190.0,45.0,367.74,31.0,222.51,61.52000000000001,61.0,53.0,16.59629717738284,114,8.0,-8.0,0.07,191.5,4.0
2025-05-01 07:33:48,191.0,12.0,252.83,12.0,188.0,18.0,383.0,12.0,221.92,61.83000000000001,30.0,24.0,15.567335032047252,54,6.0,-60.0,0.11,191.5,
2025-05-01 07:33:49,192.07,28.0,251.91,22.0,188.72,25.0,406.7,23.0,221.99,59.84,53.0,45.0,11.543120461989709,98,8.0,44.0,0.08,191.5,
2025-05-01 07:33:50,195.36,64.0,250.0,22.0,192.76,34.0,433.35,31.0,222.68,54.63999999999999,98.0,53.0,5.244809815427571,151,45.0,53.0,0.3,197.0,5.0
2025-05-01 07:33:56,195.24,34.0,206.62,21.0,192.78,59.0,219.78,36.0,200.93,11.379999999999995,93.0,57.0,7.879043089107023,150,36.0,-27.0,0.24,197.0,2.0
2025-05-01 07:33:57,193.31,26.0,195.08,12.0,190.97,62.0,232.67,15.0,194.2,1.7700000000000102,88.0,27.0,10.709852006447388,115,61.0,-35.0,0.53,192.88,8.0
2025-05-01 07:33:58,191.0,24.0,193.25,8.0,190.0,8.0,224.62,8.0,192.12,2.25,32.0,16.0,11.000966775697714,48,16.0,-67.0,0.33,192.88,
2025-05-01 07:33:59,191.0,26.0,192.83,12.0,190.0,12.0,220.5,40.0,191.92,1.8300000000000125,38.0,52.0,9.129484103716097,90,-14.0,42.0,-0.16,191.0,2.0
2025-05-01 07:34:00,190.67,6.0,218.47,17.0,188.86,7.0,253.62,13.0,204.57,27.80000000000001,13.0,30.0,5.698532267172386,43,-17.0,-47.0,-0.4,191.0,1.0
2025-05-01 07:34:01,188.35,17.0,290.33,45.0,187.07,41.0,659.27,37.0,239.34,101.98,58.0,82.0,20.195400466442976,140,-24.0,97.0,-0.17,190.67,3.0
2025-05-01 07:34:02,188.95,19.0,379.44,45.0,186.54,57.0,637.0,45.0,284.2,190.49,76.0,90.0,39.59171883108898,166,-14.0,26.0,-0.08,187.33,3.0
2025-05-01 07:34:04,191.0,44.0,260.73,55.0,188.0,33.0,518.45,55.0,225.86,69.73000000000002,77.0,110.0,55.37039579053059,187,-33.0,51.0,-0.18,187.33,
2025-05-01 07:34:05,191.0,40.0,222.0,50.0,188.0,30.0,511.57,35.0,206.5,31.0,70.0,85.0,54.89604539490988,155,-15.0,-32.0,-0.1,187.33,
2025-05-01 07:34:06,191.0,36.0,258.97,33.0,188.0,27.0,356.87,30.0,224.98,67.97000000000003,63.0,63.0,56.5919951936668,126,0.0,-29.0,0.0,187.33,
2025-05-01 07:34:07,191.0,32.0,422.29,41.0,188.0,30.0,582.34,35.0,306.65,231.29,62.0,76.0,60.06765660486521,138,-14.0,12.0,-0.1,191.0,1.0
2025-05-01 07:34:09,194.0,4.0,302.0,20.0,191.0,12.0,457.82,17.0,248.0,108.0,16.0,37.0,69.14091032088027,53,-21.0,-13.0,-0.4,191.0,
2025-05-01 07:34:10,193.4,10.0,214.06,33.0,190.67,27.0,215.67,45.0,203.73,20.66,37.0,78.0,69.80935718082503,115,-41.0,62.0,-0.36,192.5,2.0
2025-05-01 07:34:11,190.86,21.0,212.45,22.0,187.91,33.0,214.0,55.0,201.66,21.58999999999997,54.0,77.0,74.3585773801517,131,-23.0,16.0,-0.18,189.5,4.0
2025-05-01 07:34:12,192.0,12.0,211.44,36.0,188.0,12.0,213.67,48.0,201.72,19.44,24.0,84.0,75.25558783239958,108,-60.0,-23.0,-0.56,189.5,
2025-05-01 07:34:13,192.0,11.0,209.04,52.0,188.27,11.0,210.2,25.0,200.52,17.039999999999992,22.0,77.0,20.645568047404502,99,-55.0,-9.0,-0.56,189.5,
2025-05-01 07:34:14,190.0,10.0,207.83,18.0,187.25,20.0,209.07,40.0,198.92,17.830000000000013,30.0,58.0,1.7665786141607074,88,-28.0,-11.0,-0.32,192.0,1.0
2025-05-01 07:34:15,188.0,12.0,193.33,48.0,186.6,50.0,198.25,12.0,190.67,5.3300000000000125,62.0,60.0,4.629354166620879,122,2.0,34.0,0.02,192.0,
2025-05-01 07:34:16,188.0,56.0,191.23,70.0,186.09,132.0,193.5,20.0,189.61,3.2299999999999898,188.0,90.0,5.711862218227091,278,98.0,156.0,0.35,192.0,
2025-05-01 07:34:17,186.58,71.0,188.43,14.0,180.68,80.0,189.16,19.0,187.5,1.8499999999999943,151.0,33.0,5.869031436277214,184,118.0,-94.0,0.64,187.62,8.0
2025-05-01 07:34:18,187.42,53.0,308.35,23.0,186.49,96.0,391.88,32.0,247.88,120.93000000000004,149.0,55.0,25.50684476763071,204,94.0,20.0,0.46,188.67,3.0
2025-05-01 07:34:19,192.37,19.0,248.07,28.0,191.36,25.0,287.31,26.0,220.22,55.69999999999999,44.0,54.0,26.434442116299905,98,-10.0,-106.0,-0.1,188.67,
2025-05-01 07:34:20,194.38,42.0,236.13,23.0,192.94,53.0,259.81,32.0,215.26,41.75,95.0,55.0,24.83489641613208,150,40.0,52.0,0.27,195.5,4.0
2025-05-01 07:34:21,193.0,54.0,257.0,18.0,192.0,18.0,302.0,12.0,225.0,64.0,72.0,30.0,21.66582839404048,102,42.0,-48.0,0.41,195.5,
2025-05-01 07:34:22,193.0,72.0,257.0,24.0,192.0,24.0,302.0,16.0,225.0,64.0,96.0,40.0,12.522304899658494,136,56.0,34.0,0.41,195.5,
2025-05-01 07:34:23,193.0,81.0,238.86,28.0,192.0,27.0,272.04,23.0,215.93,45.860000000000014,108.0,51.0,4.708590022502547,159,57.0,23.0,0.36,195.5,
2025-05-01 07:34:24,193.0,135.0,195.89,38.0,191.27,45.0,246.03,33.0,194.45,2.8899999999999864,180.0,71.0,12.481517135348978,251,109.0,92.0,0.43,195.5,
2025-05-01 07:34:25,193.0,58.0,194.91,33.0,191.9,89.0,396.7,20.0,193.95,1.9099999999999968,147.0,53.0,15.659023915940924,200,94.0,-51.0,0.47,193.0,9.0
2025-05-01 07:34:27,194.0,20.0,363.18,11.0,192.0,30.0,397.0,21.0,278.59,169.18,50.0,32.0,80.51744543886133,82,18.0,-105.0,0.22,193.0,
2025-05-01 07:34:28,193.04,46.0,243.51,61.0,191.91,33.0,267.44,32.0,218.28,50.47,79.0,93.0,80.25154310042899,172,-14.0,90.0,-0.08,193.2,5.0
2025-05-01 07:34:29,192.45,22.0,228.5,50.0,191.2,20.0,291.0,20.0,210.48,36.05000000000001,42.0,70.0,77.56698569623556,112,-28.0,-60.0,-0.25,192.5,4.0
2025-05-01 07:34:30,190.69,48.0,227.78,45.0,185.19,73.0,317.4,15.0,209.23,37.09,121.0,60.0,74.71399487378528,181,61.0,69.0,0.34,189.8,5.0
2025-05-01 07:34:31,192.0,60.0,225.0,24.0,186.0,120.0,231.67,48.0,208.5,33.0,180.0,72.0,30.20272553926248,252,108.0,71.0,0.43,189.8,
2025-05-01 07:34:32,192.0,65.0,220.92,62.0,186.0,130.0,220.44,39.0,206.46,28.919999999999987,195.0,101.0,4.539350173760498,296,94.0,44.0,0.32,189.8,
2025-05-01 07:34:33,192.0,71.0,213.96,47.0,186.63,215.0,215.64,56.0,202.98,21.960000000000008,286.0,103.0,2.931757152292759,389,183.0,93.0,0.47,192.0,2.0
2025-05-01 07:34:34,192.0,39.0,210.17,30.0,187.0,195.0,210.51,53.0,201.08,18.169999999999987,234.0,83.0,3.5216757374891707,317,151.0,-72.0,0.48,192.0,
2025-05-01 07:34:35,192.0,42.0,203.04,46.0,187.0,210.0,204.27,49.0,197.52,11.039999999999992,252.0,95.0,4.343514705859776,347,157.0,30.0,0.45,192.0,
2025-05-01 07:34:36,192.0,42.0,198.91,55.0,187.0,210.0,200.14,58.0,195.45,6.909999999999997,252.0,113.0,4.364495388933345,365,139.0,18.0,0.38,192.0,
2025-05-01 07:34:37,188.67,90.0,193.82,55.0,186.88,170.0,194.62,56.0,191.24,5.150000000000006,260.0,111.0,4.640008620683877,371,149.0,6.0,0.4,192.0,3.0
2025-05-01 07:34:38,187.36,47.0,189.2,40.0,186.92,130.0,191.82,34.0,188.28,1.839999999999975,177.0,74.0,5.059800391321889,251,103.0,-120.0,0.41,188.0,4.0
2025-05-01 07:34:39,186.83,111.0,191.04,23.0,185.0,105.0,227.07,29.0,188.94,4.20999999999998,216.0,52.0,4.054118893177828,268,164.0,17.0,0.61,188.67,6.0
2025-05-01 07:34:40,186.0,45.0,194.82,11.0,184.0,135.0,331.24,29.0,190.41,8.819999999999993,180.0,40.0,2.8176994161942823,220,140.0,-48.0,0.64,188.67,
2025-05-01 07:34:41,186.36,55.0,191.36,11.0,184.22,135.0,195.0,33.0,188.86,5.0,190.0,44.0,1.2305202152024326,234,146.0,14.0,0.62,188.67,
2025-05-01 07:34:42,188.0,65.0,192.67,21.0,184.09,230.0,237.98,47.0,190.33,4.669999999999988,295.0,68.0,0.953430647725296,363,227.0,129.0,0.63,189.0,1.0
2025-05-01 07:34:43,189.33,60.0,194.33,36.0,184.0,240.0,476.75,40.0,191.83,5.0,300.0,76.0,1.226959657047361,376,224.0,13.0,0.6,189.0,
2025-05-01 07:34:44,191.24,33.0,193.35,34.0,189.08,65.0,301.27,41.0,192.3,2.109999999999985,98.0,75.0,1.3631691017704597,173,23.0,-164.0,0.13,193.0,1.0
2025-05-01 07:34:45,191.64,47.0,322.89,35.0,187.32,34.0,515.81,26.0,257.26,131.25,81.0,61.0,29.739064040416924,142,20.0,-31.0,0.14,191.0,2.0
2025-05-01 07:34:46,192.64,110.0,384.1,59.0,191.0,117.0,566.19,47.0,288.37,191.46000000000004,227.0,106.0,45.888971115073126,333,121.0,164.0,0.36,193.0,5.0
2025-05-01 07:34:47,193.23,39.0,358.71,35.0,191.43,69.0,491.0,37.0,275.97,165.48,108.0,72.0,46.153216897633605,180,36.0,-153.0,0.2,193.0,
2025-05-01 07:34:48,194.79,14.0,215.0,18.0,193.0,30.0,541.62,24.0,204.89,20.210000000000008,44.0,42.0,42.92084190693389,86,2.0,-94.0,0.02,195.0,1.0
2025-05-01 07:34:49,195.0,20.0,264.58,36.0,193.0,50.0,479.9,30.0,229.79,69.57999999999998,70.0,66.0,34.03995417153218,136,4.0,50.0,0.03,195.0,
2025-05-01 07:34:50,195.0,22.0,287.45,55.0,193.0,55.0,319.45,33.0,241.23,92.45,77.0,88.0,34.08795388403375,165,-11.0,29.0,-0.07,195.0,
2025-05-01 07:34:51,195.0,28.0,283.59,51.0,193.0,70.0,289.52,60.0,239.29,88.58999999999997,98.0,111.0,25.57938779564542,209,-13.0,44.0,-0.06,195.0,
2025-05-01 07:34:52,195.0,14.0,278.92,25.0,193.0,35.0,279.93,27.0,236.96,83.92000000000002,49.0,52.0,14.920469831745084,101,-3.0,-108.0,-0.03,195.0,
2025-05-01 07:34:53,195.0,8.0,276.2,30.0,193.0,40.0,277.36,28.0,235.6,81.19999999999999,48.0,58.0,4.363923693193244,106,-10.0,5.0,-0.09,195.0,1.0
2025-05-01 07:34:54,192.25,71.0,273.55,49.0,191.43,56.0,274.68,41.0,232.9,81.30000000000001,127.0,90.0,3.229416355940061,217,37.0,111.0,0.17,193.33,6.0
2025-05-01 07:34:55,192.0,99.0,270.39,28.0,191.0,54.0,271.46,28.0,231.2,78.38999999999999,153.0,56.0,3.2122889035723103,209,97.0,-8.0,0.46,193.33,
2025-05-01 07:34:56,192.17,70.0,267.36,59.0,191.47,90.0,268.32,53.0,229.76,75.19000000000003,160.0,112.0,2.991066699359001,272,48.0,63.0,0.18,192.0,4.0
2025-05-01 07:34:57,192.76,29.0,259.38,53.0,191.81,95.0,260.26,58.0,226.07,66.62,124.0,111.0,3.5565545124480957,235,13.0,-37.0,0.06,193.0,2.0
2025-05-01 07:34:58,192.86,22.0,239.94,32.0,191.77,78.0,254.14,43.0,216.4,47.079999999999984,100.0,75.0,6.575308357789458,175,25.0,-60.0,0.14,192.5,4.0
2025-05-01 07:34:59,192.0,33.0,223.89,36.0,191.0,66.0,225.24,29.0,207.94,31.889999999999983,99.0,65.0,9.875357208730083,164,34.0,-11.0,0.21,192.5,
2025-05-01 07:35:00,192.0,25.0,219.05,44.0,191.0,66.0,219.93,41.0,205.52,27.05000000000001,91.0,85.0,10.714724448160982,176,6.0,12.0,0.03,191.5,6.0
2025-05-01 07:35:01,189.78,23.0,214.5,42.0,188.11,55.0,215.43,44.0,202.14,24.72,78.0,86.0,9.647195447383686,164,-8.0,-12.0,-0.05,191.0,3.0
2025-05-01 07:35:02,189.0,28.0,211.78,60.0,188.0,98.0,212.96,53.0,200.39,22.78,126.0,113.0,6.272624650018691,239,13.0,75.0,0.05,191.0,
2025-05-01 07:35:03,189.0,14.0,209.0,21.0,188.0,49.0,210.0,35.0,199.0,20.0,63.0,56.0,3.684619383331619,119,7.0,-120.0,0.06,191.0,
2025-05-01 07:35:04,189.0,16.0,208.13,30.0,188.0,56.0,209.28,36.0,198.57,19.129999999999995,72.0,66.0,2.8253371480273977,138,6.0,19.0,0.04,191.0,
2025-05-01 07:35:05,188.36,44.0,205.04,46.0,187.75,64.0,206.0,46.0,196.7,16.67999999999998,108.0,92.0,2.038295856843185,200,16.0,62.0,0.08,191.0,
2025-05-01 07:35:06,188.27,45.0,201.57,42.0,187.5,56.0,202.57,51.0,194.92,13.299999999999985,101.0,93.0,2.131790327406665,194,8.0,-6.0,0.04,188.33,6.0
2025-05-01 07:35:07,188.0,33.0,197.1,50.0,186.0,22.0,198.17,42.0,192.55,9.099999999999994,55.0,92.0,2.67199738024295,147,-37.0,-47.0,-0.25,188.33,
2025-05-01 07:35:08,187.66,29.0,194.61,31.0,154.0,24.0,194.64,42.0,191.13,6.950000000000017,53.0,73.0,3.015183244850276,126,-20.0,-21.0,-0.16,187.5,4.0
2025-05-01 07:35:09,186.0,7.0,191.2,10.0,147.29,14.0,192.32,25.0,188.6,5.199999999999989,21.0,35.0,3.1699290212916007,56,-14.0,-70.0,-0.25,187.5,
2025-05-01 07:35:10,186.0,8.0,190.24,21.0,172.5,16.0,193.0,28.0,188.12,4.240000000000009,24.0,49.0,2.8204485458925617,73,-25.0,17.0,-0.34,190.67,3.0
2025-05-01 07:35:11,178.91,11.0,186.93,30.0,154.25,16.0,296.96,26.0,182.92,8.02000000000001,27.0,56.0,3.690383448915367,83,-29.0,10.0,-0.35,186.0,1.0
2025-05-01 07:35:12,173.0,12.0,205.67,18.0,123.0,12.0,594.67,24.0,189.33,32.66999999999999,24.0,42.0,3.071831701123731,66,-18.0,-17.0,-0.27,186.0,10.0
2025-05-01 07:35:13,189.76,54.0,299.0,16.0,174.61,31.0,702.0,40.0,244.38,109.24,85.0,56.0,25.677858166132648,141,29.0,75.0,0.21,186.0,
2025-05-01 07:35:14,194.75,40.0,307.0,8.0,188.79,28.0,475.0,20.0,250.88,112.25,68.0,28.0,33.48928604792913,96,40.0,-45.0,0.42,186.0,
2025-05-01 07:35:23,195.7,23.0,210.12,41.0,194.76,42.0,262.64,47.0,202.91,14.420000000000016,65.0,88.0,1.1223502127318772,153,-23.0,39.0,-0.15,196.0,2.0
2025-05-01 07:35:24,195.0,21.0,206.71,35.0,194.0,14.0,209.0,21.0,200.86,11.710000000000008,35.0,56.0,2.0269755795321,91,-21.0,-62.0,-0.23,196.0,
2025-05-01 07:35:25,195.0,15.0,205.71,21.0,194.0,10.0,207.42,19.0,200.36,10.710000000000008,25.0,40.0,2.3224189975152494,65,-15.0,-26.0,-0.23,196.0,
2025-05-01 07:35:26,195.0,24.0,202.93,30.0,194.0,16.0,204.29,34.0,198.97,7.930000000000007,40.0,64.0,2.342018360308076,104,-24.0,39.0,-0.23,196.0,
2025-05-01 07:35:27,195.0,36.0,199.73,44.0,194.0,24.0,201.54,52.0,197.36,4.72999999999999,60.0,96.0,2.0811943686308103,156,-36.0,52.0,-0.23,196.0,
2025-05-01 07:35:28,195.0,18.0,198.0,30.0,194.0,12.0,200.0,18.0,196.5,3.0,30.0,48.0,1.875446613481973,78,-18.0,-78.0,-0.23,196.0,
2025-05-01 07:35:29,194.64,33.0,196.35,57.0,193.44,32.0,198.04,53.0,195.49,1.710000000000008,65.0,110.0,1.944332790450559,175,-45.0,97.0,-0.26,195.0,3.0
2025-05-01 07:35:30,192.24,50.0,194.11,53.0,191.18,117.0,195.2,51.0,193.18,1.8700000000000043,167.0,104.0,2.16119180084082,271,63.0,96.0,0.23,193.17,6.0
2025-05-01 07:35:31,192.89,47.0,267.15,26.0,191.22,45.0,458.54,24.0,230.02,74.25999999999999,92.0,50.0,15.45778121206341,142,42.0,-129.0,0.3,193.36,11.0
2025-05-01 07:35:32,193.0,26.0,333.62,13.0,192.0,26.0,429.42,19.0,263.31,140.62,52.0,32.0,30.64314360505492,84,20.0,-58.0,0.24,193.36,
2025-05-01 07:35:33,192.93,15.0,261.8,10.0,191.82,22.0,467.1,41.0,227.37,68.87,37.0,51.0,28.86592506745656,88,-14.0,4.0,-0.16,192.67,3.0
2025-05-01 07:35:34,192.12,16.0,238.64,36.0,189.32,28.0,298.5,12.0,215.38,46.51999999999998,44.0,48.0,25.49461060695017,92,-4.0,4.0,-0.04,192.4,5.0
2025-05-01 07:35:35,191.0,20.0,237.92,38.0,189.0,50.0,251.39,38.0,214.46,46.91999999999999,70.0,76.0,19.822027393786332,146,-6.0,54.0,-0.04,192.4,
2025-05-01 07:35:36,191.0,24.0,224.38,24.0,189.0,60.0,237.88,48.0,207.69,33.379999999999995,84.0,72.0,22.217584702213166,156,12.0,10.0,0.08,192.4,
2025-05-01 07:35:37,191.0,26.0,216.76,41.0,189.0,65.0,220.59,37.0,203.88,25.75999999999999,91.0,78.0,8.983397464212427,169,13.0,13.0,0.08,192.4,
2025-05-01 07:35:38,191.0,14.0,213.5,12.0,189.0,35.0,216.33,15.0,202.25,22.5,49.0,27.0,5.9927013941976925,76,22.0,-93.0,0.29,192.4,
2025-05-01 07:35:39,191.0,16.0,212.25,16.0,189.0,40.0,215.0,8.0,201.62,21.25,56.0,24.0,5.295446156842633,80,32.0,4.0,0.4,192.4,
2025-05-01 07:35:40,190.33,18.0,210.67,12.0,188.75,40.0,212.33,12.0,200.5,20.33999999999997,58.0,24.0,2.7977973479185216,82,34.0,2.0,0.41,190.0,4.0
2025-05-01 07:35:41,191.75,20.0,197.51,47.0,189.55,20.0,209.05,19.0,194.63,5.759999999999991,40.0,66.0,3.541515212450796,106,-26.0,24.0,-0.25,192.17,6.0
2025-05-01 07:35:42,186.63,27.0,200.0,40.0,168.39,28.0,209.29,17.0,193.31,13.370000000000005,55.0,57.0,4.174406544650496,112,-2.0,6.0,-0.02,187.71,7.0
2025-05-01 07:35:43,185.0,45.0,208.11,18.0,80.33,18.0,210.0,9.0,196.56,23.110000000000014,63.0,27.0,3.622710311358222,90,36.0,-22.0,0.4,187.71,
2025-05-01 07:35:44,185.0,60.0,205.92,12.0,136.18,33.0,462.67,45.0,195.46,20.919999999999987,93.0,57.0,2.7352275956529577,150,36.0,60.0,0.24,187.71,
2025-05-01 07:35:45,185.25,20.0,204.5,8.0,170.18,34.0,243.0,40.0,194.88,19.25,54.0,48.0,1.188221359857555,102,6.0,-48.0,0.06,187.71,
2025-05-01 07:35:46,193.93,113.0,202.14,14.0,185.71,17.0,298.39,51.0,198.04,8.20999999999998,130.0,65.0,1.7779763778018995,195,65.0,93.0,0.33,194.0,5.0
2025-05-01 07:35:52,194.0,14.0,229.0,20.0,193.0,10.0,243.06,34.0,211.5,35.0,24.0,54.0,7.403507276961254,78,-30.0,-33.0,-0.38,194.5,6.0
2025-05-01 07:35:53,191.43,21.0,229.0,10.0,188.65,23.0,524.0,7.0,210.21,37.56999999999999,44.0,17.0,6.310089539778128,61,27.0,-17.0,0.44,192.4,5.0
2025-05-01 07:35:54,191.0,117.0,228.08,26.0,188.0,133.0,297.41,49.0,209.54,37.08000000000001,250.0,75.0,2.876183234777717,325,175.0,164.0,0.54,192.4,
2025-05-01 07:35:55,191.0,72.0,227.5,16.0,188.0,80.0,311.9,10.0,209.25,36.5,152.0,26.0,1.599196673338256,178,126.0,-147.0,0.71,192.4,
2025-05-01 07:35:56,191.0,128.0,226.47,30.0,188.0,150.0,331.57,35.0,208.73,35.47,278.0,65.0,1.068002808992778,343,213.0,164.0,0.62,191.0,1.0
2025-05-01 07:35:57,191.0,48.0,225.17,12.0,188.0,60.0,300.39,28.0,208.08,34.16999999999999,108.0,40.0,0.8071988602672219,148,68.0,-164.0,0.46,191.0,
2025-05-01 07:35:58,192.71,14.0,223.43,14.0,191.0,56.0,328.09,23.0,208.07,30.72,70.0,37.0,0.6679296370253796,107,33.0,-41.0,0.31,191.0,
2025-05-01 07:35:59,193.0,15.0,222.33,18.0,191.0,120.0,254.09,33.0,207.67,29.330000000000013,135.0,51.0,0.6260191690491668,186,84.0,79.0,0.45,193.0,1.0
2025-05-01 07:36:00,193.18,11.0,222.0,11.0,191.05,74.0,223.0,22.0,207.59,28.819999999999997,85.0,33.0,0.452017698787488,118,52.0,-68.0,0.44,193.0,
2025-05-01 07:36:01,191.46,39.0,220.77,13.0,188.83,36.0,221.57,14.0,206.12,29.31,75.0,27.0,0.8066163896285109,102,48.0,-16.0,0.47,192.25,4.0
2025-05-01 07:36:02,191.0,115.0,212.62,24.0,188.0,110.0,219.33,18.0,201.81,21.620000000000005,225.0,42.0,2.591084714944262,267,183.0,164.0,0.69,192.25,
2025-05-01 07:36:03,191.0,73.0,217.64,11.0,188.0,110.0,219.0,22.0,204.32,26.639999999999983,183.0,33.0,2.473351976573104,216,150.0,-51.0,0.69,191.0,5.0
2025-05-01 07:36:04,191.6,15.0,217.0,11.0,189.72,47.0,391.26,31.0,204.3,25.40000000000001,62.0,42.0,2.1761824372093352,104,20.0,-112.0,0.19,191.0,
2025-05-01 07:36:05,191.04,28.0,216.24,21.0,189.4,15.0,469.39,23.0,203.64,25.200000000000017,43.0,44.0,1.549619308094315,87,-1.0,-17.0,-0.01,191.25,4.0
2025-05-01 07:36:06,188.06,51.0,214.71,17.0,185.13,31.0,234.25,12.0,201.38,26.65000000000001,82.0,29.0,1.4001785600483654,111,53.0,24.0,0.48,190.0,2.0
2025-05-01 07:36:07,188.0,92.0,201.26,31.0,185.0,66.0,207.5,34.0,194.63,13.259999999999993,158.0,65.0,4.106845504766372,223,93.0,112.0,0.42,190.0,
2025-05-01 07:36:08,188.94,36.0,198.59,59.0,187.09,44.0,199.44,32.0,193.77,9.650000000000006,80.0,91.0,5.00634896906125,171,-11.0,-52.0,-0.06,188.0,4.0
2025-05-01 07:36:09,190.0,32.0,195.6,65.0,189.0,44.0,196.07,56.0,192.8,5.599999999999994,76.0,121.0,4.915946500931595,197,-45.0,26.0,-0.23,188.0,
2025-05-01 07:36:10,190.6,20.0,193.0,20.0,189.18,34.0,194.48,42.0,191.8,2.4000000000000057,54.0,62.0,3.786730779976657,116,-8.0,-81.0,-0.07,192.0,2.0
2025-05-01 07:36:11,189.29,42.0,192.0,32.0,188.04,48.0,196.0,80.0,190.64,2.710000000000008,90.0,112.0,1.5755538708732295,202,-22.0,86.0,-0.11,192.0,
2025-05-01 07:36:12,189.93,30.0,191.29,14.0,188.8,15.0,194.61,23.0,190.61,1.3599999999999852,45.0,37.0,1.375292696128345,82,8.0,-120.0,0.1,190.0,2.0
2025-05-01 07:36:13,189.0,28.0,191.0,22.0,187.78,27.0,196.0,55.0,190.0,2.0,55.0,77.0,1.1199553562639342,132,-22.0,50.0,-0.17,189.6,5.0
2025-05-01 07:36:14,189.5,133.0,194.41,63.0,187.24,50.0,231.81,47.0,191.96,4.909999999999997,183.0,110.0,0.8431014174014514,293,73.0,161.0,0.25,189.0,3.0
2025-05-01 07:36:15,190.0,55.0,195.82,11.0,188.0,15.0,253.92,13.0,192.91,5.819999999999993,70.0,24.0,1.183270890381512,94,46.0,-164.0,0.49,195.67,3.0
2025-05-01 07:36:16,190.82,139.0,195.86,42.0,188.93,28.0,508.43,14.0,193.34,5.0400000000000205,167.0,56.0,1.4386556224559308,223,111.0,129.0,0.5,191.0,3.0
2025-05-01 07:36:17,192.0,72.0,194.23,39.0,189.0,26.0,323.63,19.0,193.12,2.2299999999999898,98.0,58.0,1.3716705143816033,156,40.0,-67.0,0.26,192.0,4.0
2025-05-01 07:36:18,192.11,18.0,299.0,15.0,189.0,18.0,461.42,12.0,245.56,106.89,36.0,27.0,23.58632485149012,63,9.0,-93.0,0.14,192.0,3.0
2025-05-01 07:36:20,194.0,7.0,397.18,11.0,189.0,14.0,496.0,7.0,295.59,203.18,21.0,18.0,65.14412920593846,39,3.0,29.0,0.08,192.0,
2025-05-01 07:36:21,194.68,19.0,307.63,19.0,190.0,15.0,343.0,17.0,251.16,112.95,34.0,36.0,56.20958041117191,70,-2.0,31.0,-0.03,195.0,1.0
2025-05-01 07:36:22,195.0,71.0,308.6,25.0,194.0,8.0,345.9,10.0,251.8,113.60000000000002,79.0,35.0,41.51505714797942,114,44.0,44.0,0.39,195.0,
2025-05-01 07:36:23,195.1,163.0,331.13,39.0,194.83,63.0,403.87,30.0,263.11,136.03,226.0,69.0,38.81787822640485,295,157.0,164.0,0.53,195.67,6.0
2025-05-01 07:36:24,195.2,59.0,396.0,17.0,194.9,49.0,573.79,19.0,295.6,200.8,108.0,36.0,22.546198570934298,144,72.0,-151.0,0.5,195.67,
2025-05-01 07:36:27,195.0,45.0,282.71,21.0,194.0,5.0,396.38,16.0,238.86,87.70999999999998,50.0,37.0,26.01410636558564,87,13.0,-73.0,0.15,196.0,3.0
2025-05-01 07:36:28,193.39,31.0,286.89,27.0,190.92,24.0,422.26,31.0,240.14,93.5,55.0,58.0,28.47068527450659,113,-3.0,26.0,-0.03,193.93,15.0
2025-05-01 07:36:29,192.0,12.0,255.21,42.0,189.0,24.0,423.33,54.0,223.61,63.21000000000001,36.0,96.0,24.515648675897094,132,-60.0,19.0,-0.45,193.93,
2025-05-01 07:36:30,186.0,18.0,242.5,30.0,183.12,16.0,427.21,34.0,214.25,56.5,34.0,64.0,12.20313197503103,98,-30.0,-34.0,-0.31,187.6,5.0
2025-05-01 07:36:31,183.22,54.0,212.81,48.0,171.19,32.0,332.03,32.0,198.02,29.590000000000003,86.0,80.0,17.651142455944036,166,6.0,68.0,0.04,187.6,
2025-05-01 07:36:32,184.9,40.0,206.94,34.0,183.0,60.0,291.46,41.0,195.92,22.039999999999992,100.0,75.0,18.42015390815276,175,25.0,9.0,0.14,187.6,
2025-05-01 07:36:33,185.0,40.0,205.0,30.0,183.0,60.0,441.2,40.0,195.0,20.0,100.0,70.0,12.868696515189134,170,30.0,-5.0,0.18,187.6,
2025-05-01 07:36:34,186.54,26.0,203.75,24.0,183.82,44.0,436.82,34.0,195.14,17.210000000000008,70.0,58.0,8.24152777099272,128,12.0,-42.0,0.09,187.6,
2025-05-01 07:36:35,195.0,7.0,202.57,21.0,190.25,16.0,288.12,25.0,198.79,7.569999999999993,23.0,46.0,1.7293871747084093,69,-23.0,-59.0,-0.33,187.6,
2025-05-01 07:36:36,195.0,10.0,199.8,30.0,194.0,10.0,201.1,30.0,197.4,4.800000000000011,20.0,60.0,1.6184560544067894,80,-40.0,11.0,-0.5,187.6,
2025-05-01 07:36:37,193.06,66.0,198.0,18.0,192.4,10.0,200.0,18.0,195.53,4.939999999999998,76.0,36.0,1.6592679108709447,112,40.0,32.0,0.36,194.5,2.0
2025-05-01 07:36:38,193.0,208.0,195.62,39.0,192.0,26.0,200.0,39.0,194.31,2.6200000000000045,234.0,78.0,1.8225613844384216,312,156.0,164.0,0.5,194.5,
2025-05-01 07:36:39,193.0,109.0,194.0,27.0,192.0,18.0,200.0,27.0,193.5,1.0,127.0,54.0,2.180992893167303,181,73.0,-131.0,0.4,193.0,5.0
2025-05-01 07:36:40,193.0,99.0,235.42,45.0,192.0,24.0,257.29,49.0,214.21,42.41999999999999,123.0,94.0,8.63409809997805,217,29.0,36.0,0.13,193.5,6.0
2025-05-01 07:36:41,193.19,62.0,244.44,36.0,192.56,36.0,268.08,53.0,218.82,51.25,98.0,89.0,12.218102553180753,187,9.0,-30.0,0.05,193.0,4.0
2025-05-01 07:36:42,195.0,10.0,244.0,10.0,194.0,40.0,245.0,20.0,219.5,49.0,50.0,30.0,13.091308949071488,80,20.0,-107.0,0.25,193.0,
2025-05-01 07:36:43,195.0,24.0,243.0,30.0,194.0,96.0,244.71,42.0,219.0,48.0,120.0,72.0,11.111214155079372,192,48.0,112.0,0.25,193.0,
2025-05-01 07:36:44,195.0,18.0,240.55,22.0,194.0,72.0,241.25,32.0,217.77,45.55000000000001,90.0,54.0,2.135497600100041,144,36.0,-48.0,0.25,193.0,
2025-05-01 07:36:45,195.0,16.0,239.38,16.0,194.0,64.0,241.0,32.0,217.19,44.38,80.0,48.0,0.9475916842357012,128,32.0,-16.0,0.25,193.0,
2025-05-01 07:36:46,194.02,90.0,236.71,34.0,193.15,52.0,238.11,38.0,215.36,42.69,142.0,72.0,1.6317260799634985,214,70.0,86.0,0.33,195.0,2.0
2025-05-01 07:36:47,194.0,41.0,235.48,31.0,193.0,28.0,261.6,30.0,214.74,41.47999999999999,69.0,61.0,1.74996285675828,130,8.0,-84.0,0.06,194.0,3.0
2025-05-01 07:36:48,194.0,70.0,233.61,46.0,193.0,44.0,235.42,53.0,213.8,39.610000000000014,114.0,99.0,1.667803945322775,213,15.0,83.0,0.07,194.0,1.0
2025-05-01 07:36:49,194.0,84.0,228.25,60.0,193.0,56.0,229.96,46.0,211.12,34.25,140.0,106.0,2.232200707829618,246,34.0,33.0,0.14,194.0,
2025-05-01 07:36:50,194.0,37.0,227.0,50.0,193.0,40.0,229.0,30.0,210.5,33.0,77.0,80.0,2.177585819212631,157,-3.0,-89.0,-0.02,194.0,3.0
2025-05-01 07:36:51,193.24,37.0,226.3,46.0,192.46,26.0,228.12,34.0,209.77,33.06,63.0,80.0,2.164712452044536,143,-17.0,-14.0,-0.12,194.0,3.0
2025-05-01 07:36:52,191.0,24.0,224.0,27.0,188.82,33.0,226.0,45.0,207.5,33.0,57.0,72.0,2.2803552354924186,129,-15.0,-14.0,-0.12,192.14,7.0
2025-05-01 07:36:53,189.0,24.0,221.95,21.0,187.0,17.0,224.86,22.0,205.48,32.94999999999999,41.0,43.0,2.3397820411394923,84,-2.0,-45.0,-0.02,192.14,
2025-05-01 07:36:54,192.75,32.0,220.18,17.0,188.54,26.0,220.94,31.0,206.46,27.430000000000007,58.0,48.0,2.141149224140978,106,10.0,22.0,0.09,192.14,
2025-05-01 07:36:55,195.0,48.0,215.59,29.0,189.0,48.0,216.88,25.0,205.29,20.590000000000003,96.0,54.0,1.8302322257135013,150,42.0,44.0,0.28,192.14,
2025-05-01 07:36:56,195.0,28.0,213.0,21.0,191.29,28.0,214.0,35.0,204.0,18.0,56.0,56.0,1.3146786679797182,112,0.0,-38.0,0.0,192.14,
2025-05-01 07:36:57,195.0,28.0,211.79,19.0,193.0,28.0,212.31,29.0,203.39,16.789999999999992,56.0,48.0,1.2256957208220534,104,8.0,-8.0,0.08,192.14,
2025-05-01 07:36:58,195.0,42.0,208.28,46.0,193.0,56.0,211.58,38.0,201.64,13.28,98.0,84.0,1.8395461396882729,182,14.0,78.0,0.08,195.0,1.0
2025-05-01 07:37:01,195.58,36.0,197.88,32.0,194.26,35.0,200.5,16.0,196.73,2.299999999999983,71.0,48.0,2.541924467808699,119,23.0,-47.0,0.19,195.0,
2025-05-01 07:37:02,195.14,14.0,420.11,27.0,193.82,50.0,448.0,3.0,307.63,224.97000000000003,64.0,30.0,48.31402301609782,94,34.0,-25.0,0.36,195.6,5.0
2025-05-01 07:37:03,195.0,9.0,441.88,16.0,194.0,63.0,445.31,13.0,318.44,246.88,72.0,29.0,62.579421697551766,101,43.0,7.0,0.43,195.6,
2025-05-01 07:37:05,194.05,61.0,299.14,29.0,193.32,65.0,334.54,35.0,246.59,105.08999999999996,126.0,64.0,52.56775028475149,190,62.0,109.0,0.33,194.17,6.0
2025-05-01 07:37:06,194.0,22.0,222.79,14.0,193.0,44.0,224.55,22.0,208.39,28.789999999999992,66.0,36.0,48.27044779158351,102,30.0,-88.0,0.29,194.17,
2025-05-01 07:37:07,194.0,18.0,219.33,9.0,193.0,36.0,224.0,18.0,206.67,25.330000000000013,54.0,27.0,53.62484470839988,81,27.0,-21.0,0.33,194.17,
2025-05-01 07:37:08,194.0,34.0,217.84,19.0,193.0,44.0,218.57,14.0,205.92,23.840000000000003,78.0,33.0,44.717510775981445,111,45.0,30.0,0.41,194.17,
2025-05-01 07:37:09,194.0,41.0,214.38,13.0,192.37,38.0,215.95,20.0,204.19,20.379999999999995,79.0,33.0,18.08460726695577,112,46.0,1.0,0.41,194.0,1.0
2025-05-01 07:37:10,194.59,17.0,212.73,11.0,192.38,13.0,213.4,10.0,203.66,18.139999999999983,30.0,21.0,1.9134602164756471,51,9.0,-61.0,0.18,194.0,3.0
2025-05-01 07:37:11,195.0,24.0,210.22,9.0,193.0,8.0,211.07,15.0,202.61,15.22,32.0,24.0,1.6612194316332376,56,8.0,5.0,0.14,194.0,
2025-05-01 07:37:12,195.0,26.0,209.25,16.0,193.0,10.0,210.57,14.0,202.12,14.25,36.0,30.0,1.487833996128783,66,6.0,10.0,0.09,195.0,1.0
2025-05-01 07:37:13,166.68,40.0,206.92,13.0,140.9,68.0,208.74,23.0,186.8,40.23999999999998,108.0,36.0,7.355632535685795,144,72.0,78.0,0.5,190.22,9.0
2025-05-01 07:37:15,141.41,27.0,180.11,19.0,140.18,17.0,181.2,10.0,160.76,38.70000000000002,44.0,29.0,20.722844399359204,73,15.0,-57.0,0.21,180.75,4.0
2025-05-01 07:37:16,156.73,11.0,182.0,8.0,141.33,18.0,183.0,8.0,169.36,25.27000000000001,29.0,16.0,17.91020044555778,45,13.0,-28.0,0.29,180.75,
2025-05-01 07:37:17,162.74,34.0,182.0,10.0,168.49,53.0,183.0,10.0,172.37,19.25999999999999,87.0,20.0,10.540269446274262,107,67.0,62.0,0.63,180.75,
2025-05-01 07:37:18,177.4,60.0,186.52,31.0,174.6,10.0,214.58,19.0,181.96,9.120000000000005,70.0,50.0,8.691805336065892,120,20.0,13.0,0.17,185.2,5.0
2025-05-01 07:37:19,179.17,29.0,186.0,40.0,178.79,43.0,188.0,16.0,182.59,6.8300000000000125,72.0,56.0,9.14988360582037,128,16.0,8.0,0.12,185.2,
2025-05-01 07:37:20,183.66,35.0,191.14,44.0,180.55,31.0,234.5,24.0,187.4,7.47999999999999,66.0,68.0,7.562204043799419,134,-2.0,6.0,-0.01,186.57,7.0
2025-05-01 07:37:21,188.67,27.0,287.0,24.0,186.85,26.0,584.5,12.0,237.83,98.33,53.0,36.0,25.95819234846768,89,17.0,-45.0,0.19,189.0,3.0
2025-05-01 07:37:22,192.64,42.0,426.14,22.0,189.89,28.0,623.17,18.0,309.39,233.5,70.0,40.0,55.26674614992295,110,30.0,21.0,0.27,192.0,2.0
2025-05-01 07:37:25,196.0,20.0,404.06,34.0,195.0,40.0,421.67,15.0,300.03,208.06,60.0,49.0,29.432154525280364,109,11.0,3.0,0.1,192.0,
2025-05-01 07:37:26,196.0,6.0,248.8,5.0,195.0,12.0,392.0,9.0,222.4,52.80000000000001,18.0,14.0,34.72224891910061,32,4.0,-77.0,0.12,192.0,
2025-05-01 07:37:27,196.0,22.0,235.63,38.0,195.0,44.0,323.48,23.0,215.82,39.63,66.0,61.0,35.124145114151816,127,5.0,95.0,0.04,192.0,
2025-05-01 07:37:28,196.0,12.0,219.09,22.0,195.0,24.0,224.29,14.0,207.55,23.090000000000003,36.0,36.0,38.38103476979226,72,0.0,-55.0,0.0,192.0,
2025-05-01 07:37:29,195.32,31.0,218.33,48.0,194.74,27.0,220.0,24.0,206.83,23.01000000000002,58.0,72.0,39.3779802681652,130,-14.0,58.0,-0.11,195.67,3.0
2025-05-01 07:37:30,195.0,9.0,216.86,28.0,194.0,7.0,285.25,8.0,205.93,21.860000000000014,16.0,36.0,7.171061985509604,52,-20.0,-78.0,-0.38,195.0,2.0
2025-05-01 07:37:31,195.96,27.0,215.49,47.0,194.93,14.0,268.08,38.0,205.73,19.53,41.0,85.0,4.226987106678109,126,-44.0,74.0,-0.35,195.0,
2025-05-01 07:37:32,196.0,16.0,211.64,11.0,195.0,8.0,212.97,29.0,203.82,15.639999999999986,24.0,40.0,1.4069186188349545,64,-16.0,-62.0,-0.25,195.0,
2025-05-01 07:37:33,196.0,18.0,208.7,27.0,195.0,9.0,208.76,21.0,202.35,12.699999999999989,27.0,48.0,1.8123520629350909,75,-21.0,11.0,-0.28,195.0,
2025-05-01 07:37:34,195.57,14.0,202.84,37.0,194.4,10.0,204.5,16.0,199.2,7.27000000000001,24.0,53.0,2.7725674022512043,77,-29.0,2.0,-0.38,196.0,2.0
2025-05-01 07:37:35,195.0,12.0,199.67,27.0,194.0,27.0,200.83,48.0,197.33,4.669999999999988,39.0,75.0,3.4096818033398595,114,-36.0,37.0,-0.32,196.0,
2025-05-01 07:37:36,193.93,29.0,196.09,43.0,192.83,41.0,197.64,22.0,195.01,2.1599999999999966,70.0,65.0,3.596355099267626,135,5.0,21.0,0.04,194.0,10.0
2025-05-01 07:37:37,191.89,46.0,193.84,31.0,190.0,65.0,232.44,36.0,192.87,1.950000000000017,111.0,67.0,3.673175737700213,178,44.0,43.0,0.25,192.29,7.0
2025-05-01 07:37:38,193.0,27.0,318.45,22.0,188.0,30.0,366.08,26.0,255.73,125.45,57.0,48.0,26.77263005384459,105,9.0,-73.0,0.09,193.0,1.0
2025-05-01 07:37:44,194.4,50.0,266.0,30.0,193.5,90.0,415.55,44.0,230.2,71.6,140.0,74.0,11.36603184933128,214,66.0,131.0,0.31,198.0,1.0
2025-05-01 07:37:45,194.0,66.0,265.0,21.0,193.0,63.0,559.0,28.0,229.5,71.0,129.0,49.0,10.567624141689254,178,80.0,-36.0,0.45,198.0,
2025-05-01 07:37:46,194.0,136.0,261.82,44.0,193.0,90.0,276.76,33.0,227.91,67.82,226.0,77.0,10.31583346123878,303,149.0,125.0,0.49,198.0,
2025-05-01 07:37:47,194.0,122.0,262.62,39.0,193.0,117.0,315.0,52.0,228.31,68.62,239.0,91.0,6.097559347805596,330,148.0,27.0,0.45,194.0,5.0
2025-05-01 07:37:48,194.02,97.0,261.38,39.0,193.14,115.0,315.0,52.0,227.7,67.35999999999999,212.0,91.0,1.0797360788683832,303,121.0,-27.0,0.4,194.0,1.0
2025-05-01 07:37:49,195.0,10.0,260.8,30.0,194.0,80.0,314.7,40.0,227.9,65.80000000000001,90.0,70.0,0.7255549600204863,160,20.0,-143.0,0.12,194.0,
2025-05-01 07:37:50,194.03,37.0,232.0,26.0,193.09,89.0,258.18,22.0,213.01,37.97,126.0,48.0,6.68727373449092,174,78.0,14.0,0.45,194.2,5.0
2025-05-01 07:37:51,193.0,27.0,202.0,9.0,189.0,15.0,257.0,9.0,197.5,9.0,42.0,18.0,13.598151712641505,60,24.0,-114.0,0.4,194.0,4.0
2025-05-01 07:37:52,193.0,90.0,199.44,18.0,189.0,50.0,200.5,24.0,196.22,6.439999999999998,140.0,42.0,15.479766794109592,182,98.0,122.0,0.54,194.0,
2025-05-01 07:37:53,193.0,96.0,194.96,23.0,189.0,55.0,196.76,21.0,193.98,1.960000000000008,151.0,44.0,14.49777983002988,195,107.0,13.0,0.55,193.0,1.0
2025-05-01 07:37:54,193.0,67.0,255.0,32.0,189.0,50.0,440.44,25.0,224.0,62.0,117.0,57.0,13.03765776510572,174,60.0,-21.0,0.34,193.25,4.0
2025-05-01 07:37:55,193.0,45.0,229.0,36.0,189.14,42.0,485.0,33.0,211.0,36.0,87.0,69.0,12.754614851104742,156,18.0,-18.0,0.12,193.25,
2025-05-01 07:37:56,193.0,65.0,226.82,55.0,192.0,26.0,266.12,52.0,209.91,33.81999999999999,91.0,107.0,12.239224648645862,198,-16.0,42.0,-0.08,193.25,
2025-05-01 07:37:57,192.88,48.0,223.06,53.0,191.4,20.0,224.43,35.0,207.97,30.180000000000007,68.0,88.0,10.674707021741591,156,-20.0,-42.0,-0.13,193.0,9.0
2025-05-01 07:37:58,191.0,16.0,222.94,52.0,190.08,26.0,297.12,42.0,206.97,31.94,42.0,94.0,6.908426014659042,136,-52.0,-20.0,-0.38,192.67,6.0
2025-05-01 07:37:59,189.0,22.0,221.0,11.0,187.0,32.0,223.0,55.0,205.0,32.0,54.0,66.0,2.3751526266789207,120,-12.0,-16.0,-0.1,192.67,
2025-05-01 07:38:00,189.0,16.0,219.29,24.0,187.0,51.0,222.5,24.0,204.15,30.289999999999992,67.0,48.0,2.309350558061831,115,19.0,-5.0,0.17,192.67,
2025-05-01 07:38:01,189.0,26.0,217.38,65.0,187.0,91.0,220.0,13.0,203.19,28.379999999999995,117.0,78.0,1.9786813791060984,195,39.0,80.0,0.2,192.67,
2025-05-01 07:38:02,196.0,44.0,215.33,9.0,180.25,16.0,216.19,21.0,205.67,19.330000000000013,60.0,30.0,1.442941440260643,90,30.0,-105.0,0.33,187.8,5.0
2025-05-01 07:38:10,196.0,28.0,197.25,4.0,194.0,52.0,199.0,8.0,196.62,1.25,80.0,12.0,2.5020231813522025,92,68.0,-164.0,0.74,187.8,
2025-05-01 07:38:11,196.0,54.0,199.0,18.0,194.0,117.0,408.0,26.0,197.5,3.0,171.0,44.0,2.3195085686464427,215,127.0,123.0,0.59,196.0,1.0
2025-05-01 07:38:12,196.0,39.0,198.8,20.0,194.0,130.0,371.08,26.0,197.4,2.800000000000012,169.0,46.0,1.72528258555656,215,123.0,0.0,0.57,196.0,5.0
2025-05-01 07:38:13,194.03,79.0,197.23,26.0,192.39,67.0,305.4,20.0,195.63,3.1999999999999886,146.0,46.0,1.0784155043512955,192,100.0,-23.0,0.52,196.0,1.0
2025-05-01 07:38:14,194.0,101.0,196.56,27.0,192.0,81.0,197.17,36.0,195.28,2.5600000000000023,182.0,63.0,1.00855341952003,245,119.0,53.0,0.49,194.0,5.0
2025-05-01 07:38:15,194.0,81.0,196.21,28.0,192.0,99.0,239.49,49.0,195.11,2.210000000000008,180.0,77.0,1.1713368431094808,257,103.0,12.0,0.4,194.0,3.0
2025-05-01 07:38:16,194.0,25.0,196.0,25.0,192.0,45.0,425.8,10.0,195.0,2.0,70.0,35.0,0.9884482788825776,105,35.0,-152.0,0.33,194.0,5.0
2025-05-01 07:38:17,192.0,65.0,428.0,12.0,189.0,16.0,610.5,8.0,310.0,236.0,81.0,20.0,51.31607769500719,101,61.0,-4.0,0.6,192.0,1.0
2025-05-01 07:38:18,192.6,20.0,387.43,7.0,191.4,20.0,636.2,5.0,290.01,194.83,40.0,12.0,57.87563952130469,52,28.0,-49.0,0.54,192.0,
2025-05-01 07:38:19,195.0,20.0,271.55,11.0,192.0,80.0,606.1,10.0,233.27,76.55000000000001,100.0,21.0,53.331479165686005,121,79.0,69.0,0.65,196.0,1.0
2025-05-01 07:38:20,195.0,20.0,316.06,18.0,192.0,80.0,382.0,10.0,255.53,121.06,100.0,28.0,45.57315734069777,128,72.0,7.0,0.56,196.0,
2025-05-01 07:38:22,195.82,22.0,236.36,22.0,193.32,38.0,337.09,11.0,216.09,40.54000000000002,60.0,33.0,28.80126872205457,93,27.0,6.0,0.29,198.0,2.0
2025-05-01 07:38:23,195.0,16.0,235.25,16.0,193.0,32.0,243.0,8.0,215.12,40.25,48.0,24.0,16.4137372344023,72,24.0,-21.0,0.33,198.0,
2025-05-01 07:38:24,195.0,26.0,232.87,46.0,193.0,52.0,234.38,26.0,213.93,37.870000000000005,78.0,72.0,17.712652257637917,150,6.0,78.0,0.04,198.0,
2025-05-01 07:38:25,195.0,18.0,229.5,24.0,193.0,36.0,230.4,30.0,212.25,34.5,54.0,54.0,7.399360107469302,108,0.0,-42.0,0.0,198.0,
2025-05-01 07:38:26,195.0,12.0,228.0,24.0,193.0,24.0,229.0,12.0,211.5,33.0,36.0,36.0,1.916603767086215,72,0.0,-36.0,0.0,195.0,2.0
2025-05-01 07:38:27,193.0,28.0,226.75,16.0,192.0,161.0,228.08,26.0,209.88,33.75,189.0,42.0,2.051202086584695,231,147.0,159.0,0.64,195.0,
2025-05-01 07:38:28,193.0,56.0,224.72,53.0,192.0,322.0,226.58,55.0,208.86,31.72,378.0,108.0,1.9892284936652636,486,270.0,164.0,0.56,195.0,
2025-05-01 07:38:29,193.16,38.0,222.0,44.0,192.13,91.0,223.18,44.0,207.58,28.840000000000003,129.0,88.0,1.9027558960650184,217,41.0,-164.0,0.19,195.0,
2025-05-01 07:38:30,194.27,33.0,216.76,50.0,193.04,50.0,220.0,52.0,205.52,22.48999999999998,83.0,102.0,2.270444890326711,185,-19.0,-32.0,-0.1,195.0,
2025-05-01 07:38:31,195.2,45.0,197.93,43.0,194.91,89.0,198.71,42.0,196.57,2.730000000000018,134.0,85.0,5.347431158978275,219,49.0,34.0,0.22,195.0,
2025-05-01 07:38:32,195.01,127.0,196.27,15.0,194.22,40.0,198.0,60.0,195.64,1.260000000000019,167.0,75.0,6.265842321668549,242,92.0,23.0,0.38,196.0,1.0
2025-05-01 07:38:33,195.0,73.0,196.0,9.0,194.0,27.0,217.21,33.0,195.5,1.0,100.0,42.0,5.891096672098794,142,58.0,-100.0,0.41,195.0,4.0
2025-05-01 07:38:34,195.0,41.0,196.0,9.0,194.0,27.0,258.44,18.0,195.5,1.0,68.0,27.0,4.368704613499767,95,41.0,-47.0,0.43,195.0,2.0
2025-05-01 07:38:35,194.91,23.0,196.0,9.0,193.72,29.0,285.71,14.0,195.46,1.0900000000000034,52.0,23.0,0.4723134552547838,75,29.0,-20.0,0.39,194.6,5.0
2025-05-01 07:38:36,193.29,17.0,195.44,9.0,192.6,40.0,402.0,9.0,194.37,2.1500000000000057,57.0,18.0,0.5210374266929839,75,39.0,0.0,0.52,193.33,3.0
2025-05-01 07:38:37,193.0,33.0,194.0,11.0,192.0,44.0,336.33,15.0,193.5,1.0,77.0,26.0,0.903980088284572,103,51.0,28.0,0.5,193.33,
2025-05-01 07:38:38,193.0,24.0,266.0,20.0,192.0,40.0,314.11,18.0,229.5,73.0,64.0,38.0,15.581886278625351,102,26.0,-1.0,0.25,193.0,1.0
2025-05-01 07:38:39,192.23,26.0,287.0,24.0,190.33,27.0,427.67,12.0,239.62,94.77,53.0,36.0,22.27303526688741,89,17.0,-13.0,0.19,193.0,2.0
2025-05-01 07:38:40,192.2,20.0,284.84,25.0,190.71,28.0,390.36,11.0,238.52,92.64,48.0,36.0,23.309331178736297,84,12.0,-5.0,0.14,193.0,
2025-05-01 07:38:41,190.06,34.0,279.31,55.0,188.03,76.0,281.81,43.0,234.68,89.25,110.0,98.0,19.23098229420447,208,12.0,124.0,0.06,191.0,8.0
2025-05-01 07:38:43,188.34,58.0,248.31,64.0,187.06,134.0,346.17,24.0,218.33,59.97,192.0,88.0,9.102602924438958,280,104.0,124.0,0.37,198.0,1.0
2025-05-01 07:38:44,187.41,29.0,247.33,36.0,180.85,52.0,316.0,18.0,217.37,59.920000000000016,81.0,54.0,9.500875222841618,135,27.0,-145.0,0.2,187.86,7.0
2025-05-01 07:38:45,170.12,24.0,237.7,30.0,140.84,57.0,254.83,41.0,203.91,67.57999999999998,81.0,71.0,11.374354047593528,152,10.0,17.0,0.07,187.86,
2025-05-01 07:38:46,190.0,20.0,207.25,32.0,165.18,66.0,248.37,38.0,198.62,17.25,86.0,70.0,11.180906492767424,156,16.0,4.0,0.1,187.86,
2025-05-01 07:38:47,195.4,30.0,204.65,20.0,194.14,58.0,264.22,36.0,200.03,9.25,88.0,56.0,9.514905149291277,144,32.0,-12.0,0.22,187.86,
2025-05-01 07:38:48,195.0,52.0,201.33,21.0,194.0,65.0,203.67,27.0,198.17,6.3300000000000125,117.0,48.0,8.011510469319145,165,69.0,21.0,0.42,187.86,
2025-05-01 07:38:49,194.88,41.0,196.75,20.0,193.96,46.0,197.62,40.0,195.81,1.8700000000000043,87.0,60.0,2.987644557173897,147,27.0,-18.0,0.18,195.0,4.0
2025-05-01 07:38:50,194.0,61.0,196.29,21.0,192.0,13.0,224.56,34.0,195.14,2.289999999999992,74.0,55.0,2.031952263221514,129,19.0,-18.0,0.15,194.0,1.0
2025-05-01 07:38:51,194.18,34.0,197.0,27.0,193.3,20.0,221.0,36.0,195.59,2.819999999999993,54.0,63.0,2.0856701560915747,117,-9.0,-12.0,-0.08,194.0,
2025-05-01 07:38:52,195.0,15.0,196.95,19.0,194.0,28.0,218.33,27.0,195.97,1.9499999999999889,43.0,46.0,1.1791013527305727,89,-3.0,-28.0,-0.03,195.0,1.0
2025-05-01 07:38:53,195.0,14.0,196.86,21.0,194.0,28.0,253.0,14.0,195.93,1.8600000000000136,42.0,35.0,0.3401764248314086,77,7.0,-12.0,0.09,195.0,
2025-05-01 07:38:54,193.03,31.0,195.33,27.0,191.97,29.0,352.13,55.0,194.18,2.300000000000012,60.0,82.0,0.7400472957933512,142,-22.0,65.0,-0.15,193.4,10.0
2025-05-01 07:38:55,188.5,12.0,194.75,12.0,149.86,42.0,289.8,40.0,191.62,6.25,54.0,52.0,1.848369551797199,106,2.0,-36.0,0.02,190.0,1.0
2025-05-01 07:38:56,187.0,11.0,192.0,11.0,126.06,31.0,286.0,26.0,189.5,5.0,42.0,37.0,2.8277464525679936,79,5.0,-27.0,0.06,190.0,
2025-05-01 07:38:57,187.84,45.0,191.0,11.0,177.06,16.0,266.0,11.0,189.42,3.1599999999999966,61.0,22.0,2.879392296997888,83,39.0,4.0,0.47,190.0,
2025-05-01 07:38:58,188.02,175.0,190.31,13.0,187.04,25.0,266.0,13.0,189.16,2.289999999999992,200.0,26.0,2.143473816031031,226,174.0,143.0,0.77,188.0,2.0
2025-05-01 07:38:59,195.8,55.0,272.67,15.0,187.48,42.0,319.26,42.0,234.23,76.87,97.0,57.0,19.838348721605108,154,40.0,-72.0,0.26,193.5,6.0
2025-05-01 07:39:02,194.0,15.0,287.0,20.0,186.94,35.0,645.2,20.0,240.5,93.0,50.0,40.0,48.24041075695785,90,10.0,-130.0,0.11,193.5,
2025-05-01 07:39:03,194.0,16.0,287.0,32.0,186.59,17.0,440.0,32.0,240.5,93.0,33.0,64.0,37.470575522668646,97,-31.0,7.0,-0.32,194.0,2.0
2025-05-01 07:39:09,196.0,40.0,322.81,21.0,194.0,45.0,687.33,24.0,259.4,126.81,85.0,45.0,78.78109468647928,130,40.0,-78.0,0.31,194.0,
2025-05-01 07:39:10,196.0,48.0,208.14,29.0,194.0,54.0,304.6,25.0,202.07,12.139999999999986,102.0,54.0,108.93723252405496,156,48.0,26.0,0.31,194.0,
2025-05-01 07:39:11,196.0,40.0,207.0,25.0,194.0,45.0,209.0,20.0,201.5,11.0,85.0,45.0,124.71288878860926,130,40.0,-26.0,0.31,194.0,
2025-05-01 07:39:12,196.0,34.0,207.0,40.0,194.0,72.0,374.38,32.0,201.5,11.0,106.0,72.0,104.12804919905122,178,34.0,48.0,0.19,196.0,5.0
2025-05-01 07:39:13,194.94,36.0,207.0,40.0,193.71,70.0,272.0,26.0,200.97,12.060000000000002,106.0,66.0,25.892117912601144,172,40.0,-6.0,0.23,195.2,5.0
2025-05-01 07:39:14,195.0,40.0,205.5,40.0,194.0,56.0,282.25,32.0,200.25,10.5,96.0,72.0,0.684740826914933,168,24.0,-4.0,0.14,195.2,
2025-05-01 07:39:15,195.0,25.0,205.0,25.0,194.0,35.0,300.5,8.0,200.0,10.0,60.0,33.0,0.6967280675014118,93,27.0,-75.0,0.29,195.2,
2025-05-01 07:39:16,195.0,44.0,204.5,50.0,194.0,70.0,509.19,37.0,199.75,9.5,114.0,87.0,0.7238300905905584,201,27.0,108.0,0.13,195.0,3.0
2025-05-01 07:39:17,195.0,10.0,203.8,25.0,194.0,35.0,552.5,8.0,199.4,8.800000000000011,45.0,33.0,0.5912951885855589,78,12.0,-123.0,0.15,195.0,
2025-05-01 07:39:18,195.0,24.0,202.09,53.0,194.0,84.0,289.88,43.0,198.55,7.090000000000003,108.0,96.0,0.6608706379046938,204,12.0,126.0,0.06,195.0,
2025-05-01 07:39:19,195.0,24.0,199.42,48.0,194.0,84.0,201.89,54.0,197.21,4.419999999999988,108.0,102.0,1.1321969793479971,210,6.0,6.0,0.03,195.0,
2025-05-01 07:39:20,194.11,54.0,196.38,39.0,193.21,101.0,197.0,45.0,195.25,2.269999999999982,155.0,84.0,1.8375581623570385,239,71.0,29.0,0.3,194.5,4.0
2025-05-01 07:39:21,193.23,91.0,196.1,59.0,192.77,91.0,203.26,46.0,194.67,2.8700000000000045,182.0,105.0,2.043081006726179,287,77.0,48.0,0.27,194.0,5.0
2025-05-01 07:39:22,192.61,49.0,194.22,36.0,190.55,44.0,207.19,36.0,193.42,1.6099999999999852,93.0,72.0,2.048926548230946,165,21.0,-122.0,0.13,192.91,11.0
2025-05-01 07:39:23,190.47,17.0,193.62,16.0,189.13,62.0,252.0,8.0,192.05,3.1500000000000057,79.0,24.0,1.943090322153317,103,55.0,-62.0,0.53,192.29,7.0
2025-05-01 07:39:24,189.4,35.0,193.0,20.0,188.35,93.0,347.46,13.0,191.2,3.5999999999999943,128.0,33.0,1.7076797123717784,161,95.0,58.0,0.59,189.5,4.0
2025-05-01 07:39:25,189.0,62.0,193.0,20.0,187.0,100.0,274.88,34.0,191.0,4.0,162.0,54.0,1.5566534617718772,216,108.0,55.0,0.5,189.0,1.0
2025-05-01 07:39:26,189.51,37.0,199.63,19.0,188.17,72.0,369.0,10.0,194.57,10.120000000000005,109.0,29.0,1.5215354087389452,138,80.0,-78.0,0.58,190.0,2.0
2025-05-01 07:39:28,190.09,58.0,396.09,11.0,189.29,136.0,672.9,20.0,293.09,206.0,194.0,31.0,68.69825055996719,225,163.0,-61.0,0.72,191.0,1.0
2025-05-01 07:39:29,190.0,64.0,449.87,31.0,189.0,128.0,458.73,22.0,319.94,259.87,192.0,53.0,69.40671458871992,245,139.0,20.0,0.57,191.0,
2025-05-01 07:39:30,190.33,54.0,424.06,50.0,189.33,144.0,448.07,56.0,307.2,233.73,198.0,106.0,55.736842662641216,304,92.0,59.0,0.3,191.0,
2025-05-01 07:39:31,193.0,9.0,271.17,36.0,190.03,65.0,291.69,32.0,232.08,78.17000000000002,74.0,68.0,39.93908086073113,142,6.0,-162.0,0.04,191.0,
2025-05-01 07:39:32,191.47,32.0,228.46,56.0,189.23,137.0,237.78,68.0,209.97,36.99000000000001,169.0,124.0,48.53441902402896,293,45.0,151.0,0.15,191.2,10.0
2025-05-01 07:39:33,190.0,11.0,223.92,51.0,189.0,176.0,225.04,48.0,206.96,33.91999999999999,187.0,99.0,54.319996318115024,286,88.0,-7.0,0.31,191.2,
2025-05-01 07:39:34,190.0,10.0,220.34,35.0,189.0,160.0,221.59,41.0,205.17,30.340000000000003,170.0,76.0,43.26325496307502,246,94.0,-40.0,0.38,191.2,
2025-05-01 07:39:35,189.12,73.0,217.95,37.0,188.91,132.0,218.93,45.0,203.53,28.829999999999984,205.0,82.0,11.726784299203302,287,123.0,41.0,0.43,190.0,1.0
2025-05-01 07:39:36,191.31,26.0,215.09,47.0,189.0,148.0,216.77,39.0,203.2,23.78,174.0,86.0,2.7856112435231477,260,88.0,-27.0,0.34,190.0,
2025-05-01 07:39:37,193.36,28.0,211.0,51.0,189.0,224.0,212.06,48.0,202.18,17.639999999999986,252.0,99.0,1.8766645944448908,351,153.0,91.0,0.44,190.0,
2025-05-01 07:39:38,194.05,21.0,206.78,37.0,189.06,162.0,207.84,37.0,200.42,12.72999999999999,183.0,74.0,1.754180720462803,257,109.0,-94.0,0.42,190.0,
2025-05-01 07:39:39,189.14,129.0,201.5,36.0,188.71,51.0,203.0,36.0,195.32,12.360000000000014,180.0,72.0,3.3618298588780533,252,108.0,-5.0,0.43,192.2,5.0
2025-05-01 07:39:40,189.02,172.0,196.52,46.0,188.32,88.0,197.53,43.0,192.77,7.5,260.0,89.0,4.524314312693648,349,171.0,97.0,0.49,192.2,
2025-05-01 07:39:41,189.59,17.0,192.46,24.0,188.34,59.0,193.57,37.0,191.02,2.8700000000000045,76.0,61.0,4.817667485417109,137,15.0,-164.0,0.11,191.6,15.0
2025-05-01 07:39:42,189.0,12.0,194.0,12.0,188.0,54.0,196.0,48.0,191.5,5.0,66.0,60.0,3.8532427901763033,126,6.0,-11.0,0.05,191.6,
2025-05-01 07:39:43,189.0,11.0,192.63,19.0,188.0,22.0,195.62,32.0,190.82,3.629999999999996,33.0,51.0,1.858031216111843,84,-18.0,-42.0,-0.21,191.6,
2025-05-01 07:39:44,188.78,9.0,191.0,10.0,187.8,15.0,192.64,25.0,189.89,2.219999999999999,24.0,35.0,1.0544903982712497,59,-11.0,-25.0,-0.19,189.0,1.0
2025-05-01 07:39:45,188.0,18.0,195.21,34.0,185.0,9.0,419.11,36.0,191.6,7.210000000000008,27.0,70.0,0.6835788177279133,97,-43.0,38.0,-0.44,195.0,1.0
2025-05-01 07:39:46,188.08,26.0,192.57,42.0,185.75,16.0,300.0,50.0,190.32,4.489999999999981,42.0,92.0,0.739175216066064,134,-50.0,37.0,-0.37,195.0,
2025-05-01 07:39:47,189.0,11.0,190.27,33.0,186.33,27.0,195.65,34.0,189.64,1.2700000000000102,38.0,67.0,0.781971866531245,105,-29.0,-29.0,-0.28,190.0,3.0
2025-05-01 07:39:48,189.99,118.0,191.0,22.0,185.19,21.0,243.0,40.0,190.5,1.009999999999991,139.0,62.0,0.7572318007363172,201,77.0,96.0,0.38,191.0,1.0
2025-05-01 07:39:49,190.56,144.0,266.0,31.0,185.0,28.0,438.78,41.0,228.28,75.44,172.0,72.0,16.903677706346794,244,100.0,43.0,0.41,190.0,3.0
2025-05-01 07:39:50,192.67,90.0,337.29,24.0,185.0,18.0,508.95,21.0,264.98,144.62000000000003,108.0,45.0,33.546211112434804,153,63.0,-91.0,0.41,190.0,
2025-05-01 07:39:51,194.0,60.0,311.83,24.0,185.0,12.0,600.0,6.0,252.92,117.82999999999998,72.0,30.0,34.7452022587298,102,42.0,-51.0,0.41,190.0,
2025-05-01 07:39:52,194.0,48.0,231.0,24.0,185.0,12.0,481.17,6.0,212.5,37.0,60.0,30.0,30.075948530346324,90,30.0,-12.0,0.33,194.0,4.0
2025-05-01 07:39:53,192.07,30.0,224.97,29.0,183.0,28.0,307.23,26.0,208.52,32.900000000000006,58.0,55.0,24.800995947744525,113,3.0,23.0,0.03,192.25,4.0
2025-05-01 07:39:54,182.62,13.0,455.25,24.0,181.98,41.0,624.07,15.0,318.93,272.63,54.0,39.0,44.9966320961918,93,15.0,-20.0,0.16,192.25,
2025-05-01 07:39:55,183.86,35.0,299.64,11.0,182.19,31.0,599.25,32.0,241.75,115.77999999999996,66.0,43.0,44.46196498131902,109,23.0,16.0,0.21,187.0,1.0
2025-05-01 07:39:56,184.15,34.0,209.0,24.0,183.17,6.0,440.0,6.0,196.57,24.849999999999994,40.0,30.0,49.42664797454952,70,10.0,-39.0,0.14,187.0,
2025-05-01 07:39:57,186.65,20.0,310.76,34.0,185.69,36.0,398.5,16.0,248.71,124.11,56.0,50.0,47.81237475800632,106,6.0,36.0,0.06,189.25,4.0
2025-05-01 07:39:58,193.76,66.0,312.47,15.0,145.6,77.0,621.67,60.0,253.11,118.71000000000004,143.0,75.0,43.786571914230045,218,68.0,112.0,0.31,186.0,6.0
2025-05-01 07:40:00,195.56,9.0,283.71,7.0,192.14,7.0,549.45,22.0,239.63,88.14999999999998,16.0,29.0,71.60627821636898,45,-13.0,-33.0,-0.29,194.6,5.0
2025-05-01 07:40:01,192.94,70.0,282.33,18.0,190.0,10.0,283.6,10.0,237.64,89.38999999999999,80.0,28.0,63.728509711117816,108,52.0,63.0,0.48,194.6,
2025-05-01 07:40:02,193.5,88.0,281.96,24.0,192.0,8.0,289.12,16.0,237.73,88.45999999999998,96.0,40.0,64.95768491872258,136,56.0,28.0,0.41,194.6,
2025-05-01 07:40:03,194.0,66.0,280.29,14.0,192.0,6.0,281.91,22.0,237.14,86.29000000000002,72.0,36.0,66.42916264713895,108,36.0,-28.0,0.33,194.6,
2025-05-01 07:40:04,194.0,82.0,279.38,40.0,192.0,8.0,281.0,8.0,236.69,85.38,90.0,48.0,1.122644200112009,138,42.0,30.0,0.3,194.0,1.0
2025-05-01 07:40:05,194.0,120.0,270.72,32.0,192.0,12.0,277.82,40.0,232.36,76.72000000000003,132.0,72.0,2.2483927592939312,204,60.0,66.0,0.29,194.0,
2025-05-01 07:40:06,194.0,100.0,205.57,14.0,192.0,10.0,207.02,46.0,199.79,11.569999999999991,110.0,60.0,16.323215675841773,170,50.0,-34.0,0.29,194.0,
2025-05-01 07:40:07,194.0,130.0,200.1,58.0,192.0,14.0,203.77,22.0,197.05,6.099999999999994,144.0,80.0,20.36182531110724,224,64.0,54.0,0.29,194.0,2.0
2025-05-01 07:40:08,194.0,128.0,198.5,56.0,192.0,16.0,198.75,40.0,196.25,4.5,144.0,96.0,20.27226479700896,240,48.0,16.0,0.2,194.0,
2025-05-01 07:40:09,194.0,69.0,195.0,55.0,192.0,11.0,196.0,11.0,194.5,1.0,80.0,66.0,15.973636092012676,146,14.0,-94.0,0.1,194.0,3.0
2025-05-01 07:40:10,193.32,41.0,195.44,18.0,192.57,49.0,206.48,42.0,194.38,2.1200000000000045,90.0,60.0,2.215136564650401,150,30.0,4.0,0.2,194.0,5.0
2025-05-01 07:40:11,194.0,36.0,195.11,37.0,192.94,51.0,243.55,11.0,194.55,1.1100000000000136,87.0,48.0,1.2250836706328865,135,39.0,-15.0,0.29,194.0,6.0
2025-05-01 07:40:12,194.0,35.0,212.43,7.0,192.0,7.0,322.0,7.0,203.21,18.430000000000007,42.0,14.0,3.786590814974756,56,28.0,-79.0,0.5,194.0,
2025-05-01 07:40:13,194.0,35.0,370.14,7.0,192.86,7.0,517.0,8.0,282.07,176.14,42.0,15.0,38.38330717903354,57,27.0,1.0,0.47,194.0,
2025-05-01 07:40:14,194.44,9.0,447.0,5.0,193.95,21.0,512.33,6.0,320.72,252.56,30.0,11.0,58.69593963810482,41,19.0,-16.0,0.46,194.0,
2025-05-01 07:40:15,194.1,20.0,466.64,11.0,193.67,15.0,544.5,10.0,330.37,272.54,35.0,21.0,64.11617876948095,56,14.0,15.0,0.25,194.33,3.0
2025-05-01 07:40:16,194.0,17.0,343.0,5.0,193.0,5.0,487.6,10.0,268.5,149.0,22.0,15.0,50.55628279452552,37,7.0,-19.0,0.19,194.33,
2025-05-01 07:40:17,193.2,41.0,295.83,18.0,191.06,17.0,400.76,17.0,244.51,102.63,58.0,35.0,35.93395511212252,93,23.0,56.0,0.25,193.5,6.0
2025-05-01 07:40:18,189.0,24.0,308.25,8.0,188.0,24.0,363.38,8.0,248.62,119.25,48.0,16.0,40.433247828983966,64,32.0,-29.0,0.5,193.5,
2025-05-01 07:40:19,189.7,30.0,256.25,20.0,188.7,30.0,341.8,10.0,222.97,66.55000000000001,60.0,30.0,40.98790101969163,90,30.0,26.0,0.33,193.5,
2025-05-01 07:40:20,191.19,26.0,255.4,30.0,188.88,26.0,436.7,10.0,223.3,64.21000000000001,52.0,40.0,19.12670515274493,92,12.0,2.0,0.13,189.6,5.0
2025-05-01 07:40:23,193.83,24.0,251.0,33.0,189.3,20.0,261.26,43.0,222.42,57.16999999999999,44.0,76.0,1.380380382373264,120,-32.0,32.0,-0.27,194.25,4.0
2025-05-01 07:40:24,191.0,24.0,250.33,18.0,188.4,15.0,323.0,6.0,220.67,59.33000000000001,39.0,24.0,1.9967348346841107,63,15.0,-57.0,0.24,194.25,
2025-05-01 07:40:25,192.61,36.0,249.5,24.0,190.71,31.0,535.5,8.0,221.06,56.88999999999999,67.0,32.0,2.2588647591303435,99,35.0,36.0,0.35,193.0,5.0
2025-05-01 07:40:26,193.96,25.0,244.33,36.0,190.43,56.0,286.71,14.0,219.15,50.370000000000005,81.0,50.0,2.1780426993153745,131,31.0,32.0,0.24,193.0,5.0
2025-05-01 07:40:27,189.0,115.0,229.33,18.0,188.0,30.0,256.91,22.0,209.17,40.33000000000001,145.0,40.0,5.340882885819632,185,105.0,54.0,0.57,193.0,
2025-05-01 07:40:28,189.0,138.0,212.96,27.0,188.0,33.0,232.47,17.0,200.98,23.960000000000008,171.0,44.0,8.852854341964576,215,127.0,30.0,0.59,189.0,5.0
2025-05-01 07:40:29,189.0,37.0,211.0,27.0,188.0,27.0,368.33,9.0,200.0,22.0,64.0,36.0,9.849739590468412,100,28.0,-115.0,0.28,189.0,5.0
2025-05-01 07:40:30,191.0,36.0,210.89,27.0,188.33,27.0,409.95,21.0,200.94,19.889999999999983,63.0,48.0,8.212245125423411,111,15.0,11.0,0.14,189.0,
2025-05-01 07:40:31,194.15,52.0,210.0,30.0,192.56,54.0,342.0,30.0,202.08,15.849999999999994,106.0,60.0,3.7272483147813418,166,46.0,55.0,0.28,189.0,
2025-05-01 07:40:32,196.0,34.0,209.83,36.0,193.0,72.0,342.0,36.0,202.92,13.830000000000013,106.0,72.0,1.1313178156647077,178,34.0,12.0,0.19,196.0,4.0
2025-05-01 07:40:33,196.0,55.0,205.59,41.0,193.0,126.0,230.88,51.0,200.79,9.590000000000003,181.0,92.0,1.1512949231367098,273,89.0,95.0,0.33,196.0,1.0
2025-05-01 07:40:34,196.0,14.0,203.8,15.0,193.0,42.0,204.31,13.0,199.9,7.800000000000011,56.0,28.0,1.1810080440201771,84,28.0,-164.0,0.33,196.0,
2025-05-01 07:40:35,195.47,34.0,201.2,41.0,192.82,88.0,220.53,30.0,198.33,5.72999999999999,122.0,71.0,1.805804529853755,193,51.0,109.0,0.26,196.0,
2025-05-01 07:40:36,193.0,36.0,198.17,30.0,189.0,24.0,202.0,6.0,195.58,5.169999999999988,60.0,36.0,2.750259987717588,96,24.0,-97.0,0.25,196.0,
2025-05-01 07:40:37,193.0,42.0,195.95,19.0,189.0,28.0,196.09,23.0,194.47,2.9499999999999886,70.0,42.0,2.722467630668999,112,28.0,16.0,0.25,196.0,
2025-05-01 07:40:38,193.0,65.0,194.0,10.0,189.0,40.0,386.11,36.0,193.5,1.0,105.0,46.0,2.682001118575561,151,59.0,39.0,0.39,193.0,13.0
2025-05-01 07:40:39,189.78,18.0,378.0,21.0,187.19,62.0,484.9,42.0,283.89,188.22,80.0,63.0,39.58392893587042,143,17.0,-8.0,0.12,191.6,5.0
2025-05-01 07:40:40,193.51,95.0,462.91,44.0,191.33,18.0,604.43,23.0,328.21,269.40000000000003,113.0,67.0,63.07122759230264,180,46.0,37.0,0.26,191.6,
2025-05-01 07:40:41,194.0,52.0,392.0,16.0,192.0,8.0,470.0,12.0,293.0,198.0,60.0,28.0,61.27634559926072,88,32.0,-92.0,0.36,191.6,
2025-05-01 07:40:42,195.8,71.0,390.38,34.0,193.79,58.0,400.67,27.0,293.09,194.58,129.0,61.0,50.3689464849131,190,68.0,102.0,0.36,191.6,
2025-05-01 07:40:43,194.61,92.0,389.5,50.0,193.62,64.0,397.73,22.0,292.05,194.89,156.0,72.0,17.293317206367366,228,84.0,38.0,0.37,191.6,
2025-05-01 07:40:44,194.57,42.0,358.5,18.0,193.73,45.0,370.83,18.0,276.54,163.93,87.0,36.0,19.02351097983863,123,51.0,-105.0,0.41,196.67,3.0
2025-05-01 07:40:45,194.0,115.0,315.93,28.0,192.0,20.0,410.23,26.0,254.96,121.93,135.0,54.0,16.627822166478637,189,81.0,66.0,0.43,194.0,5.0
2025-05-01 07:40:47,194.0,44.0,349.25,12.0,192.0,24.0,539.08,12.0,271.62,155.25,68.0,24.0,43.69059715774139,92,44.0,46.0,0.48,194.0,2.0
2025-05-01 07:40:48,194.0,22.0,329.52,23.0,192.0,22.0,346.56,25.0,261.76,135.51999999999998,44.0,48.0,45.80259686961033,92,-4.0,0.0,-0.04,194.0,
2025-05-01 07:40:49,194.0,14.0,326.14,7.0,192.95,38.0,328.0,35.0,260.07,132.14,52.0,42.0,47.25425716271537,94,10.0,2.0,0.11,194.0,
2025-05-01 07:40:50,193.04,47.0,322.69,42.0,192.25,24.0,326.22,18.0,257.87,129.65,71.0,60.0,46.83769881196169,131,11.0,37.0,0.08,193.67,3.0
2025-05-01 07:40:51,193.0,50.0,285.06,18.0,191.44,18.0,299.3,20.0,239.03,92.06,68.0,38.0,11.872028049159432,106,30.0,-25.0,0.28,193.67,
2025-05-01 07:40:52,193.0,45.0,210.64,11.0,192.0,11.0,306.29,35.0,201.82,17.639999999999986,56.0,46.0,25.346756202717973,102,10.0,-4.0,0.1,193.0,1.0
2025-05-01 07:40:53,193.0,56.0,206.53,49.0,192.0,14.0,242.94,32.0,199.77,13.53,70.0,81.0,29.392997805600167,151,-11.0,49.0,-0.07,193.0,
2025-05-01 07:40:54,193.72,67.0,202.29,41.0,192.8,30.0,204.24,33.0,198.0,8.569999999999993,97.0,74.0,27.46624783256735,171,23.0,20.0,0.13,193.0,1.0
2025-05-01 07:40:55,194.89,57.0,198.21,48.0,193.96,81.0,198.45,29.0,196.55,3.3200000000000216,138.0,77.0,17.994602801951636,215,61.0,44.0,0.28,195.0,4.0
2025-05-01 07:40:56,194.21,28.0,195.67,6.0,193.5,24.0,198.23,26.0,194.94,1.4599999999999795,52.0,32.0,2.690637470935505,84,20.0,-131.0,0.24,194.6,5.0
2025-05-01 07:40:57,194.14,28.0,198.88,33.0,193.28,29.0,305.42,12.0,196.51,4.740000000000009,57.0,45.0,1.819376266746875,102,12.0,18.0,0.12,194.0,1.0
2025-05-01 07:40:58,195.0,24.0,197.42,48.0,194.0,48.0,422.92,12.0,196.21,2.4199999999999875,72.0,60.0,1.090123846175957,132,12.0,30.0,0.09,194.0,
2025-05-01 07:40:59,194.2,30.0,195.58,24.0,193.4,30.0,440.0,9.0,194.89,1.380000000000024,60.0,33.0,0.8367197858310523,93,27.0,-39.0,0.29,196.0,2.0
2025-05-01 07:41:00,194.0,24.0,408.08,24.0,193.0,33.0,471.92,13.0,301.04,214.08,57.0,37.0,47.14309037388208,94,20.0,1.0,0.21,194.0,2.0
2025-05-01 07:41:01,194.0,20.0,293.69,26.0,193.0,30.0,404.93,14.0,243.85,99.69,50.0,40.0,46.56530468063124,90,10.0,-4.0,0.11,194.0,
2025-05-01 07:41:02,193.32,25.0,200.0,10.0,192.67,18.0,335.67,18.0,196.66,6.680000000000007,43.0,28.0,46.54119519307618,71,15.0,-19.0,0.21,193.67,3.0
2025-05-01 07:41:03,189.22,74.0,198.0,17.0,188.35,23.0,560.58,19.0,193.61,8.780000000000001,97.0,36.0,46.97713113845946,133,61.0,62.0,0.46,192.67,3.0
2025-05-01 07:41:04,189.0,154.0,190.93,45.0,187.8,45.0,197.1,41.0,189.97,1.9300000000000068,199.0,86.0,47.83562824924553,285,113.0,152.0,0.4,189.0,1.0
2025-05-01 07:41:05,189.0,46.0,190.0,16.0,187.14,14.0,197.0,18.0,189.5,1.0,60.0,34.0,23.177162682261336,94,26.0,-164.0,0.28,189.5,4.0
2025-05-01 07:41:06,189.16,94.0,192.8,15.0,188.57,23.0,217.21,29.0,190.98,3.640000000000015,117.0,44.0,2.9839286184497795,161,73.0,67.0,0.45,189.0,1.0
2025-05-01 07:41:07,192.0,20.0,197.0,12.0,189.0,52.0,475.0,4.0,194.5,5.0,72.0,16.0,2.2270316567133595,88,56.0,-73.0,0.64,189.0,
2025-05-01 07:41:08,192.0,70.0,195.43,42.0,189.0,182.0,425.14,14.0,193.71,3.430000000000007,252.0,56.0,2.2486818360994176,308,196.0,164.0,0.64,189.0,
2025-05-01 07:41:09,192.0,54.0,193.18,33.0,189.0,161.0,410.64,11.0,192.59,1.1800000000000068,215.0,44.0,2.0300812791619136,259,171.0,-49.0,0.66,192.0,1.0
2025-05-01 07:41:10,192.0,27.0,267.75,24.0,189.01,129.0,482.0,15.0,229.88,75.75,156.0,39.0,16.570650862292858,195,117.0,-64.0,0.6,192.0,3.0
2025-05-01 07:41:11,194.27,37.0,333.0,28.0,189.41,37.0,372.22,9.0,263.64,138.73,74.0,37.0,31.47575940307101,111,37.0,-84.0,0.33,192.0,
2025-05-01 07:41:12,195.0,63.0,289.4,40.0,192.0,9.0,312.39,41.0,242.2,94.39999999999998,72.0,81.0,30.98548095479585,153,-9.0,42.0,-0.06,192.0,
2025-05-01 07:41:13,195.0,52.0,298.25,80.0,193.67,66.0,299.22,73.0,246.62,103.25,118.0,153.0,26.607966476227027,271,-35.0,118.0,-0.13,195.0,4.0
2025-05-01 07:41:14,195.45,33.0,295.36,55.0,194.0,121.0,296.55,55.0,245.41,99.91000000000004,154.0,110.0,12.095288338854358,264,44.0,-7.0,0.17,195.0,
2025-05-01 07:41:15,196.0,39.0,292.43,63.0,194.0,143.0,294.77,65.0,244.21,96.43,182.0,128.0,8.665461903443317,310,54.0,46.0,0.17,195.0,
2025-05-01 07:41:16,194.34,53.0,290.43,35.0,193.73,45.0,295.0,35.0,242.38,96.09,98.0,70.0,1.9122316805308304,168,28.0,-142.0,0.17,196.0,3.0
2025-05-01 07:41:17,194.0,165.0,288.87,75.0,193.0,45.0,292.2,75.0,241.43,94.87,210.0,150.0,2.1286967844260194,360,60.0,164.0,0.17,196.0,
2025-05-01 07:41:18,194.0,143.0,269.54,65.0,193.0,39.0,286.69,65.0,231.77,75.54000000000002,182.0,130.0,5.408937048998105,312,52.0,-48.0,0.17,196.0,
2025-05-01 07:41:19,194.0,71.0,254.36,66.0,193.0,42.0,275.87,68.0,224.18,60.360000000000014,113.0,134.0,8.54468431248471,247,-21.0,-65.0,-0.09,194.0,8.0
2025-05-01 07:41:20,193.2,30.0,235.7,50.0,192.43,14.0,243.0,50.0,214.45,42.5,44.0,100.0,11.823411944105628,144,-56.0,-103.0,-0.39,194.0,3.0
2025-05-01 07:41:21,193.0,24.0,233.38,40.0,192.0,8.0,234.62,40.0,213.19,40.38,32.0,80.0,11.908281991959075,112,-48.0,-32.0,-0.43,194.0,
2025-05-01 07:41:22,193.0,39.0,226.04,57.0,192.0,13.0,229.03,60.0,209.52,33.03999999999999,52.0,117.0,9.13126332990203,169,-65.0,57.0,-0.38,194.0,
2025-05-01 07:41:23,193.6,20.0,205.0,50.0,192.4,10.0,206.3,43.0,199.3,11.400000000000006,30.0,93.0,8.987901312320371,123,-63.0,-46.0,-0.51,193.29,7.0
2025-05-01 07:41:24,190.81,125.0,201.78,69.0,188.95,80.0,203.27,75.0,196.3,10.97,205.0,144.0,8.260530854612654,349,61.0,164.0,0.17,191.0,4.0
2025-05-01 07:41:25,194.27,41.0,200.0,44.0,192.12,25.0,203.0,55.0,197.13,5.72999999999999,66.0,99.0,7.735384282633036,165,-33.0,-164.0,-0.2,189.0,1.0
2025-05-01 07:41:27,191.19,99.0,196.85,33.0,190.05,84.0,197.26,27.0,194.02,5.659999999999997,183.0,60.0,1.9898442150086744,243,123.0,66.0,0.51,196.0,2.0
2025-05-01 07:41:28,193.8,30.0,196.0,10.0,191.29,62.0,197.0,40.0,194.9,2.1999999999999886,92.0,50.0,1.6421571179406405,142,42.0,-101.0,0.3,195.0,3.0
2025-05-01 07:41:29,192.0,42.0,194.94,18.0,191.0,154.0,196.73,49.0,193.47,2.9399999999999977,196.0,67.0,1.9989122041757823,263,129.0,121.0,0.49,195.0,
2025-05-01 07:41:30,191.79,29.0,193.88,25.0,190.33,95.0,206.82,51.0,192.84,2.0900000000000034,124.0,76.0,2.0549987834552472,200,48.0,-63.0,0.24,192.0,3.0
2025-05-01 07:41:31,192.41,49.0,196.38,64.0,188.44,36.0,376.75,48.0,194.39,3.969999999999999,85.0,112.0,0.8000187497816572,197,-27.0,-3.0,-0.14,192.0,
2025-05-01 07:41:32,193.0,65.0,194.71,62.0,189.78,18.0,385.0,48.0,193.85,1.710000000000008,83.0,110.0,0.7985298992537402,193,-27.0,-4.0,-0.14,193.25,4.0
2025-05-01 07:41:33,189.71,28.0,194.0,36.0,184.59,68.0,410.0,48.0,191.86,4.289999999999992,96.0,84.0,0.9750743561400068,180,12.0,-13.0,0.07,191.0,4.0
2025-05-01 07:41:34,190.0,18.0,192.56,27.0,188.0,27.0,224.43,28.0,191.28,2.5600000000000023,45.0,55.0,1.305423302994709,100,-10.0,-80.0,-0.1,191.0,
2025-05-01 07:41:35,188.0,24.0,191.0,30.0,185.48,62.0,193.0,30.0,189.5,3.0,86.0,60.0,1.985429424583324,146,26.0,46.0,0.18,191.0,
2025-05-01 07:41:36,185.06,105.0,190.36,33.0,184.13,31.0,193.0,33.0,187.71,5.300000000000011,136.0,66.0,2.33915583063647,202,70.0,56.0,0.35,186.0,3.0
2025-05-01 07:41:37,186.0,14.0,188.83,36.0,184.42,132.0,190.5,36.0,187.42,2.8300000000000125,146.0,72.0,2.015807530494909,218,74.0,16.0,0.34,186.0,
2025-05-01 07:41:38,184.31,65.0,187.3,30.0,183.54,65.0,188.8,30.0,185.8,2.990000000000009,130.0,60.0,2.1026221724312046,190,70.0,-28.0,0.37,186.0,2.0
2025-05-01 07:41:39,184.0,114.0,186.75,36.0,181.37,27.0,295.29,34.0,185.38,2.75,141.0,70.0,1.6480048543613832,211,71.0,21.0,0.34,184.0,3.0
2025-05-01 07:41:40,184.0,71.0,185.3,30.0,181.0,20.0,211.5,30.0,184.65,1.3000000000000114,91.0,60.0,1.3231666561692634,151,31.0,-60.0,0.21,184.0,3.0
2025-05-01 07:41:41,185.38,52.0,303.24,38.0,182.96,46.0,386.38,47.0,244.31,117.86,98.0,85.0,26.180568557615487,183,13.0,32.0,0.07,187.0,7.0
2025-05-01 07:41:45,194.0,75.0,223.89,35.0,184.18,55.0,226.86,21.0,208.94,29.889999999999983,130.0,56.0,13.00232594576924,186,74.0,35.0,0.4,187.0,
2025-05-01 07:41:46,194.0,55.0,220.47,19.0,186.0,11.0,221.32,25.0,207.24,26.47,66.0,44.0,12.933720269126734,110,22.0,-76.0,0.2,187.0,
2025-05-01 07:41:47,194.0,40.0,217.18,17.0,186.0,8.0,217.26,23.0,205.59,23.180000000000007,48.0,40.0,13.181224525817646,88,8.0,-22.0,0.09,187.0,
2025-05-01 07:41:48,195.0,135.0,214.73,15.0,193.42,59.0,217.0,60.0,204.87,19.72999999999999,194.0,75.0,9.372196647532174,269,119.0,164.0,0.44,187.0,
2025-05-01 07:41:49,195.55,141.0,211.35,68.0,193.28,75.0,214.0,17.0,203.45,15.799999999999985,216.0,85.0,2.128795434044965,301,131.0,32.0,0.44,196.0,3.0
2025-05-01 07:41:50,196.0,96.0,210.0,64.0,194.0,96.0,214.0,16.0,203.0,14.0,192.0,80.0,1.7059161761382085,272,112.0,-29.0,0.41,196.0,
2025-05-01 07:41:51,196.0,66.0,207.37,38.0,194.0,66.0,209.76,17.0,201.68,11.370000000000005,132.0,55.0,1.5469550736880748,187,77.0,-85.0,0.41,196.0,
2025-05-01 07:41:52,196.0,54.0,205.0,36.0,194.0,54.0,206.0,9.0,200.5,9.0,108.0,45.0,1.676439679800197,153,63.0,-34.0,0.41,196.0,
2025-05-01 07:41:53,194.9,60.0,202.72,40.0,193.4,60.0,203.94,16.0,198.81,7.819999999999993,120.0,56.0,1.8921072908288643,176,64.0,23.0,0.36,195.5,8.0
2025-05-01 07:41:54,195.0,42.0,199.36,22.0,194.0,70.0,200.15,13.0,197.18,4.360000000000014,112.0,35.0,2.3003869239775474,147,77.0,-29.0,0.52,195.5,
2025-05-01 07:41:55,195.0,43.0,197.0,32.0,194.0,80.0,198.0,8.0,196.0,2.0,123.0,40.0,2.326108337976953,163,83.0,16.0,0.51,195.0,5.0
2025-05-01 07:41:56,194.09,66.0,196.73,26.0,193.54,78.0,198.25,12.0,195.41,2.6399999999999864,144.0,38.0,2.085941034642408,182,106.0,19.0,0.58,196.0,2.0
2025-05-01 07:41:57,194.0,86.0,195.25,16.0,192.78,27.0,197.22,9.0,194.62,1.25,113.0,25.0,1.637446182323015,138,88.0,-44.0,0.64,194.0,2.0
2025-05-01 07:41:58,193.79,42.0,196.33,9.0,192.67,27.0,197.44,9.0,195.06,2.5400000000000205,69.0,18.0,0.9912012913650146,87,51.0,-51.0,0.59,194.0,8.0
2025-05-01 07:41:59,192.53,40.0,193.52,23.0,189.91,69.0,270.53,19.0,193.02,0.9900000000000092,109.0,42.0,1.1267297812710284,151,67.0,64.0,0.44,192.6,5.0
2025-05-01 07:42:00,192.0,9.0,193.0,27.0,189.0,54.0,425.6,25.0,192.5,1.0,63.0,52.0,1.2876412543882512,115,11.0,-36.0,0.1,192.6,
2025-05-01 07:42:01,192.0,4.0,193.0,12.0,189.0,24.0,477.0,20.0,192.5,1.0,28.0,32.0,1.215565711922684,60,-4.0,-55.0,-0.07,192.6,
2025-05-01 07:42:02,189.12,50.0,192.4,30.0,187.4,60.0,400.0,50.0,190.76,3.280000000000001,110.0,80.0,1.5404934274450723,190,30.0,130.0,0.16,192.0,1.0
2025-05-01 07:42:03,189.0,51.0,212.88,25.0,187.0,54.0,511.86,21.0,200.94,23.879999999999995,105.0,46.0,4.0033086316199125,151,59.0,-39.0,0.39,189.0,3.0
2025-05-01 07:42:04,189.0,33.0,417.9,30.0,187.0,40.0,741.0,10.0,303.45,228.9,73.0,40.0,49.03024372772403,113,33.0,-38.0,0.29,189.0,
2025-05-01 07:42:05,193.81,54.0,298.46,39.0,188.35,40.0,528.72,57.0,246.14,104.64999999999998,94.0,96.0,48.45967519494978,190,-2.0,77.0,-0.01,189.0,
2025-05-01 07:42:09,193.97,35.0,247.84,25.0,189.3,27.0,608.13,38.0,220.91,53.870000000000005,62.0,63.0,29.858725190470903,125,-1.0,-22.0,-0.01,194.91,11.0
2025-05-01 07:42:10,189.0,30.0,246.5,24.0,187.0,24.0,248.0,18.0,217.75,57.5,54.0,42.0,35.65433115345257,96,12.0,-29.0,0.12,189.0,2.0
2025-05-01 07:42:11,189.0,36.0,246.0,36.0,187.0,36.0,282.67,27.0,217.5,57.0,72.0,63.0,34.210464334762385,135,9.0,39.0,0.07,189.0,
2025-05-01 07:42:12,192.6,50.0,236.12,34.0,188.05,37.0,305.09,33.0,214.36,43.52000000000001,87.0,67.0,19.16065839161167,154,20.0,19.0,0.13,190.0,2.0
2025-05-01 07:42:13,195.0,42.0,246.0,28.0,194.0,17.0,515.26,23.0,220.5,51.0,59.0,51.0,2.649156469526276,110,8.0,-44.0,0.07,190.0,
2025-05-01 07:42:14,195.0,42.0,245.38,32.0,194.0,21.0,268.74,31.0,220.19,50.38,63.0,63.0,2.479425336652191,126,0.0,16.0,0.0,190.0,
2025-05-01 07:42:15,195.0,40.0,244.35,31.0,194.0,21.0,245.38,32.0,219.68,49.35,61.0,63.0,2.567757776744744,124,-2.0,-2.0,-0.02,195.0,1.0
2025-05-01 07:42:16,195.09,44.0,241.02,41.0,194.17,29.0,242.45,40.0,218.06,45.93000000000001,73.0,81.0,2.528086232713036,154,-8.0,30.0,-0.05,195.0,
2025-05-01 07:42:17,196.0,24.0,237.56,25.0,195.0,30.0,239.28,29.0,216.78,41.56,54.0,54.0,1.5757284030040104,108,0.0,-46.0,0.0,195.0,
2025-05-01 07:42:18,196.0,43.0,235.94,62.0,195.0,65.0,237.0,55.0,215.97,39.94,108.0,117.0,1.8123824099877104,225,-9.0,117.0,-0.04,196.0,3.0
2025-05-01 07:42:19,196.0,8.0,233.54,37.0,195.0,40.0,234.86,35.0,214.77,37.53999999999999,48.0,72.0,1.895697760728748,120,-24.0,-105.0,-0.2,196.0,
2025-05-01 07:42:20,195.47,19.0,229.44,50.0,194.88,51.0,230.71,51.0,212.46,33.97,70.0,101.0,2.128912868116206,171,-31.0,51.0,-0.18,196.0,1.0
2025-05-01 07:42:21,195.0,50.0,218.82,44.0,194.0,30.0,223.25,48.0,206.91,23.819999999999997,80.0,92.0,3.9657117898340672,172,-12.0,1.0,-0.07,196.0,
2025-05-01 07:42:22,195.0,65.0,205.62,52.0,194.0,39.0,206.67,54.0,200.31,10.620000000000005,104.0,106.0,6.477930225004444,210,-2.0,38.0,-0.01,196.0,
2025-05-01 07:42:23,195.0,31.0,203.57,46.0,194.0,33.0,204.83,46.0,199.28,8.569999999999993,64.0,92.0,6.968222872441966,156,-28.0,-54.0,-0.18,195.0,4.0
2025-05-01 07:42:24,194.81,16.0,198.68,68.0,193.53,43.0,199.72,64.0,196.74,3.870000000000005,59.0,132.0,6.4215224051637705,191,-73.0,35.0,-0.38,195.0,1.0
2025-05-01 07:42:25,190.19,63.0,193.87,60.0,187.5,80.0,203.15,61.0,192.03,3.680000000000007,143.0,121.0,5.432230665207158,264,22.0,73.0,0.08,194.0,3.0
2025-05-01 07:42:26,187.86,44.0,192.42,38.0,184.86,35.0,244.89,36.0,190.14,4.559999999999974,79.0,74.0,4.4590525899583655,153,5.0,-111.0,0.03,189.0,4.0
2025-05-01 07:42:27,187.0,30.0,193.17,24.0,172.0,6.0,244.92,25.0,190.08,6.169999999999988,36.0,49.0,4.151334725123079,85,-13.0,-68.0,-0.15,189.0,
2025-05-01 07:42:28,187.0,68.0,192.0,48.0,169.18,68.0,245.86,42.0,189.5,5.0,136.0,90.0,2.9752512498965817,226,46.0,141.0,0.2,187.0,1.0
2025-05-01 07:42:29,187.0,53.0,190.59,63.0,178.0,104.0,191.63,54.0,188.79,3.5900000000000034,157.0,117.0,1.2044376281111075,274,40.0,48.0,0.15,187.0,
2025-05-01 07:42:30,183.1,68.0,188.12,32.0,179.31,39.0,214.29,45.0,185.61,5.02000000000001,107.0,77.0,1.8773198981550416,184,30.0,-90.0,0.16,186.0,5.0
2025-05-01 07:42:31,182.0,28.0,187.9,10.0,136.0,16.0,275.92,13.0,184.95,5.900000000000006,44.0,23.0,2.3444679567031974,67,21.0,-117.0,0.31,187.5,2.0
2025-05-01 07:42:32,182.0,28.0,188.0,12.0,171.0,4.0,311.07,14.0,185.0,6.0,32.0,26.0,2.1979649678753432,58,6.0,-9.0,0.1,187.5,
2025-05-01 07:42:33,182.11,63.0,188.0,19.0,156.95,21.0,311.45,31.0,185.06,5.889999999999986,84.0,50.0,1.6471703008513132,134,34.0,76.0,0.25,188.0,1.0
2025-05-01 07:42:34,185.0,63.0,188.0,18.0,182.0,63.0,352.31,35.0,186.5,3.0,126.0,53.0,0.6575180605932452,179,73.0,45.0,0.41,188.0,
2025-05-01 07:42:35,186.43,37.0,213.81,37.0,166.92,85.0,314.18,55.0,200.12,27.379999999999995,122.0,92.0,6.624936226108767,214,30.0,35.0,0.14,188.0,2.0
2025-05-01 07:42:36,172.37,49.0,321.72,74.0,158.27,123.0,506.41,70.0,247.04,149.35000000000002,172.0,144.0,26.64799204443021,316,28.0,102.0,0.09,187.0,2.0
2025-05-01 07:42:37,159.13,90.0,210.61,23.0,154.63,86.0,244.41,51.0,184.87,51.48000000000002,176.0,74.0,26.667249951954474,250,102.0,-66.0,0.41,185.25,4.0
2025-05-01 07:42:38,158.2,60.0,184.0,20.0,157.0,70.0,223.65,46.0,171.1,25.80000000000001,130.0,66.0,29.31571899169478,196,64.0,-54.0,0.33,185.25,
2025-05-01 07:42:39,181.42,57.0,190.43,35.0,168.54,56.0,214.35,37.0,185.92,9.01000000000002,113.0,72.0,29.37332463307506,185,41.0,-11.0,0.22,184.0,2.0
2025-05-01 07:42:40,188.33,63.0,191.07,61.0,187.09,198.0,233.43,56.0,189.7,2.7399999999999807,261.0,117.0,29.53764344019361,378,144.0,164.0,0.38,189.0,1.0
2025-05-01 07:42:41,189.0,42.0,191.31,35.0,187.0,121.0,259.12,41.0,190.16,2.3100000000000023,163.0,76.0,7.756874370518366,239,87.0,-139.0,0.36,189.0,3.0
2025-05-01 07:42:42,189.29,14.0,195.5,50.0,186.6,90.0,364.0,40.0,192.39,6.210000000000008,104.0,90.0,8.56938620905872,194,14.0,-45.0,0.07,189.0,2.0
2025-05-01 07:42:43,186.31,36.0,193.0,60.0,183.33,55.0,195.83,60.0,189.65,6.689999999999998,91.0,120.0,2.326269545862758,211,-29.0,17.0,-0.14,190.0,2.0
2025-05-01 07:42:44,184.71,63.0,193.0,35.0,175.54,52.0,195.0,35.0,188.86,8.289999999999992,115.0,70.0,1.3355036503165834,185,45.0,-26.0,0.24,190.0,
2025-05-01 07:42:45,185.23,52.0,192.74,27.0,167.82,91.0,194.82,55.0,188.99,7.510000000000019,143.0,82.0,1.4299825173787295,225,61.0,40.0,0.27,190.0,
2025-05-01 07:42:46,184.34,95.0,189.29,17.0,180.47,116.0,194.39,46.0,186.82,4.949999999999989,211.0,63.0,2.0063573958814813,274,148.0,49.0,0.54,190.0,
2025-05-01 07:42:47,170.37,51.0,198.82,39.0,162.05,82.0,250.42,50.0,184.6,28.44999999999999,133.0,89.0,2.071311178941305,222,44.0,-52.0,0.2,185.67,3.0
2025-05-01 07:42:48,183.36,14.0,370.59,54.0,110.37,79.0,426.67,36.0,276.97,187.23,93.0,90.0,40.13373107499503,183,3.0,-39.0,0.02,185.67,
2025-05-01 07:42:49,185.58,19.0,193.77,26.0,184.18,11.0,311.16,25.0,189.67,8.189999999999998,30.0,51.0,40.05259604569999,81,-21.0,-102.0,-0.26,185.67,
2025-05-01 07:42:50,186.41,37.0,193.0,48.0,185.42,12.0,197.0,12.0,189.7,6.590000000000003,49.0,60.0,39.98102262323992,109,-11.0,28.0,-0.1,185.67,
2025-05-01 07:42:51,184.75,16.0,193.0,48.0,181.26,19.0,197.0,12.0,188.88,8.25,35.0,60.0,39.74967836347889,95,-25.0,-14.0,-0.26,186.6,5.0
2025-05-01 07:42:52,184.6,10.0,191.4,30.0,154.85,40.0,197.0,10.0,188.0,6.800000000000011,50.0,40.0,39.31958964689259,90,10.0,-5.0,0.11,193.0,1.0
2025-05-01 07:42:53,185.0,7.0,189.0,21.0,168.67,30.0,197.0,7.0,187.0,4.0,37.0,28.0,1.155508546056366,65,9.0,-25.0,0.14,193.0,
2025-05-01 07:42:54,185.0,9.0,188.0,21.0,136.61,36.0,197.67,9.0,186.5,3.0,45.0,30.0,1.3146406353102162,75,15.0,10.0,0.2,188.0,2.0
2025-05-01 07:42:55,192.6,63.0,319.84,51.0,180.05,19.0,367.85,26.0,256.22,127.23999999999998,82.0,77.0,30.70374895676454,159,5.0,84.0,0.03,193.33,6.0
2025-05-01 07:43:05,195.6,50.0,209.92,65.0,194.69,29.0,216.86,59.0,202.76,14.319999999999991,79.0,124.0,2.2069730401658707,203,-45.0,138.0,-0.22,198.0,2.0
2025-05-01 07:43:06,195.0,65.0,208.41,51.0,194.0,13.0,231.25,63.0,201.71,13.409999999999997,78.0,114.0,2.1467766535012167,192,-36.0,-11.0,-0.19,198.0,
2025-05-01 07:43:07,195.0,64.0,203.71,45.0,194.0,14.0,206.55,40.0,199.36,8.710000000000008,78.0,85.0,2.378346063973153,163,-7.0,-29.0,-0.04,195.0,2.0
2025-05-01 07:43:08,195.0,18.0,198.36,22.0,194.0,8.0,201.42,19.0,196.68,3.3600000000000136,26.0,41.0,3.1078481301400838,67,-15.0,-96.0,-0.22,195.0,2.0
2025-05-01 07:43:09,193.7,20.0,196.06,53.0,192.53,57.0,203.2,54.0,194.88,2.3600000000000136,77.0,107.0,3.314275184714404,184,-30.0,117.0,-0.16,194.5,2.0
2025-05-01 07:43:10,192.27,55.0,195.44,36.0,191.27,66.0,206.0,45.0,193.86,3.1699999999999875,121.0,81.0,3.231334089816832,202,40.0,18.0,0.2,193.0,3.0
2025-05-01 07:43:11,189.94,64.0,191.93,30.0,188.2,41.0,196.9,49.0,190.94,1.990000000000009,105.0,79.0,3.143482145648493,184,26.0,-18.0,0.14,191.0,2.0
2025-05-01 07:43:12,187.29,51.0,189.89,36.0,186.04,95.0,271.96,26.0,188.59,2.5999999999999943,146.0,62.0,3.2213196053805717,208,84.0,24.0,0.4,188.57,7.0
2025-05-01 07:43:13,186.0,80.0,188.75,8.0,185.0,8.0,262.83,36.0,187.38,2.75,88.0,44.0,3.2428999367861864,132,44.0,-76.0,0.33,188.57,
2025-05-01 07:43:14,186.0,80.0,187.85,13.0,185.0,8.0,257.57,30.0,186.92,1.8499999999999943,88.0,43.0,2.874668676562008,131,45.0,-1.0,0.34,188.57,
2025-05-01 07:43:15,186.0,100.0,188.0,12.0,185.0,12.0,306.9,30.0,187.0,2.0,112.0,42.0,1.6885437512856358,154,70.0,23.0,0.45,186.17,6.0
2025-05-01 07:43:16,186.0,60.0,313.0,24.0,185.0,12.0,357.31,16.0,249.5,127.0,72.0,40.0,27.74758764289275,112,32.0,-42.0,0.29,188.0,1.0
2025-05-01 07:43:19,186.89,54.0,325.29,35.0,185.27,11.0,344.42,43.0,256.09,138.40000000000003,65.0,78.0,34.4015062170256,143,-13.0,78.0,-0.09,196.0,5.0
2025-05-01 07:43:20,186.0,25.0,211.33,21.0,185.0,5.0,285.78,9.0,198.67,25.330000000000013,30.0,30.0,29.39006039463093,60,0.0,-83.0,0.0,196.0,
2025-05-01 07:43:21,186.72,90.0,207.96,28.0,185.83,30.0,209.88,48.0,197.34,21.24000000000001,120.0,76.0,37.2745485552816,196,44.0,136.0,0.22,189.0,1.0
2025-05-01 07:43:22,189.58,38.0,204.19,26.0,186.94,77.0,209.5,36.0,196.89,14.609999999999983,115.0,62.0,36.49001466154864,177,53.0,-19.0,0.3,187.5,2.0
2025-05-01 07:43:23,190.54,37.0,196.0,48.0,189.68,74.0,209.31,52.0,193.27,5.460000000000008,111.0,100.0,26.70541181109218,211,11.0,34.0,0.05,195.0,3.0
2025-05-01 07:43:24,189.0,33.0,195.62,39.0,188.0,45.0,206.0,42.0,192.31,6.6200000000000045,78.0,81.0,2.7533397901480567,159,-3.0,-52.0,-0.02,189.0,1.0
2025-05-01 07:43:25,189.0,44.0,196.71,51.0,188.0,65.0,278.35,34.0,192.85,7.710000000000008,109.0,85.0,2.38768088320271,194,24.0,35.0,0.12,189.0,1.0
2025-05-01 07:43:26,187.37,76.0,194.67,36.0,180.37,38.0,197.0,48.0,191.02,7.299999999999983,114.0,84.0,2.194588799755135,198,30.0,4.0,0.15,189.0,3.0
2025-05-01 07:43:27,188.01,172.0,193.0,36.0,186.1,84.0,197.0,48.0,190.51,4.990000000000009,256.0,84.0,1.1844492391021764,340,172.0,142.0,0.51,189.0,1.0
2025-05-01 07:43:28,188.0,204.0,192.83,36.0,183.08,60.0,203.67,52.0,190.42,4.8300000000000125,264.0,88.0,1.0983032368199834,352,176.0,12.0,0.5,189.0,
