DateTime,Bid1_Price,Bid1_Volume,Ask1_Price,Ask1_Volume,Bid2_Price,Bid2_Volume,Ask2_Price,Ask2_Volume,Mid-Price,Bid_Ask_Spread,Market_Depth_Bid,Market_Depth_Ask,Historical_Volatility,Total_volume,Cumulative_Volume_Difference,Total_Volume_Change_Corrected,Order_imbalance,Weighted_Avg_Price,Trade_Volume
2025-02-17 07:30:06,285.94,77.0,372.0,16.0,227.64,59.0,384.0,8.0,328.97,86.06,136.0,24.0,53.10085102896188,160,112.0,118.0,0.7,,
2025-02-17 07:30:07,299.78,102.0,372.0,20.0,293.44,108.0,384.0,10.0,335.89,72.22000000000003,210.0,30.0,66.9670999820061,240,180.0,80.0,0.75,,
2025-02-17 07:30:08,300.0,40.0,372.0,8.0,299.0,44.0,381.0,6.0,336.0,72.0,84.0,14.0,69.79185181666983,98,70.0,-142.0,0.71,,
2025-02-17 07:30:09,300.0,90.0,336.0,24.0,299.0,99.0,364.83,24.0,318.0,36.0,189.0,48.0,56.0909335811056,237,141.0,139.0,0.59,,
2025-02-17 07:30:10,300.0,60.0,329.0,12.0,299.0,66.0,347.25,24.0,314.5,29.0,126.0,36.0,10.00781044984364,162,90.0,-75.0,0.56,,
2025-02-17 07:30:11,301.1,21.0,322.25,32.0,299.91,121.0,345.45,29.0,311.67,21.149999999999977,142.0,61.0,11.83792929527794,203,81.0,41.0,0.4,,
2025-02-17 07:30:12,303.0,12.0,319.92,48.0,300.0,120.0,323.0,24.0,311.46,16.920000000000016,132.0,72.0,10.229358728678967,204,60.0,1.0,0.29,,
2025-02-17 07:30:13,304.67,15.0,317.86,28.0,300.3,54.0,319.38,26.0,311.26,13.189999999999998,69.0,54.0,2.902743529835431,123,15.0,-81.0,0.12,305.0,2.0
2025-02-17 07:30:14,305.0,7.0,316.71,28.0,304.0,7.0,318.0,14.0,310.86,11.70999999999998,14.0,42.0,1.4564683312731677,56,-28.0,-67.0,-0.5,305.0,
2025-02-17 07:30:15,300.26,106.0,314.06,67.0,299.3,134.0,314.94,53.0,307.16,13.800000000000011,240.0,120.0,1.8809359372402208,360,120.0,176.0,0.33,304.5,2.0
2025-02-17 07:30:16,300.0,90.0,310.5,40.0,299.0,99.0,311.61,41.0,305.25,10.5,189.0,81.0,2.8227150050973737,270,108.0,-90.0,0.4,304.5,
2025-02-17 07:30:17,300.0,140.0,309.82,67.0,299.0,154.0,310.75,59.0,304.91,9.819999999999991,294.0,126.0,3.0232714069368587,420,168.0,150.0,0.4,304.5,
2025-02-17 07:30:18,300.0,100.0,309.0,40.0,299.0,110.0,310.0,50.0,304.5,9.0,210.0,90.0,2.623419524209226,300,120.0,-120.0,0.4,304.5,
2025-02-17 07:30:19,300.0,130.0,307.11,54.0,299.0,143.0,308.11,36.0,303.56,7.110000000000014,273.0,90.0,1.325794101662198,363,183.0,63.0,0.5,304.5,
2025-02-17 07:30:20,300.0,120.0,304.31,83.0,299.0,209.0,305.29,82.0,302.16,4.310000000000002,329.0,165.0,1.2440779718338608,494,164.0,131.0,0.33,300.0,8.0
2025-02-17 07:30:21,299.02,91.0,300.18,66.0,298.26,43.0,304.05,62.0,299.6,1.160000000000025,134.0,128.0,2.148413368046819,262,6.0,-176.0,0.02,299.31,13.0
2025-02-17 07:30:22,298.0,7.0,299.14,21.0,297.0,35.0,312.53,17.0,298.57,1.1399999999999864,42.0,38.0,2.535531502466964,80,4.0,-176.0,0.05,298.67,3.0
2025-02-17 07:30:23,297.32,22.0,299.0,30.0,296.92,38.0,312.0,20.0,298.16,1.6800000000000068,60.0,50.0,2.349957446423777,110,10.0,30.0,0.09,298.67,
2025-02-17 07:30:24,296.98,80.0,312.1,29.0,284.67,24.0,313.07,42.0,304.54,15.120000000000005,104.0,71.0,2.694045285440192,175,33.0,65.0,0.19,298.0,1.0
2025-02-17 07:30:25,297.0,72.0,311.0,61.0,296.0,9.0,313.16,19.0,304.0,14.0,81.0,80.0,3.060176465500381,161,1.0,-14.0,0.01,298.0,
2025-02-17 07:30:26,297.0,40.0,311.0,45.0,296.0,5.0,312.25,8.0,304.0,14.0,45.0,53.0,3.1959161440817274,98,-8.0,-63.0,-0.08,298.0,
2025-02-17 07:30:27,297.0,128.0,310.4,67.0,285.71,28.0,311.13,75.0,303.7,13.399999999999975,156.0,142.0,2.655899094469129,298,14.0,176.0,0.05,298.0,
2025-02-17 07:30:28,297.0,96.0,308.67,24.0,280.35,46.0,311.0,52.0,302.83,11.670000000000016,142.0,76.0,0.6279968152799585,218,66.0,-80.0,0.3,298.0,
2025-02-17 07:30:29,297.0,72.0,308.0,18.0,296.0,27.0,311.0,49.0,302.5,11.0,99.0,67.0,0.6972660898120897,166,32.0,-52.0,0.19,298.0,
2025-02-17 07:30:30,297.32,76.0,306.36,22.0,296.5,48.0,308.73,22.0,301.84,9.04000000000002,124.0,44.0,0.8819183635699547,168,80.0,2.0,0.48,298.0,
2025-02-17 07:30:31,299.0,56.0,304.52,29.0,297.0,112.0,307.11,36.0,301.76,5.519999999999982,168.0,65.0,0.7950974783018624,233,103.0,65.0,0.44,298.0,
2025-02-17 07:30:32,297.24,68.0,303.17,24.0,296.57,56.0,305.0,36.0,300.2,5.930000000000007,124.0,60.0,1.0137455302008065,184,64.0,-49.0,0.35,298.0,
2025-02-17 07:30:33,297.0,99.0,302.71,31.0,296.0,42.0,304.69,39.0,299.85,5.70999999999998,141.0,70.0,1.1435908359208828,211,71.0,27.0,0.34,297.0,1.0
2025-02-17 07:30:34,297.22,135.0,300.11,54.0,296.44,80.0,301.2,50.0,298.67,2.8899999999999864,215.0,104.0,1.345187719243054,319,111.0,108.0,0.35,297.0,
2025-02-17 07:30:35,297.05,115.0,298.62,40.0,296.12,58.0,299.82,44.0,297.84,1.5699999999999932,173.0,84.0,1.502507903474212,257,89.0,-62.0,0.35,298.2,5.0
2025-02-17 07:30:36,297.93,45.0,300.0,45.0,296.8,45.0,308.0,60.0,298.97,2.069999999999993,90.0,105.0,0.9436259852306612,195,-15.0,-62.0,-0.08,297.0,2.0
2025-02-17 07:30:37,298.55,42.0,303.4,47.0,296.8,40.0,308.56,50.0,300.98,4.849999999999966,82.0,97.0,1.1994873905141863,179,-15.0,-16.0,-0.08,300.0,3.0
2025-02-17 07:30:38,299.71,24.0,308.0,48.0,298.94,52.0,309.58,33.0,303.85,8.29000000000002,76.0,81.0,2.4113834203631845,157,-5.0,-22.0,-0.03,300.0,
2025-02-17 07:30:39,299.18,44.0,308.0,48.0,297.96,46.0,309.0,24.0,303.59,8.819999999999993,90.0,72.0,2.689187609669931,162,18.0,5.0,0.11,301.0,1.0
2025-02-17 07:30:40,299.0,25.0,308.0,32.0,297.0,24.0,309.0,16.0,303.5,9.0,49.0,48.0,2.136789648047292,97,1.0,-65.0,0.01,299.0,3.0
2025-02-17 07:30:41,303.8,10.0,308.0,20.0,298.45,11.0,309.0,10.0,305.9,4.199999999999989,21.0,30.0,1.747893017321676,51,-9.0,-46.0,-0.18,299.0,
2025-02-17 07:30:42,305.0,24.0,308.0,48.0,299.85,13.0,309.0,24.0,306.5,3.0,37.0,72.0,1.4203415082302202,109,-35.0,58.0,-0.32,299.0,
2025-02-17 07:30:43,305.0,15.0,308.0,32.0,300.0,8.0,309.0,16.0,306.5,3.0,23.0,48.0,1.5290585338703175,71,-25.0,-38.0,-0.35,305.0,1.0
2025-02-17 07:30:44,305.0,8.0,308.0,32.0,300.0,8.0,309.0,16.0,306.5,3.0,16.0,48.0,1.300769003321337,64,-32.0,-7.0,-0.5,305.0,
2025-02-17 07:30:45,305.0,8.0,308.0,32.0,300.44,9.0,309.0,16.0,306.5,3.0,17.0,48.0,0.2683281573028633,65,-31.0,1.0,-0.48,305.0,
2025-02-17 07:30:46,305.0,6.0,308.0,24.0,302.0,12.0,309.0,12.0,306.5,3.0,18.0,36.0,0.0,54,-18.0,-11.0,-0.33,305.0,
2025-02-17 07:30:47,305.0,7.0,308.0,28.0,302.0,14.0,309.0,14.0,306.5,3.0,21.0,42.0,0.0,63,-21.0,9.0,-0.33,305.0,
2025-02-17 07:30:48,305.0,8.0,308.0,32.0,302.0,16.0,309.0,16.0,306.5,3.0,24.0,48.0,0.0,72,-24.0,9.0,-0.33,305.0,
2025-02-17 07:30:49,305.0,7.0,308.0,28.0,302.0,14.0,309.0,14.0,306.5,3.0,21.0,42.0,0.0,63,-21.0,-9.0,-0.33,305.0,
2025-02-17 07:30:50,305.0,8.0,307.12,32.0,302.0,16.0,308.45,22.0,306.06,2.1200000000000045,24.0,54.0,0.1967739820238991,78,-30.0,15.0,-0.38,305.0,
2025-02-17 07:30:51,302.21,29.0,305.32,38.0,300.83,18.0,306.32,38.0,303.76,3.1100000000000136,47.0,76.0,1.1915032521993083,123,-29.0,45.0,-0.24,303.5,2.0
2025-02-17 07:30:52,301.6,10.0,303.14,21.0,299.67,12.0,304.2,20.0,302.37,1.5399999999999636,22.0,41.0,1.875558583462941,63,-19.0,-60.0,-0.3,302.0,1.0
2025-02-17 07:30:53,300.0,15.0,302.0,45.0,299.0,30.0,303.0,30.0,301.0,2.0,45.0,75.0,2.355253701833737,120,-30.0,57.0,-0.25,302.0,
2025-02-17 07:30:54,300.0,11.0,301.46,26.0,299.0,22.0,302.28,29.0,300.73,1.4599999999999795,33.0,55.0,2.194180940579309,88,-22.0,-32.0,-0.25,302.0,
2025-02-17 07:30:55,297.23,26.0,301.0,20.0,296.6,20.0,302.0,30.0,299.12,3.769999999999982,46.0,50.0,1.7548304761433278,96,-4.0,8.0,-0.04,298.75,4.0
2025-02-17 07:30:56,298.27,40.0,301.1,31.0,297.3,44.0,302.09,44.0,299.69,2.830000000000041,84.0,75.0,1.2576446238907646,159,9.0,63.0,0.06,300.0,2.0
2025-02-17 07:30:57,298.16,56.0,303.49,53.0,297.11,57.0,307.16,73.0,300.83,5.329999999999984,113.0,126.0,0.8241541118026939,239,-13.0,80.0,-0.05,299.83,6.0
2025-02-17 07:30:58,304.83,103.0,311.0,44.0,298.94,32.0,315.0,99.0,307.91,6.170000000000016,135.0,143.0,3.5689186037232035,278,-8.0,39.0,-0.03,299.83,
2025-02-17 07:30:59,305.0,84.0,311.0,48.0,299.0,36.0,315.0,104.0,308.0,6.0,120.0,152.0,4.465618658148249,272,-32.0,-6.0,-0.12,305.0,4.0
2025-02-17 07:31:00,305.0,78.0,309.77,52.0,299.0,39.0,311.15,52.0,307.38,4.769999999999982,117.0,104.0,4.136250717739671,221,13.0,-51.0,0.06,305.0,
2025-02-17 07:31:01,305.0,72.0,309.0,48.0,299.0,36.0,313.0,48.0,307.0,4.0,108.0,96.0,3.04263537085898,204,12.0,-17.0,0.06,305.0,
2025-02-17 07:31:02,305.0,90.0,307.8,60.0,299.0,45.0,312.73,60.0,306.4,2.800000000000012,135.0,120.0,0.6635661233082227,255,15.0,51.0,0.06,305.0,
2025-02-17 07:31:03,305.0,14.0,306.0,56.0,299.0,42.0,312.0,56.0,305.5,1.0,56.0,112.0,0.9553428703885491,168,-56.0,-87.0,-0.33,305.0,5.0
2025-02-17 07:31:04,305.0,9.0,306.0,36.0,301.58,31.0,312.0,36.0,305.5,1.0,40.0,72.0,0.8559672890958867,112,-32.0,-56.0,-0.29,305.0,
2025-02-17 07:31:05,305.0,6.0,306.0,24.0,304.0,24.0,312.0,24.0,305.5,1.0,30.0,48.0,0.6906518659947973,78,-18.0,-34.0,-0.23,305.0,
2025-02-17 07:31:06,304.26,27.0,308.41,51.0,302.68,38.0,312.78,46.0,306.34,4.150000000000034,65.0,97.0,0.476990565946604,162,-32.0,84.0,-0.2,305.0,1.0
2025-02-17 07:31:07,304.0,56.0,310.22,46.0,299.0,28.0,311.24,68.0,307.11,6.220000000000027,84.0,114.0,0.724085630296663,198,-30.0,36.0,-0.15,305.0,
2025-02-17 07:31:08,304.0,56.0,308.04,50.0,299.0,44.0,309.23,62.0,306.02,4.0400000000000205,100.0,112.0,0.6715504448678046,212,-12.0,14.0,-0.06,305.0,
2025-02-17 07:31:09,304.0,38.0,305.58,43.0,299.0,22.0,308.09,47.0,304.79,1.579999999999984,60.0,90.0,0.8733097961216797,150,-30.0,-62.0,-0.2,304.0,3.0
2025-02-17 07:31:10,302.38,13.0,306.0,55.0,298.61,23.0,316.0,44.0,304.19,3.620000000000005,36.0,99.0,1.1840396952813736,135,-63.0,-15.0,-0.47,299.6,5.0
2025-02-17 07:31:11,296.4,30.0,305.22,46.0,291.0,42.0,316.0,40.0,300.81,8.82000000000005,72.0,86.0,2.391836114787488,158,-14.0,23.0,-0.09,305.0,2.0
2025-02-17 07:31:12,297.0,56.0,304.43,49.0,296.0,42.0,311.12,49.0,300.71,7.430000000000007,98.0,98.0,2.414473027391567,196,0.0,38.0,0.0,305.0,
2025-02-17 07:31:13,297.0,52.0,303.63,51.0,296.0,39.0,304.6,40.0,300.31,6.629999999999996,91.0,91.0,2.143902982879864,182,0.0,-14.0,0.0,297.0,2.0
2025-02-17 07:31:14,297.0,36.0,300.41,49.0,296.0,45.0,301.31,48.0,298.7,3.410000000000025,81.0,97.0,2.0029178715066887,178,-16.0,-4.0,-0.09,297.0,
2025-02-17 07:31:15,296.33,27.0,298.28,29.0,290.62,39.0,299.18,34.0,297.3,1.9499999999999889,66.0,63.0,1.524345761302386,129,3.0,-49.0,0.02,297.0,3.0
2025-02-17 07:31:16,292.41,39.0,297.78,37.0,287.93,75.0,302.27,44.0,295.1,5.369999999999948,114.0,81.0,2.3006151351323973,195,33.0,66.0,0.17,296.0,3.0
2025-02-17 07:31:17,289.0,70.0,297.07,56.0,287.0,75.0,308.43,56.0,293.04,8.069999999999993,145.0,112.0,2.879548575731959,257,33.0,62.0,0.13,296.0,
2025-02-17 07:31:18,290.22,98.0,295.29,68.0,287.47,85.0,300.41,68.0,292.76,5.069999999999993,183.0,136.0,2.604188933238083,319,47.0,62.0,0.15,296.0,
2025-02-17 07:31:19,291.0,92.0,292.88,68.0,287.0,74.0,294.78,72.0,291.94,1.8799999999999957,166.0,140.0,2.1678837607214048,306,26.0,-13.0,0.08,291.0,2.0
2025-02-17 07:31:20,289.32,57.0,293.07,56.0,285.84,86.0,297.46,61.0,291.19,3.75,143.0,117.0,1.4731530809794997,260,26.0,-46.0,0.1,291.0,4.0
2025-02-17 07:31:21,286.0,49.0,295.0,60.0,285.27,71.0,301.0,75.0,290.5,9.0,120.0,135.0,1.0611220476454069,255,-15.0,-5.0,-0.06,291.0,
2025-02-17 07:31:22,284.54,52.0,295.0,40.0,283.65,43.0,301.0,50.0,289.77,10.45999999999998,95.0,90.0,1.1737844776614614,185,5.0,-70.0,0.03,291.0,
2025-02-17 07:31:23,291.32,37.0,298.77,97.0,284.1,80.0,305.89,157.0,295.05,7.449999999999989,117.0,254.0,2.0435630648451317,371,-137.0,176.0,-0.37,294.77,13.0
2025-02-17 07:31:24,286.0,16.0,297.41,69.0,284.99,76.0,305.75,125.0,291.7,11.410000000000023,92.0,194.0,2.0390365371908383,286,-102.0,-85.0,-0.36,294.77,
2025-02-17 07:31:29,283.0,112.0,293.67,12.0,277.0,10.0,297.62,16.0,288.33,10.670000000000016,122.0,28.0,1.0674033914116643,150,94.0,98.0,0.63,294.2,5.0
2025-02-17 07:31:30,283.5,26.0,295.7,23.0,282.79,133.0,296.57,47.0,289.6,12.199999999999989,159.0,70.0,1.4854224988188671,229,89.0,79.0,0.39,294.2,
2025-02-17 07:31:31,284.0,5.0,295.0,5.0,283.0,31.0,296.0,20.0,289.5,11.0,36.0,25.0,1.707624080410386,61,11.0,-168.0,0.18,294.2,
2025-02-17 07:31:32,284.0,8.0,292.2,15.0,283.0,40.0,295.36,11.0,288.1,8.199999999999989,48.0,26.0,1.4543658411821752,74,22.0,13.0,0.3,294.2,
2025-02-17 07:31:33,285.6,15.0,292.0,24.0,284.86,21.0,293.72,53.0,288.8,6.399999999999977,36.0,77.0,0.6743737835931922,113,-41.0,39.0,-0.36,294.2,
2025-02-17 07:31:34,288.27,15.0,292.2,25.0,287.44,18.0,293.22,54.0,290.23,3.930000000000007,33.0,79.0,0.817055689655227,112,-46.0,-1.0,-0.41,294.2,
2025-02-17 07:31:35,290.6,20.0,295.83,75.0,281.16,87.0,298.66,79.0,293.21,5.229999999999961,107.0,154.0,1.9781228475497457,261,-47.0,149.0,-0.18,294.5,10.0
2025-02-17 07:31:36,291.92,13.0,298.0,44.0,280.57,21.0,305.0,55.0,294.96,6.079999999999984,34.0,99.0,2.9321749606731937,133,-65.0,-128.0,-0.49,294.5,
2025-02-17 07:31:37,292.0,13.0,298.92,52.0,280.0,38.0,305.0,65.0,295.46,6.920000000000016,51.0,117.0,2.922117382994681,168,-66.0,35.0,-0.39,294.5,
2025-02-17 07:31:38,292.0,6.0,299.89,18.0,280.0,30.0,303.39,28.0,295.94,7.889999999999986,36.0,46.0,2.326252350885558,82,-10.0,-86.0,-0.12,294.5,
2025-02-17 07:31:39,280.24,51.0,293.45,11.0,277.6,25.0,299.8,35.0,286.84,13.20999999999998,76.0,46.0,3.7459604909822937,122,30.0,40.0,0.25,288.0,2.0
2025-02-17 07:31:40,280.0,60.0,297.4,30.0,277.0,24.0,299.89,35.0,288.7,17.399999999999977,84.0,65.0,4.273476336660801,149,19.0,27.0,0.13,295.0,1.0
2025-02-17 07:31:41,285.3,40.0,297.67,54.0,281.56,48.0,303.4,80.0,291.48,12.370000000000005,88.0,134.0,4.024360818813276,222,-46.0,73.0,-0.21,296.33,3.0
2025-02-17 07:31:42,282.92,12.0,295.0,36.0,281.2,30.0,298.0,48.0,288.96,12.079999999999984,42.0,84.0,3.517595769840379,126,-42.0,-96.0,-0.33,296.33,
2025-02-17 07:31:43,286.06,17.0,295.0,51.0,282.0,51.0,298.0,68.0,290.53,8.939999999999998,68.0,119.0,1.788328828822732,187,-51.0,61.0,-0.27,296.33,
2025-02-17 07:31:44,288.0,14.0,292.86,42.0,282.0,42.0,295.73,66.0,290.43,4.860000000000014,56.0,108.0,1.164667334477457,164,-52.0,-23.0,-0.32,296.33,
2025-02-17 07:31:45,289.4,20.0,291.5,42.0,282.58,36.0,294.1,70.0,290.45,2.1000000000000227,56.0,112.0,0.9021917756214416,168,-56.0,4.0,-0.33,291.0,3.0
2025-02-17 07:31:46,289.73,11.0,292.0,33.0,282.0,33.0,295.0,59.0,290.86,2.269999999999982,44.0,92.0,0.7394119284937903,136,-48.0,-32.0,-0.35,291.0,
2025-02-17 07:31:47,290.4,15.0,294.0,45.0,282.0,45.0,295.6,50.0,292.2,3.6000000000000227,60.0,95.0,0.7502866119018232,155,-35.0,19.0,-0.23,292.75,4.0
2025-02-17 07:31:48,291.11,9.0,295.0,27.0,281.68,31.0,296.0,27.0,293.06,3.8899999999999855,40.0,54.0,1.1758613863884386,94,-14.0,-61.0,-0.15,292.75,
2025-02-17 07:31:49,293.19,16.0,295.02,46.0,281.0,86.0,296.07,46.0,294.1,1.829999999999984,102.0,92.0,1.515414134815872,194,10.0,100.0,0.05,295.4,5.0
2025-02-17 07:31:50,294.0,8.0,296.0,8.0,281.0,56.0,299.0,8.0,295.0,2.0,64.0,16.0,1.6142738305505175,80,48.0,-114.0,0.6,295.4,
2025-02-17 07:31:51,286.04,24.0,296.0,10.0,280.89,56.0,299.0,10.0,291.02,9.95999999999998,80.0,20.0,1.56085873800299,100,60.0,20.0,0.6,294.0,1.0
2025-02-17 07:31:52,284.69,65.0,296.46,13.0,283.17,53.0,299.95,21.0,290.58,11.769999999999982,118.0,34.0,1.9159123153213669,152,84.0,52.0,0.55,296.0,1.0
2025-02-17 07:31:53,285.0,55.0,290.31,35.0,283.0,55.0,297.22,37.0,287.66,5.310000000000002,110.0,72.0,2.944676552696292,182,38.0,30.0,0.21,296.0,
2025-02-17 07:31:54,283.0,68.0,290.59,34.0,280.0,30.0,297.86,56.0,286.79,7.589999999999975,98.0,90.0,3.2379005543713486,188,8.0,6.0,0.04,296.0,
2025-02-17 07:31:55,283.0,65.0,290.33,36.0,280.0,45.0,294.52,50.0,286.67,7.329999999999984,110.0,86.0,2.100340448593337,196,24.0,8.0,0.12,289.6,5.0
2025-02-17 07:31:56,283.16,49.0,295.94,34.0,281.4,25.0,298.18,76.0,289.55,12.779999999999973,74.0,110.0,1.7388933262270916,184,-36.0,-12.0,-0.2,294.0,2.0
2025-02-17 07:31:57,291.0,9.0,294.0,18.0,283.0,27.0,295.78,18.0,292.5,3.0,36.0,36.0,2.4490467533302285,72,0.0,-112.0,0.0,294.0,
2025-02-17 07:31:58,285.21,14.0,294.0,16.0,281.65,26.0,296.0,16.0,289.61,8.79000000000002,40.0,32.0,2.41012032894575,72,8.0,0.0,0.11,294.0,
2025-02-17 07:31:59,283.38,39.0,293.57,21.0,281.27,22.0,295.33,18.0,288.48,10.189999999999998,61.0,39.0,2.1194739913473284,100,22.0,28.0,0.22,294.0,
2025-02-17 07:32:00,287.33,138.0,292.67,49.0,285.05,242.0,293.54,41.0,290.0,5.340000000000032,380.0,90.0,1.492571606321863,470,290.0,176.0,0.62,294.0,
2025-02-17 07:32:01,288.0,266.0,290.9,40.0,281.75,32.0,291.8,30.0,289.45,2.8999999999999773,298.0,70.0,1.5012228348910177,368,228.0,-102.0,0.62,294.0,
2025-02-17 07:32:02,288.56,219.0,292.74,50.0,277.54,81.0,295.0,69.0,290.65,4.180000000000007,300.0,119.0,0.795656961257796,419,181.0,51.0,0.43,290.2,5.0
2025-02-17 07:32:03,283.34,76.0,289.29,21.0,277.51,39.0,295.29,21.0,286.31,5.9500000000000455,115.0,42.0,1.690346118402266,157,73.0,-176.0,0.46,290.2,
2025-02-17 07:32:06,285.06,89.0,289.8,10.0,276.67,15.0,291.88,34.0,287.43,4.740000000000009,104.0,44.0,1.682611066169777,148,60.0,-176.0,0.41,288.0,1.0
2025-02-17 07:32:09,280.81,32.0,289.5,80.0,274.83,42.0,291.0,16.0,285.16,8.689999999999998,74.0,96.0,1.4588797071712116,170,-22.0,62.0,-0.13,288.0,
2025-02-17 07:32:14,284.1,89.0,295.92,98.0,282.73,199.0,296.96,49.0,290.01,11.819999999999991,288.0,147.0,2.1022654447039386,435,141.0,70.0,0.32,294.2,5.0
2025-02-17 07:32:15,285.0,10.0,295.15,53.0,284.0,190.0,296.05,76.0,290.08,10.149999999999975,200.0,129.0,2.644295747452744,329,71.0,-106.0,0.22,294.2,
2025-02-17 07:32:16,284.01,173.0,294.0,55.0,277.76,101.0,296.0,88.0,289.01,9.990000000000007,274.0,143.0,2.5122937726303243,417,131.0,88.0,0.31,294.2,
2025-02-17 07:32:17,285.67,285.0,293.2,75.0,274.0,105.0,295.75,85.0,289.43,7.529999999999973,390.0,160.0,1.695759416897831,550,230.0,133.0,0.42,294.2,
2025-02-17 07:32:18,286.0,266.0,289.09,46.0,274.75,113.0,292.95,66.0,287.54,3.089999999999975,379.0,112.0,1.0336972477461173,491,267.0,-59.0,0.54,294.2,
2025-02-17 07:32:19,287.53,361.0,289.94,93.0,274.93,113.0,293.92,59.0,288.73,2.410000000000025,474.0,152.0,0.9416846605938466,626,322.0,135.0,0.51,294.2,
2025-02-17 07:32:20,289.0,234.0,290.61,57.0,275.73,30.0,294.7,46.0,289.81,1.6100000000000136,264.0,103.0,0.8659561189793237,367,161.0,-176.0,0.44,291.0,14.0
2025-02-17 07:32:21,289.0,196.0,295.85,52.0,276.0,28.0,299.47,51.0,292.42,6.850000000000023,224.0,103.0,1.8045027015768704,327,121.0,-40.0,0.37,291.0,
2025-02-17 07:32:22,289.03,116.0,292.0,20.0,285.24,42.0,297.0,40.0,290.52,2.9700000000000277,158.0,60.0,1.846301708821817,218,98.0,-109.0,0.45,291.0,
2025-02-17 07:32:23,290.95,132.0,292.77,26.0,288.75,48.0,297.06,47.0,291.86,1.8199999999999927,180.0,73.0,1.5003566242726996,253,107.0,35.0,0.42,292.0,2.0
2025-02-17 07:32:24,290.77,26.0,297.0,55.0,272.52,65.0,298.0,39.0,293.88,6.230000000000018,91.0,94.0,1.60163041929146,185,-3.0,-68.0,-0.02,292.0,
2025-02-17 07:32:25,292.21,122.0,297.0,44.0,291.5,32.0,298.0,33.0,294.61,4.7900000000000205,154.0,77.0,1.6254291740954143,231,77.0,46.0,0.33,292.0,
2025-02-17 07:32:26,293.95,119.0,296.62,29.0,281.6,65.0,299.47,38.0,295.29,2.670000000000016,184.0,67.0,1.9869247595218589,251,117.0,20.0,0.47,295.73,11.0
2025-02-17 07:32:27,295.06,36.0,301.33,60.0,294.1,42.0,353.91,92.0,298.19,6.269999999999982,78.0,152.0,2.3050227764606026,230,-74.0,-21.0,-0.32,295.73,
2025-02-17 07:32:28,299.0,18.0,302.0,18.0,295.0,72.0,306.0,72.0,300.5,3.0,90.0,90.0,2.7729280553241056,180,0.0,-50.0,0.0,295.73,
2025-02-17 07:32:29,300.0,28.0,302.0,28.0,295.0,136.0,306.0,72.0,301.0,2.0,164.0,100.0,2.919275595075719,264,64.0,84.0,0.24,295.73,
2025-02-17 07:32:30,300.0,20.0,302.0,20.0,295.91,44.0,306.0,40.0,301.0,2.0,64.0,60.0,2.4737683804280968,124,4.0,-140.0,0.03,295.73,
2025-02-17 07:32:31,300.7,40.0,302.57,28.0,299.08,26.0,306.76,49.0,301.64,1.8700000000000043,66.0,77.0,1.3350955022046258,143,-11.0,19.0,-0.08,302.0,2.0
2025-02-17 07:32:32,302.0,76.0,306.0,52.0,300.0,26.0,343.0,13.0,304.0,4.0,102.0,65.0,1.386333293262489,167,37.0,24.0,0.22,302.0,
2025-02-17 07:32:33,302.0,20.0,305.12,16.0,300.0,20.0,313.0,28.0,303.56,3.1200000000000045,40.0,44.0,1.4383323677121866,84,-4.0,-83.0,-0.05,302.0,
2025-02-17 07:32:34,302.0,26.0,303.08,13.0,300.0,26.0,328.24,21.0,302.54,1.079999999999984,52.0,34.0,1.260285681902636,86,18.0,2.0,0.21,302.0,
2025-02-17 07:32:35,297.57,30.0,301.27,15.0,296.45,62.0,312.0,75.0,299.42,3.6999999999999886,92.0,90.0,1.8194834431806657,182,2.0,96.0,0.01,299.25,8.0
2025-02-17 07:32:36,297.0,33.0,299.36,11.0,296.0,44.0,309.27,55.0,298.18,2.3600000000000136,77.0,66.0,2.594031611219896,143,11.0,-39.0,0.08,299.25,
2025-02-17 07:32:37,297.0,17.0,303.09,11.0,296.0,28.0,310.0,31.0,300.05,6.089999999999975,45.0,42.0,2.234054609898235,87,3.0,-56.0,0.03,297.0,2.0
2025-02-17 07:32:38,297.0,4.0,308.45,11.0,296.0,16.0,310.94,16.0,302.73,11.449999999999989,20.0,27.0,1.990635576896851,47,-7.0,-40.0,-0.15,297.0,
2025-02-17 07:32:39,296.04,28.0,306.18,44.0,295.1,40.0,308.38,26.0,301.11,10.139999999999986,68.0,70.0,1.7242592612502436,138,-2.0,91.0,-0.01,296.5,2.0
2025-02-17 07:32:40,296.0,33.0,305.2,25.0,295.0,44.0,306.08,52.0,300.6,9.199999999999989,77.0,77.0,1.6533390456912982,154,0.0,16.0,0.0,296.5,
2025-02-17 07:32:41,296.0,27.0,305.0,18.0,295.0,36.0,307.22,45.0,300.5,9.0,63.0,63.0,1.038927331437466,126,0.0,-28.0,0.0,296.5,
2025-02-17 07:32:42,296.0,15.0,305.0,10.0,295.0,20.0,307.0,25.0,300.5,9.0,35.0,35.0,0.9521396956370654,70,0.0,-56.0,0.0,296.5,
2025-02-17 07:32:43,295.75,32.0,305.0,20.0,294.8,40.0,307.0,50.0,300.38,9.25,72.0,70.0,0.2858671020027653,142,2.0,72.0,0.01,296.5,
2025-02-17 07:32:44,295.92,124.0,304.88,32.0,294.89,72.0,307.0,80.0,300.4,8.95999999999998,196.0,112.0,0.0887693641261307,308,84.0,166.0,0.27,296.5,
2025-02-17 07:32:45,296.95,86.0,305.96,54.0,295.86,140.0,308.07,75.0,301.46,9.009999999999993,226.0,129.0,0.4572964027930477,355,97.0,47.0,0.27,301.0,2.0
2025-02-17 07:32:46,297.0,52.0,306.68,37.0,296.0,156.0,308.92,65.0,301.84,9.680000000000009,208.0,102.0,0.684894152411622,310,106.0,-45.0,0.34,301.0,
2025-02-17 07:32:47,298.0,135.0,301.8,30.0,297.0,60.0,305.75,36.0,299.9,3.8000000000000114,195.0,66.0,0.8160147057544723,261,129.0,-49.0,0.49,301.0,
2025-02-17 07:32:48,297.5,72.0,299.47,15.0,296.37,43.0,308.35,55.0,298.48,1.9700000000000275,115.0,70.0,1.335320186325086,185,45.0,-76.0,0.24,299.0,3.0
2025-02-17 07:32:49,297.0,44.0,298.73,11.0,296.0,33.0,307.66,32.0,297.86,1.7300000000000182,77.0,43.0,1.7588973818864038,120,34.0,-65.0,0.28,298.0,1.0
2025-02-17 07:32:50,297.0,32.0,307.62,32.0,296.0,24.0,311.57,28.0,302.31,10.620000000000005,56.0,60.0,1.9742897457078064,116,-4.0,-4.0,-0.03,298.0,
2025-02-17 07:32:51,298.79,57.0,308.0,70.0,297.02,49.0,313.0,70.0,303.39,9.20999999999998,106.0,140.0,2.3966372274516727,246,-34.0,130.0,-0.14,299.0,4.0
2025-02-17 07:32:52,300.06,47.0,308.0,85.0,298.0,29.0,313.0,85.0,304.03,7.939999999999998,76.0,170.0,2.854387850311828,246,-94.0,0.0,-0.38,300.0,2.0
2025-02-17 07:32:53,301.38,8.0,308.0,40.0,300.0,8.0,313.0,40.0,304.69,6.6200000000000045,16.0,80.0,2.715010128896149,96,-64.0,-150.0,-0.67,300.0,
2025-02-17 07:32:54,302.0,13.0,307.38,65.0,300.0,13.0,309.92,65.0,304.69,5.379999999999996,26.0,130.0,1.0028559218599746,156,-104.0,60.0,-0.67,300.0,
2025-02-17 07:32:55,298.84,19.0,307.0,60.0,297.27,22.0,308.0,24.0,302.92,8.160000000000025,41.0,84.0,0.7867528201472826,125,-43.0,-31.0,-0.34,298.25,8.0
2025-02-17 07:32:56,296.0,24.0,307.0,40.0,295.0,32.0,308.0,16.0,301.5,11.0,56.0,56.0,1.3626921882836962,112,0.0,-13.0,0.0,298.25,
2025-02-17 07:32:57,296.0,30.0,306.3,50.0,295.0,40.0,309.18,22.0,301.15,10.300000000000011,70.0,72.0,1.687498148149789,142,-2.0,30.0,-0.01,298.25,
2025-02-17 07:32:58,296.0,51.0,305.53,75.0,294.86,111.0,305.65,37.0,300.77,9.529999999999973,162.0,112.0,1.6090152267795197,274,50.0,132.0,0.18,298.25,
2025-02-17 07:32:59,296.0,33.0,302.12,51.0,295.0,99.0,303.54,37.0,299.06,6.1200000000000045,132.0,88.0,1.3913482669725084,220,44.0,-54.0,0.2,298.25,
2025-02-17 07:33:00,296.0,45.0,302.89,47.0,295.0,135.0,302.97,59.0,299.45,6.889999999999986,180.0,106.0,1.0731402517876052,286,74.0,66.0,0.26,300.88,8.0
2025-02-17 07:33:01,296.19,37.0,304.77,39.0,295.03,111.0,309.17,35.0,300.48,8.579999999999984,148.0,74.0,0.8897021973708799,222,74.0,-64.0,0.33,303.0,1.0
2025-02-17 07:33:02,296.0,18.0,306.5,18.0,295.0,58.0,311.86,21.0,301.25,10.5,76.0,39.0,0.9175892327215868,115,37.0,-107.0,0.32,303.0,
2025-02-17 07:33:03,296.0,18.0,309.0,18.0,295.0,55.0,314.0,24.0,302.5,13.0,73.0,42.0,1.38991726372719,115,31.0,0.0,0.27,303.0,
2025-02-17 07:33:04,296.0,33.0,308.19,27.0,295.0,99.0,311.79,38.0,302.09,12.189999999999998,132.0,65.0,1.2303373521142045,197,67.0,82.0,0.34,303.0,
2025-02-17 07:33:05,296.0,21.0,306.29,14.0,295.0,63.0,311.14,21.0,301.14,10.29000000000002,84.0,35.0,0.8031624991293306,119,49.0,-78.0,0.41,303.0,
2025-02-17 07:33:06,296.0,18.0,306.0,12.0,294.61,31.0,311.5,18.0,301.0,10.0,49.0,30.0,0.6603256772288674,79,19.0,-40.0,0.24,303.0,
2025-02-17 07:33:07,296.71,51.0,306.0,18.0,295.71,17.0,311.0,27.0,301.35,9.29000000000002,68.0,45.0,0.6486370325596394,113,23.0,34.0,0.2,303.0,
2025-02-17 07:33:08,297.0,117.0,305.76,21.0,296.0,39.0,309.53,34.0,301.38,8.759999999999991,156.0,55.0,0.4202023322252854,211,101.0,98.0,0.48,303.0,
2025-02-17 07:33:09,297.0,108.0,303.47,15.0,296.0,36.0,304.71,21.0,300.23,6.470000000000027,144.0,36.0,0.4683481611015626,180,108.0,-31.0,0.6,303.0,
2025-02-17 07:33:10,297.8,135.0,301.13,15.0,296.0,45.0,304.0,30.0,299.47,3.329999999999984,180.0,45.0,0.8227575584623319,225,135.0,45.0,0.6,303.0,
2025-02-17 07:33:11,298.0,95.0,300.09,11.0,296.0,33.0,304.18,22.0,299.05,2.089999999999975,128.0,33.0,1.0636164722335524,161,95.0,-64.0,0.59,298.0,3.0
2025-02-17 07:33:12,298.41,37.0,305.0,20.0,296.14,29.0,313.0,41.0,301.7,6.589999999999975,66.0,61.0,1.1576830308882429,127,5.0,-34.0,0.04,298.0,4.0
2025-02-17 07:33:13,303.0,24.0,305.88,16.0,298.0,16.0,313.0,16.0,304.44,2.8799999999999955,40.0,32.0,2.1827436862827265,72,8.0,-55.0,0.11,298.0,
2025-02-17 07:33:14,303.0,36.0,306.0,24.0,298.0,24.0,313.0,45.0,304.5,3.0,60.0,69.0,2.610358212967686,129,-9.0,57.0,-0.07,298.0,
2025-02-17 07:33:15,299.55,29.0,305.77,26.0,296.2,20.0,312.25,56.0,302.66,6.21999999999997,49.0,82.0,2.254284808982318,131,-33.0,2.0,-0.25,303.0,3.0
2025-02-17 07:33:16,298.0,26.0,304.08,26.0,295.23,13.0,306.92,26.0,301.04,6.079999999999984,39.0,52.0,1.5719160282943978,91,-13.0,-40.0,-0.14,303.0,
2025-02-17 07:33:17,297.5,16.0,303.33,18.0,293.23,13.0,309.0,34.0,300.42,5.829999999999984,29.0,52.0,1.883114441559144,81,-23.0,-10.0,-0.28,296.75,4.0
2025-02-17 07:33:18,292.4,89.0,302.32,38.0,290.65,89.0,308.84,98.0,297.36,9.920000000000016,178.0,136.0,2.664635059442005,314,42.0,176.0,0.13,296.75,
2025-02-17 07:33:19,294.12,136.0,299.28,36.0,293.18,88.0,301.78,36.0,296.7,5.159999999999968,224.0,72.0,2.526396643444233,296,152.0,-18.0,0.51,296.75,
2025-02-17 07:33:20,296.54,35.0,301.29,34.0,294.34,116.0,304.22,36.0,298.92,4.75,151.0,70.0,1.8775835534019916,221,81.0,-75.0,0.37,297.5,4.0
2025-02-17 07:33:21,298.3,10.0,306.0,20.0,295.15,65.0,307.0,40.0,302.15,7.699999999999989,75.0,60.0,2.228474814756894,135,15.0,-86.0,0.11,297.5,
2025-02-17 07:33:22,299.64,14.0,306.25,32.0,297.0,70.0,307.04,50.0,302.95,6.610000000000014,84.0,82.0,2.811303967913501,166,2.0,31.0,0.01,297.5,
2025-02-17 07:33:23,302.48,27.0,306.57,42.0,297.94,47.0,307.14,42.0,304.53,4.089999999999975,74.0,84.0,3.177648501645119,158,-10.0,-8.0,-0.06,297.5,
2025-02-17 07:33:24,303.0,28.0,306.0,14.0,302.0,7.0,309.0,28.0,304.5,3.0,35.0,42.0,2.302270618326377,77,-7.0,-81.0,-0.09,297.5,
2025-02-17 07:33:25,303.0,52.0,305.17,36.0,302.0,13.0,307.12,32.0,304.08,2.170000000000016,65.0,68.0,1.0513657784091823,133,-3.0,56.0,-0.02,297.5,
2025-02-17 07:33:26,302.53,30.0,304.06,54.0,300.25,32.0,306.0,36.0,303.29,1.5300000000000296,62.0,90.0,0.7175304871642345,152,-28.0,19.0,-0.18,303.0,4.0
2025-02-17 07:33:27,302.0,6.0,304.0,18.0,300.0,12.0,307.0,12.0,303.0,2.0,18.0,30.0,0.7016765636745644,48,-12.0,-104.0,-0.25,303.0,
2025-02-17 07:33:28,302.0,11.0,303.91,33.0,300.0,22.0,308.0,22.0,302.95,1.910000000000025,33.0,55.0,0.6914694498022691,88,-22.0,40.0,-0.25,303.0,
2025-02-17 07:33:29,297.22,67.0,302.91,33.0,294.51,70.0,308.0,22.0,300.07,5.689999999999998,137.0,55.0,1.5263911687405065,192,82.0,104.0,0.43,299.2,5.0
2025-02-17 07:33:30,297.0,112.0,301.2,56.0,294.0,112.0,304.4,35.0,299.1,4.199999999999989,224.0,91.0,1.9490946616334568,315,133.0,123.0,0.42,299.2,
2025-02-17 07:33:31,297.0,104.0,298.78,51.0,294.0,104.0,300.02,53.0,297.89,1.7799999999999727,208.0,104.0,2.299863039401916,312,104.0,-3.0,0.33,298.0,3.0
2025-02-17 07:33:32,297.04,108.0,303.23,44.0,293.54,105.0,309.32,41.0,300.13,6.189999999999998,213.0,85.0,1.8696577226878972,298,128.0,-14.0,0.43,298.0,2.0
2025-02-17 07:33:33,297.0,132.0,305.28,54.0,294.0,90.0,307.33,36.0,301.14,8.279999999999973,222.0,90.0,1.227367100751098,312,132.0,14.0,0.42,297.0,3.0
2025-02-17 07:33:34,297.0,50.0,304.64,28.0,294.0,50.0,306.82,22.0,300.82,7.639999999999986,100.0,50.0,1.330575063649649,150,50.0,-162.0,0.33,297.0,
2025-02-17 07:33:35,297.0,45.0,302.17,23.0,294.0,45.0,302.91,22.0,299.59,5.170000000000016,90.0,45.0,1.2818073178158873,135,45.0,-15.0,0.33,297.0,
2025-02-17 07:33:36,297.0,31.0,301.0,14.0,294.5,20.0,302.0,21.0,299.0,4.0,51.0,35.0,0.8752885238631337,86,16.0,-49.0,0.19,297.0,1.0
2025-02-17 07:33:37,297.94,86.0,300.3,27.0,296.38,13.0,301.43,28.0,299.12,2.3600000000000136,99.0,55.0,0.9864988596072168,154,44.0,68.0,0.29,297.8,5.0
2025-02-17 07:33:38,297.95,88.0,301.44,54.0,296.2,20.0,307.8,70.0,299.7,3.490000000000009,108.0,124.0,0.7208189786667096,232,-16.0,78.0,-0.07,299.0,3.0
2025-02-17 07:33:39,297.71,28.0,306.56,66.0,295.48,21.0,308.05,41.0,302.14,8.850000000000023,49.0,107.0,1.2817566071631177,156,-58.0,-76.0,-0.37,299.0,
2025-02-17 07:33:40,298.83,48.0,305.67,60.0,297.55,22.0,308.0,24.0,302.25,6.840000000000032,70.0,84.0,1.6224734204315117,154,-14.0,-2.0,-0.09,299.0,
2025-02-17 07:33:41,299.0,56.0,302.93,70.0,297.0,14.0,308.0,28.0,300.96,3.930000000000007,70.0,98.0,1.40981559078025,168,-28.0,14.0,-0.17,299.0,
2025-02-17 07:33:42,299.17,48.0,302.0,60.0,297.0,12.0,308.25,24.0,300.58,2.829999999999984,60.0,84.0,1.0782764024160607,144,-24.0,-24.0,-0.17,299.0,
2025-02-17 07:33:43,300.0,52.0,301.23,65.0,297.0,13.0,309.0,26.0,300.62,1.2300000000000182,65.0,91.0,0.8221921916483143,156,-26.0,12.0,-0.17,301.0,4.0
2025-02-17 07:33:44,297.62,13.0,301.0,9.0,296.07,59.0,309.0,18.0,299.31,3.3799999999999955,72.0,27.0,1.0503951637393596,99,45.0,-57.0,0.45,301.0,
2025-02-17 07:33:45,297.56,18.0,300.23,13.0,296.05,93.0,310.2,35.0,298.89,2.670000000000016,111.0,48.0,0.911685252708691,159,63.0,60.0,0.4,301.0,
2025-02-17 07:33:46,296.3,20.0,300.0,8.0,295.94,70.0,308.79,19.0,298.15,3.6999999999999886,90.0,27.0,1.078308861136758,117,63.0,-42.0,0.54,296.2,5.0
2025-02-17 07:33:47,297.32,87.0,300.0,17.0,295.98,114.0,310.36,56.0,298.66,2.680000000000007,201.0,73.0,0.9342537128669668,274,128.0,157.0,0.47,296.2,
2025-02-17 07:33:48,297.49,70.0,307.04,25.0,295.92,76.0,311.8,60.0,302.26,9.550000000000011,146.0,85.0,1.6235239450054368,231,61.0,-43.0,0.26,300.0,1.0
2025-02-17 07:33:49,297.88,68.0,309.67,45.0,296.18,119.0,312.66,58.0,303.77,11.79000000000002,187.0,103.0,2.508591238126863,290,84.0,59.0,0.29,300.0,
2025-02-17 07:33:50,298.67,24.0,310.75,24.0,297.0,84.0,312.24,62.0,304.71,12.079999999999984,108.0,86.0,2.9716241350493773,194,22.0,-96.0,0.11,299.0,3.0
2025-02-17 07:33:51,299.0,9.0,310.0,18.0,297.0,63.0,312.0,72.0,304.5,11.0,72.0,90.0,2.4954057786278296,162,-18.0,-32.0,-0.11,299.0,
2025-02-17 07:33:52,299.0,11.0,309.54,26.0,297.0,77.0,311.81,85.0,304.27,10.54000000000002,88.0,111.0,0.9822779647382106,199,-23.0,37.0,-0.12,299.0,
2025-02-17 07:33:53,297.0,16.0,309.0,18.0,296.0,6.0,310.0,12.0,303.0,12.0,22.0,30.0,0.6832642241551619,52,-8.0,-147.0,-0.15,297.29,7.0
2025-02-17 07:33:54,297.78,36.0,309.0,54.0,296.33,12.0,311.85,78.0,303.39,11.220000000000027,48.0,132.0,0.7408981036622326,180,-84.0,128.0,-0.47,297.29,
2025-02-17 07:33:55,298.08,38.0,309.0,40.0,297.81,26.0,312.0,64.0,303.54,10.920000000000016,64.0,104.0,0.6262188116066901,168,-40.0,-12.0,-0.24,297.29,
2025-02-17 07:33:56,299.4,15.0,309.0,75.0,298.0,105.0,312.0,120.0,304.2,9.600000000000025,120.0,195.0,0.5441966556402604,315,-75.0,147.0,-0.24,297.29,
2025-02-17 07:33:57,298.69,26.0,309.0,47.0,297.89,47.0,312.0,88.0,303.85,10.310000000000002,73.0,135.0,0.4555546070560397,208,-62.0,-107.0,-0.3,298.75,4.0
2025-02-17 07:33:58,298.0,32.0,308.5,12.0,297.0,8.0,310.41,34.0,303.25,10.5,40.0,46.0,0.3814839446294178,86,-6.0,-122.0,-0.07,298.75,
2025-02-17 07:33:59,299.2,60.0,306.15,39.0,297.5,24.0,308.43,21.0,302.68,6.949999999999989,84.0,60.0,0.5807150764444481,144,24.0,58.0,0.17,298.75,
2025-02-17 07:34:00,302.21,67.0,304.87,47.0,297.92,61.0,306.92,48.0,303.54,2.660000000000025,128.0,95.0,0.5807150764444481,223,33.0,79.0,0.15,304.0,4.0
2025-02-17 07:34:01,298.0,60.0,302.79,33.0,297.0,15.0,304.62,39.0,300.39,4.7900000000000205,75.0,72.0,1.3836798762752835,147,3.0,-76.0,0.02,304.0,
2025-02-17 07:34:02,298.0,60.0,300.4,30.0,297.0,15.0,303.0,30.0,299.2,2.3999999999999773,75.0,60.0,1.913888711500304,135,15.0,-12.0,0.11,304.0,
2025-02-17 07:34:03,297.28,25.0,303.64,53.0,295.47,43.0,308.06,54.0,300.46,6.360000000000014,68.0,107.0,1.7927018714799663,175,-39.0,40.0,-0.22,298.0,4.0
2025-02-17 07:34:04,296.0,11.0,301.19,16.0,295.0,44.0,303.71,35.0,298.59,5.189999999999998,55.0,51.0,1.908724705138755,106,4.0,-69.0,0.04,298.0,
2025-02-17 07:34:05,296.0,13.0,299.92,24.0,295.0,52.0,301.47,15.0,297.96,3.920000000000016,65.0,39.0,1.1001590794089464,104,26.0,-2.0,0.25,298.0,
2025-02-17 07:34:06,295.47,15.0,298.44,9.0,294.82,34.0,300.0,18.0,296.96,2.9699999999999704,49.0,27.0,1.3146406353088618,76,22.0,-28.0,0.29,298.0,
2025-02-17 07:34:07,296.19,48.0,297.52,21.0,294.84,45.0,303.78,27.0,296.86,1.329999999999984,93.0,48.0,1.4700952350119407,141,45.0,65.0,0.32,297.0,2.0
2025-02-17 07:34:08,298.86,136.0,304.41,29.0,298.37,82.0,307.87,45.0,301.64,5.550000000000011,218.0,74.0,1.9475933867224589,292,144.0,151.0,0.49,298.0,5.0
2025-02-17 07:34:09,301.82,121.0,305.0,22.0,299.91,99.0,308.0,33.0,303.41,3.180000000000007,220.0,55.0,2.982059690885829,275,165.0,-17.0,0.6,298.0,
2025-02-17 07:34:10,302.0,99.0,305.0,18.0,300.0,81.0,308.0,27.0,303.5,3.0,180.0,45.0,3.337121514120691,225,135.0,-50.0,0.6,298.0,
2025-02-17 07:34:11,302.0,110.0,305.0,20.0,300.0,90.0,308.7,30.0,303.5,3.0,200.0,50.0,2.8635502440167606,250,150.0,25.0,0.6,298.0,
2025-02-17 07:34:12,302.0,44.0,305.0,8.0,300.0,36.0,306.0,16.0,303.5,3.0,80.0,24.0,0.8226785520541265,104,56.0,-146.0,0.54,298.0,
2025-02-17 07:34:13,302.0,66.0,305.0,12.0,300.0,69.0,306.0,24.0,303.5,3.0,135.0,36.0,0.0402492237225998,171,99.0,67.0,0.58,298.0,
2025-02-17 07:34:14,302.0,110.0,303.3,20.0,300.0,90.0,304.45,22.0,302.65,1.3000000000000114,200.0,42.0,0.3801315561882554,242,158.0,71.0,0.65,298.0,
2025-02-17 07:34:15,302.0,101.0,303.18,22.0,300.24,83.0,304.91,22.0,302.59,1.1800000000000068,184.0,44.0,0.4824624337810075,228,140.0,-14.0,0.61,302.0,2.0
2025-02-17 07:34:16,302.0,86.0,307.45,29.0,300.1,100.0,311.25,40.0,304.72,5.449999999999989,186.0,69.0,0.8632322978261564,255,117.0,27.0,0.46,302.0,2.0
2025-02-17 07:34:17,302.0,42.0,310.0,18.0,300.0,54.0,313.0,24.0,306.0,8.0,96.0,42.0,1.4595101918146665,138,54.0,-117.0,0.39,302.0,
2025-02-17 07:34:18,302.0,67.0,304.0,50.0,300.0,90.0,310.0,30.0,303.0,2.0,157.0,80.0,1.5093607918621534,237,77.0,99.0,0.32,302.0,1.0
2025-02-17 07:34:19,302.0,30.0,304.0,45.0,300.0,81.0,310.0,27.0,303.0,2.0,111.0,72.0,1.4501103406330245,183,39.0,-54.0,0.21,302.0,4.0
2025-02-17 07:34:20,301.57,28.0,304.0,60.0,299.92,103.0,310.0,36.0,302.79,2.430000000000007,131.0,96.0,1.4084104515413314,227,35.0,44.0,0.15,300.8,5.0
2025-02-17 07:34:21,302.59,88.0,304.0,55.0,299.74,62.0,310.0,33.0,303.3,1.410000000000025,150.0,88.0,1.3439196404586309,238,62.0,11.0,0.26,303.0,1.0
2025-02-17 07:34:22,303.0,104.0,304.0,65.0,300.0,78.0,310.0,39.0,303.5,1.0,182.0,104.0,0.2803925819449322,286,78.0,48.0,0.27,303.0,
2025-02-17 07:34:23,303.0,101.0,304.0,65.0,300.0,78.0,310.0,39.0,303.5,1.0,179.0,104.0,0.3148332892339777,283,75.0,-3.0,0.27,303.0,1.0
2025-02-17 07:34:24,303.0,63.0,304.0,45.0,300.0,54.0,310.0,27.0,303.5,1.0,117.0,72.0,0.3076036410870757,189,45.0,-94.0,0.24,303.0,
2025-02-17 07:34:25,303.0,98.0,304.0,70.0,300.0,84.0,310.0,42.0,303.5,1.0,182.0,112.0,0.0894427191572515,294,70.0,105.0,0.24,303.0,
2025-02-17 07:34:26,303.0,70.0,306.25,40.0,300.0,60.0,311.14,35.0,304.62,3.25,130.0,75.0,0.5008792269705671,205,55.0,-89.0,0.27,303.0,1.0
2025-02-17 07:34:27,303.0,61.0,307.0,36.0,300.0,72.0,311.14,42.0,305.0,4.0,133.0,78.0,0.7299863012489065,211,55.0,6.0,0.26,303.0,1.0
2025-02-17 07:34:28,300.75,32.0,304.0,24.0,299.2,40.0,310.0,24.0,302.38,3.25,72.0,48.0,1.0378824596315084,120,24.0,-91.0,0.2,303.0,4.0
2025-02-17 07:34:29,302.6,90.0,304.0,24.0,299.64,44.0,310.0,24.0,303.3,1.3999999999999773,134.0,48.0,1.0560303026005913,182,86.0,62.0,0.47,303.0,
2025-02-17 07:34:30,303.0,156.0,304.0,36.0,300.0,72.0,310.0,36.0,303.5,1.0,228.0,72.0,1.0560303026005913,300,156.0,118.0,0.52,303.0,
2025-02-17 07:34:31,303.0,98.0,304.0,33.0,299.6,60.0,310.0,33.0,303.5,1.0,158.0,66.0,0.9404679686254068,224,92.0,-76.0,0.41,303.0,5.0
2025-02-17 07:34:32,303.0,40.0,304.0,15.0,298.77,35.0,310.0,15.0,303.5,1.0,75.0,30.0,0.4862920933040363,105,45.0,-119.0,0.43,303.0,
2025-02-17 07:34:33,303.0,94.0,304.0,36.0,299.0,108.0,310.0,36.0,303.5,1.0,202.0,72.0,0.0894427191574554,274,130.0,169.0,0.47,303.0,1.0
2025-02-17 07:34:34,303.0,70.0,304.0,30.0,299.0,90.0,310.0,30.0,303.5,1.0,160.0,60.0,0.0,220,100.0,-54.0,0.45,303.0,
2025-02-17 07:34:35,303.0,53.0,304.0,24.0,299.0,72.0,310.0,24.0,303.5,1.0,125.0,48.0,0.0,173,77.0,-47.0,0.45,303.0,3.0
2025-02-17 07:34:36,303.0,36.0,304.0,30.0,299.0,90.0,310.0,30.0,303.5,1.0,126.0,60.0,0.0,186,66.0,13.0,0.35,303.0,1.0
2025-02-17 07:34:37,303.0,36.0,304.0,36.0,299.0,108.0,310.0,36.0,303.5,1.0,144.0,72.0,0.0,216,72.0,30.0,0.33,303.0,
2025-02-17 07:34:38,301.5,24.0,304.0,18.0,298.92,49.0,310.0,18.0,302.75,2.5,73.0,36.0,0.3354101966401151,109,37.0,-107.0,0.34,303.0,3.0
2025-02-17 07:34:39,299.0,78.0,303.61,36.0,298.0,64.0,308.62,48.0,301.31,4.610000000000014,142.0,84.0,0.9526121981213818,226,58.0,117.0,0.26,299.0,5.0
2025-02-17 07:34:40,299.0,60.0,304.0,45.0,297.15,104.0,312.33,45.0,301.5,5.0,164.0,90.0,1.0580500933364103,254,74.0,28.0,0.29,299.0,
2025-02-17 07:34:41,299.82,44.0,304.91,33.0,298.24,58.0,316.0,33.0,302.36,5.090000000000032,102.0,66.0,0.903454481426112,168,36.0,-86.0,0.21,299.0,
2025-02-17 07:34:42,301.59,68.0,308.43,61.0,299.0,68.0,312.24,63.0,305.01,6.840000000000032,136.0,124.0,1.4799763511655304,260,12.0,92.0,0.05,299.0,
2025-02-17 07:34:43,302.0,56.0,305.79,70.0,299.0,56.0,310.0,84.0,303.89,3.790000000000021,112.0,154.0,1.5949075208329409,266,-42.0,6.0,-0.16,299.0,
2025-02-17 07:34:44,302.0,52.0,304.46,65.0,297.9,80.0,310.0,72.0,303.23,2.4599999999999795,132.0,137.0,1.3554224433769293,269,-5.0,3.0,-0.02,299.0,
2025-02-17 07:34:45,301.4,60.0,304.42,69.0,298.19,81.0,310.4,45.0,302.91,3.0200000000000387,141.0,114.0,1.0186756107859731,255,27.0,-14.0,0.11,302.0,4.0
2025-02-17 07:34:46,299.0,52.0,308.73,15.0,297.0,143.0,310.15,39.0,303.87,9.730000000000018,195.0,54.0,0.8050590040552724,249,141.0,-6.0,0.57,302.0,
2025-02-17 07:34:47,299.0,44.0,307.0,11.0,297.0,121.0,310.0,33.0,303.0,8.0,165.0,44.0,0.4711687595863302,209,121.0,-40.0,0.58,302.0,
2025-02-17 07:34:48,299.0,28.0,306.14,7.0,297.0,77.0,310.71,21.0,302.57,7.139999999999986,105.0,28.0,0.4836114142676074,133,77.0,-76.0,0.58,302.0,
2025-02-17 07:34:49,299.0,32.0,305.12,8.0,297.0,88.0,311.0,24.0,302.06,6.1200000000000045,120.0,32.0,0.6640557205609674,152,88.0,19.0,0.58,302.0,
2025-02-17 07:34:50,299.0,20.0,305.0,9.0,297.0,99.0,310.0,27.0,302.0,6.0,119.0,36.0,0.7706166362138934,155,83.0,3.0,0.54,299.0,2.0
2025-02-17 07:34:51,299.0,22.0,303.18,11.0,297.0,121.0,310.0,33.0,301.09,4.180000000000007,143.0,44.0,0.7164007258575482,187,99.0,32.0,0.53,299.0,
2025-02-17 07:34:52,299.0,18.0,301.82,17.0,297.0,99.0,304.91,11.0,300.41,2.819999999999993,117.0,28.0,0.8639039298491827,145,89.0,-42.0,0.61,299.0,
2025-02-17 07:34:53,299.0,26.0,300.56,18.0,297.0,143.0,301.48,21.0,299.78,1.5600000000000025,169.0,39.0,0.9931112727225216,208,130.0,63.0,0.62,299.0,
2025-02-17 07:34:54,299.0,26.0,307.55,53.0,297.0,143.0,306.0,16.0,303.27,8.550000000000011,169.0,69.0,1.3708573959419186,238,100.0,30.0,0.42,300.67,3.0
2025-02-17 07:34:55,297.48,66.0,308.0,65.0,296.43,123.0,309.0,13.0,302.74,10.519999999999982,189.0,78.0,1.4980220292134434,267,111.0,29.0,0.42,298.33,3.0
2025-02-17 07:34:56,299.55,55.0,308.0,50.0,296.57,60.0,309.0,10.0,303.77,8.449999999999989,115.0,60.0,1.7853375031094507,175,55.0,-92.0,0.31,297.0,3.0
2025-02-17 07:34:57,302.0,52.0,308.0,65.0,301.0,26.0,309.0,13.0,305.0,6.0,78.0,78.0,1.940559197759698,156,0.0,-19.0,0.0,297.0,
2025-02-17 07:34:58,302.0,24.0,308.0,30.0,301.0,12.0,309.0,6.0,305.0,6.0,36.0,36.0,1.0202597708478676,72,0.0,-84.0,0.0,297.0,
2025-02-17 07:34:59,301.44,36.0,307.57,61.0,298.17,23.0,308.17,42.0,304.51,6.129999999999996,59.0,103.0,0.9607965445455844,162,-44.0,90.0,-0.27,302.0,4.0
2025-02-17 07:35:00,301.0,22.0,305.36,55.0,297.0,22.0,308.0,55.0,303.18,4.360000000000014,44.0,110.0,0.7998562370894026,154,-66.0,-8.0,-0.43,302.0,
2025-02-17 07:35:01,301.0,22.0,305.0,55.0,297.0,22.0,308.0,55.0,303.0,4.0,44.0,110.0,0.979448824600191,154,-66.0,0.0,-0.43,302.0,
2025-02-17 07:35:02,301.0,28.0,304.21,70.0,297.0,28.0,310.92,72.0,302.61,3.2099999999999795,56.0,142.0,1.0352052936545086,198,-86.0,44.0,-0.43,302.0,
2025-02-17 07:35:03,301.0,20.0,304.0,50.0,296.33,12.0,313.0,87.0,302.5,3.0,32.0,137.0,0.8041455092269777,169,-105.0,-29.0,-0.62,302.0,
2025-02-17 07:35:04,301.0,30.0,303.6,75.0,296.53,15.0,312.89,111.0,302.3,2.6000000000000227,45.0,186.0,0.3629325006245157,231,-141.0,62.0,-0.61,302.0,
2025-02-17 07:35:05,298.44,25.0,303.0,75.0,291.92,26.0,312.0,48.0,300.72,4.560000000000002,51.0,123.0,0.8796476567405682,174,-72.0,-57.0,-0.41,298.0,5.0
2025-02-17 07:35:06,294.0,14.0,301.79,70.0,293.0,14.0,311.75,32.0,297.89,7.79000000000002,28.0,102.0,2.0046520895178954,130,-74.0,-44.0,-0.57,298.0,
2025-02-17 07:35:07,294.0,15.0,300.91,66.0,293.0,15.0,308.22,51.0,297.45,6.910000000000025,30.0,117.0,2.390872225780309,147,-87.0,17.0,-0.59,298.0,
2025-02-17 07:35:08,288.32,114.0,298.19,42.0,287.35,102.0,300.81,84.0,293.25,9.870000000000005,216.0,126.0,3.4730059026736684,342,90.0,176.0,0.26,293.5,2.0
2025-02-17 07:35:09,288.49,140.0,291.67,54.0,287.53,136.0,296.08,71.0,290.08,3.180000000000007,276.0,125.0,4.197841111810225,401,151.0,59.0,0.38,289.0,2.0
2025-02-17 07:35:10,286.95,144.0,294.29,85.0,279.35,79.0,307.0,85.0,290.62,7.340000000000032,223.0,170.0,3.683988327886268,393,53.0,-8.0,0.13,286.88,8.0
2025-02-17 07:35:11,284.53,129.0,292.65,100.0,277.37,139.0,302.11,36.0,288.59,8.120000000000005,268.0,136.0,3.481518346928641,404,132.0,11.0,0.33,286.88,
2025-02-17 07:35:12,288.0,60.0,293.33,49.0,287.0,12.0,301.94,32.0,290.66,5.329999999999984,72.0,81.0,1.682928994342764,153,-9.0,-176.0,-0.06,292.0,6.0
2025-02-17 07:35:13,288.89,55.0,301.6,15.0,286.55,55.0,303.87,75.0,295.25,12.710000000000036,110.0,90.0,2.498449519201845,200,20.0,47.0,0.1,291.0,1.0
2025-02-17 07:35:14,289.14,35.0,299.86,7.0,284.0,35.0,304.51,35.0,294.5,10.720000000000027,70.0,42.0,2.833360195951223,112,28.0,-88.0,0.25,291.0,
2025-02-17 07:35:15,290.0,60.0,297.33,12.0,284.0,60.0,303.75,48.0,293.67,7.329999999999984,120.0,60.0,2.8106636227057336,180,60.0,68.0,0.33,291.0,
2025-02-17 07:35:16,290.92,60.0,296.25,12.0,284.67,60.0,303.0,48.0,293.58,5.329999999999984,120.0,60.0,1.743436262099109,180,60.0,0.0,0.33,291.0,
2025-02-17 07:35:17,291.27,75.0,294.52,29.0,285.0,75.0,301.56,39.0,292.89,3.25,150.0,68.0,0.9120690763327932,218,82.0,38.0,0.38,291.0,
2025-02-17 07:35:18,292.14,72.0,294.15,34.0,284.5,72.0,297.77,22.0,293.14,2.009999999999991,144.0,56.0,0.6167090075571652,200,88.0,-18.0,0.44,293.0,4.0
2025-02-17 07:35:19,293.0,12.0,302.0,6.0,283.6,10.0,303.0,24.0,297.5,9.0,22.0,30.0,1.896399219574492,52,-8.0,-148.0,-0.15,293.0,
2025-02-17 07:35:20,295.33,30.0,301.61,18.0,289.39,33.0,302.96,48.0,298.47,6.28000000000003,63.0,66.0,2.652909723304525,129,-3.0,77.0,-0.02,301.0,1.0
2025-02-17 07:35:21,297.2,40.0,302.28,36.0,294.93,30.0,303.06,51.0,299.74,5.079999999999984,70.0,87.0,3.145817858682354,157,-17.0,28.0,-0.11,297.71,7.0
2025-02-17 07:35:22,297.62,21.0,302.68,38.0,295.67,12.0,303.4,20.0,300.15,5.060000000000002,33.0,58.0,2.808050925465236,91,-25.0,-66.0,-0.27,301.0,2.0
2025-02-17 07:35:23,298.9,20.0,303.0,40.0,296.0,10.0,304.0,10.0,300.95,4.100000000000023,30.0,50.0,1.3737066644693916,80,-20.0,-11.0,-0.25,301.0,
2025-02-17 07:35:24,301.0,18.0,304.48,33.0,296.0,9.0,306.53,30.0,302.74,3.480000000000018,27.0,63.0,1.581186263540325,90,-36.0,10.0,-0.4,301.0,
2025-02-17 07:35:25,301.0,14.0,305.0,28.0,296.0,7.0,307.0,28.0,303.0,4.0,21.0,56.0,1.4866842300937653,77,-35.0,-13.0,-0.45,301.0,
2025-02-17 07:35:26,297.8,80.0,304.4,35.0,288.34,32.0,305.5,80.0,301.1,6.599999999999966,112.0,115.0,1.228197866799054,227,-3.0,150.0,-0.01,299.33,3.0
2025-02-17 07:35:27,294.65,34.0,299.31,13.0,284.82,73.0,304.72,43.0,296.98,4.660000000000025,107.0,56.0,2.4077956723960354,163,51.0,-64.0,0.31,299.33,
2025-02-17 07:35:28,287.53,19.0,290.23,13.0,284.98,85.0,293.31,13.0,288.88,2.700000000000045,104.0,26.0,5.912579809187088,130,78.0,-33.0,0.6,289.0,1.0
2025-02-17 07:35:29,285.0,84.0,289.43,14.0,283.0,12.0,298.39,23.0,287.21,4.430000000000007,96.0,37.0,7.112086894857518,133,59.0,3.0,0.44,289.0,1.0
2025-02-17 07:35:30,285.19,43.0,300.18,22.0,284.47,19.0,304.62,32.0,292.68,14.990000000000007,62.0,54.0,5.730767836861148,116,8.0,-17.0,0.07,290.0,2.0
2025-02-17 07:35:31,286.39,80.0,300.05,21.0,285.49,51.0,304.24,45.0,293.22,13.660000000000023,131.0,66.0,3.847646033615976,197,65.0,81.0,0.33,289.0,1.0
2025-02-17 07:35:32,288.64,22.0,302.0,7.0,286.37,43.0,303.71,28.0,295.32,13.360000000000014,65.0,35.0,3.3243224873649635,100,30.0,-97.0,0.3,293.0,1.0
2025-02-17 07:35:33,290.9,40.0,302.0,10.0,286.0,70.0,303.0,40.0,296.45,11.100000000000025,110.0,50.0,3.5692057940109967,160,60.0,60.0,0.38,293.0,
2025-02-17 07:35:34,293.56,18.0,302.0,6.0,288.67,24.0,303.0,24.0,297.78,8.439999999999998,42.0,30.0,2.147300631025709,72,12.0,-88.0,0.17,293.0,
2025-02-17 07:35:35,295.43,28.0,302.0,9.0,294.0,9.0,303.0,36.0,298.71,6.569999999999993,37.0,45.0,2.148704260712601,82,-8.0,10.0,-0.1,295.0,1.0
2025-02-17 07:35:36,297.29,21.0,302.0,7.0,294.9,20.0,303.0,28.0,299.64,4.70999999999998,41.0,35.0,1.7280769658801851,76,6.0,-6.0,0.08,295.0,
2025-02-17 07:35:37,298.0,18.0,302.0,14.0,296.0,18.0,303.83,24.0,300.0,4.0,36.0,38.0,1.441641425600183,74,-2.0,-2.0,-0.03,295.0,
2025-02-17 07:35:38,298.0,27.0,301.15,33.0,296.0,27.0,302.89,27.0,299.58,3.1499999999999773,54.0,60.0,0.8968946426460098,114,-6.0,40.0,-0.05,295.0,
2025-02-17 07:35:39,296.2,30.0,299.95,38.0,295.03,111.0,301.64,22.0,298.07,3.75,141.0,60.0,0.7897784499510939,201,81.0,87.0,0.4,298.0,3.0
2025-02-17 07:35:40,297.45,146.0,299.0,34.0,296.0,51.0,300.0,68.0,298.22,1.5500000000000114,197.0,102.0,0.8898426827293848,299,95.0,98.0,0.32,298.0,1.0
2025-02-17 07:35:41,298.0,102.0,299.83,36.0,296.0,54.0,300.92,51.0,298.92,1.829999999999984,156.0,87.0,0.8377469785125332,243,69.0,-56.0,0.28,298.0,6.0
2025-02-17 07:35:42,298.0,30.0,301.31,39.0,295.48,115.0,303.25,24.0,299.65,3.3100000000000023,145.0,63.0,0.7375432190772235,208,82.0,-35.0,0.39,298.0,
2025-02-17 07:35:43,298.0,18.0,299.56,27.0,296.0,72.0,303.0,18.0,298.78,1.5600000000000025,90.0,45.0,0.6286254846938908,135,45.0,-73.0,0.33,298.0,
2025-02-17 07:35:44,298.0,28.0,301.4,35.0,296.0,112.0,308.09,33.0,299.7,3.3999999999999773,140.0,68.0,0.6247239390378536,208,72.0,73.0,0.35,299.0,3.0
2025-02-17 07:35:45,296.46,71.0,305.0,32.0,295.48,138.0,307.41,78.0,300.73,8.54000000000002,209.0,110.0,0.7769362908292557,319,99.0,111.0,0.31,298.33,3.0
2025-02-17 07:35:46,296.0,96.0,305.0,24.0,295.0,144.0,307.0,60.0,300.5,9.0,240.0,84.0,0.77489999355263,324,156.0,5.0,0.48,298.33,
2025-02-17 07:35:47,296.71,28.0,305.0,10.0,295.31,52.0,307.0,25.0,300.86,8.29000000000002,80.0,35.0,0.8711945821733129,115,45.0,-176.0,0.39,298.33,
2025-02-17 07:35:48,301.0,16.0,305.0,24.0,296.0,96.0,307.0,60.0,303.0,4.0,112.0,84.0,1.2271593213633678,196,28.0,81.0,0.14,301.0,1.0
2025-02-17 07:35:49,301.0,12.0,306.76,51.0,296.0,96.0,314.6,45.0,303.88,5.759999999999991,108.0,96.0,1.539863630328956,204,12.0,8.0,0.06,301.0,
2025-02-17 07:35:50,301.0,12.0,305.0,48.0,296.0,96.0,309.5,60.0,303.0,4.0,108.0,108.0,1.4812562236191102,216,0.0,12.0,0.0,301.0,
2025-02-17 07:35:51,301.0,5.0,305.0,20.0,296.0,40.0,310.0,25.0,303.0,4.0,45.0,45.0,1.1221051644168014,90,0.0,-126.0,0.0,301.0,
2025-02-17 07:35:52,301.0,9.0,305.0,36.0,296.0,72.0,310.0,45.0,303.0,4.0,81.0,81.0,0.3935479640543459,162,0.0,72.0,0.0,301.0,
2025-02-17 07:35:53,301.0,6.0,305.0,24.0,296.0,48.0,310.0,30.0,303.0,4.0,54.0,54.0,0.3935479640543459,108,0.0,-54.0,0.0,301.0,
2025-02-17 07:35:54,301.0,5.0,305.0,20.0,296.0,40.0,310.0,25.0,303.0,4.0,45.0,45.0,0.0,90,0.0,-18.0,0.0,301.0,
2025-02-17 07:35:55,301.0,8.0,305.0,32.0,296.0,64.0,310.0,40.0,303.0,4.0,72.0,72.0,0.0,144,0.0,54.0,0.0,301.0,
2025-02-17 07:35:56,296.91,22.0,305.0,28.0,295.84,38.0,310.0,35.0,300.95,8.089999999999975,60.0,63.0,0.9167878707807636,123,-3.0,-21.0,-0.02,297.67,3.0
2025-02-17 07:35:57,296.0,78.0,304.38,52.0,295.0,26.0,307.19,57.0,300.19,8.379999999999995,104.0,109.0,1.357818102696446,213,-5.0,90.0,-0.02,297.67,
2025-02-17 07:35:58,296.07,58.0,304.0,44.0,295.4,30.0,305.0,44.0,300.03,7.930000000000007,88.0,88.0,1.4712001903240874,176,0.0,-37.0,0.0,297.67,
2025-02-17 07:35:59,296.05,88.0,303.38,64.0,295.3,40.0,305.62,64.0,299.71,7.329999999999984,128.0,128.0,1.3240770370371444,256,0.0,80.0,0.0,297.0,2.0
2025-02-17 07:36:00,296.0,48.0,303.0,32.0,295.0,16.0,305.0,32.0,299.5,7.0,64.0,64.0,0.5578351010903466,128,0.0,-128.0,0.0,297.0,
2025-02-17 07:36:01,296.0,91.0,301.85,53.0,294.03,136.0,304.32,38.0,298.92,5.850000000000023,227.0,91.0,0.4982469267423108,318,136.0,176.0,0.43,296.0,4.0
2025-02-17 07:36:02,294.62,96.0,297.5,40.0,293.9,116.0,299.57,28.0,296.06,2.8799999999999955,212.0,68.0,1.60805161608934,280,144.0,-38.0,0.51,296.0,3.0
2025-02-17 07:36:03,294.0,136.0,295.02,40.0,292.0,14.0,303.6,43.0,294.51,1.0199999999999818,150.0,83.0,2.325198916223476,233,67.0,-47.0,0.29,294.0,4.0
2025-02-17 07:36:04,294.0,130.0,300.62,37.0,292.0,11.0,305.83,48.0,297.31,6.6200000000000045,141.0,85.0,2.048060057714744,226,56.0,-7.0,0.25,294.0,3.0
2025-02-17 07:36:05,294.12,85.0,296.41,22.0,293.94,155.0,304.38,58.0,295.26,2.2900000000000205,240.0,80.0,1.7439237368663552,320,160.0,94.0,0.5,296.0,1.0
2025-02-17 07:36:06,294.29,21.0,299.6,10.0,293.98,91.0,305.56,27.0,296.94,5.310000000000002,112.0,37.0,1.1586328150046474,149,75.0,-171.0,0.5,296.0,1.0
2025-02-17 07:36:07,294.0,50.0,304.38,21.0,292.0,5.0,308.18,22.0,299.19,10.379999999999995,55.0,43.0,1.8359384521290776,98,12.0,-51.0,0.12,294.0,5.0
2025-02-17 07:36:08,294.0,100.0,303.95,66.0,292.0,10.0,309.31,61.0,298.98,9.949999999999989,110.0,127.0,1.6130189087567748,237,-17.0,139.0,-0.07,294.0,
2025-02-17 07:36:09,294.0,100.0,302.9,30.0,292.0,10.0,304.2,40.0,298.45,8.899999999999977,110.0,70.0,1.6531575847471662,180,40.0,-57.0,0.22,294.0,
2025-02-17 07:36:10,294.0,110.0,301.82,33.0,292.0,11.0,305.0,44.0,297.91,7.819999999999993,121.0,77.0,0.9053341924436008,198,44.0,18.0,0.22,294.0,
2025-02-17 07:36:11,294.0,110.0,300.55,33.0,292.0,11.0,305.0,74.0,297.27,6.550000000000011,121.0,107.0,0.7861297602861497,228,14.0,30.0,0.06,294.0,
2025-02-17 07:36:12,294.0,140.0,298.5,42.0,292.0,14.0,305.0,95.0,296.25,4.5,154.0,137.0,1.0614235723814789,291,17.0,63.0,0.06,294.0,
2025-02-17 07:36:13,294.0,172.0,296.92,39.0,292.0,13.0,305.55,49.0,295.46,2.920000000000016,185.0,88.0,1.215985197280976,273,97.0,-18.0,0.36,294.0,
2025-02-17 07:36:14,294.0,158.0,295.1,30.0,292.0,10.0,300.2,30.0,294.55,1.1000000000000227,168.0,60.0,1.351192066290275,228,108.0,-45.0,0.47,294.0,3.0
2025-02-17 07:36:15,294.0,133.0,300.73,33.0,292.0,11.0,309.35,46.0,297.36,6.730000000000018,144.0,79.0,1.200070831245258,223,65.0,-5.0,0.29,294.0,3.0
2025-02-17 07:36:16,294.0,132.0,302.11,45.0,292.0,12.0,304.13,38.0,298.06,8.110000000000014,144.0,83.0,1.412915425638005,227,61.0,4.0,0.27,301.0,1.0
2025-02-17 07:36:17,294.0,110.0,299.1,30.0,292.0,10.0,304.0,30.0,296.55,5.100000000000023,120.0,60.0,1.414719053383347,180,60.0,-47.0,0.33,301.0,
2025-02-17 07:36:18,294.0,101.0,299.0,30.0,287.09,22.0,304.0,30.0,296.5,5.0,123.0,60.0,1.3156861327862477,183,63.0,3.0,0.34,294.0,5.0
2025-02-17 07:36:19,294.0,141.0,298.0,42.0,286.0,42.0,305.57,54.0,296.0,4.0,183.0,96.0,0.8138673110564502,279,87.0,96.0,0.31,294.0,1.0
2025-02-17 07:36:20,292.99,71.0,296.9,30.0,287.85,39.0,305.0,50.0,294.94,3.909999999999968,110.0,80.0,1.1268540278163166,190,30.0,-89.0,0.16,294.0,5.0
2025-02-17 07:36:21,292.14,180.0,295.5,54.0,288.59,74.0,303.52,73.0,293.82,3.3600000000000136,254.0,127.0,1.169324591379649,381,127.0,176.0,0.33,292.0,4.0
2025-02-17 07:36:22,293.76,66.0,298.5,48.0,291.56,110.0,303.45,62.0,296.13,4.740000000000009,176.0,110.0,1.093215440800718,286,66.0,-95.0,0.23,294.0,6.0
2025-02-17 07:36:23,292.0,96.0,303.23,22.0,284.8,20.0,305.16,58.0,297.61,11.230000000000018,116.0,80.0,1.417303778307714,196,36.0,-90.0,0.18,294.0,
2025-02-17 07:36:24,292.0,89.0,301.06,53.0,286.0,12.0,302.73,30.0,296.53,9.060000000000002,101.0,83.0,1.4643872438687136,184,18.0,-12.0,0.1,292.0,1.0
2025-02-17 07:36:25,292.72,54.0,299.24,17.0,291.61,46.0,300.23,65.0,295.98,6.519999999999982,100.0,82.0,1.3821830558958483,182,18.0,-2.0,0.1,292.0,
2025-02-17 07:36:26,294.14,28.0,298.0,14.0,292.0,98.0,301.62,53.0,296.07,3.8600000000000136,126.0,67.0,0.6742996366645493,193,59.0,11.0,0.31,292.0,
2025-02-17 07:36:27,293.28,76.0,297.89,19.0,290.78,64.0,301.0,38.0,295.59,4.610000000000014,140.0,57.0,0.7766466377998801,197,83.0,4.0,0.42,295.29,7.0
2025-02-17 07:36:28,292.0,49.0,297.0,7.0,287.0,21.0,300.43,14.0,294.5,5.0,70.0,21.0,0.7665702838000584,91,49.0,-106.0,0.54,295.29,
2025-02-17 07:36:29,292.0,21.0,297.0,3.0,287.0,9.0,300.0,6.0,294.5,5.0,30.0,9.0,0.7770907282968671,39,21.0,-52.0,0.54,295.29,
2025-02-17 07:36:30,292.33,84.0,297.0,15.0,290.36,73.0,300.0,30.0,294.67,4.670000000000016,157.0,45.0,0.721131056053403,202,112.0,163.0,0.55,295.29,
2025-02-17 07:36:31,293.7,40.0,295.2,10.0,292.0,70.0,299.2,20.0,294.45,1.5,110.0,30.0,0.481321098648713,140,80.0,-62.0,0.57,295.29,
2025-02-17 07:36:32,294.0,49.0,297.0,21.0,292.0,98.0,302.0,42.0,295.5,3.0,147.0,63.0,0.4417352148113232,210,84.0,70.0,0.4,294.0,1.0
2025-02-17 07:36:33,294.0,24.0,297.29,28.0,292.0,56.0,302.0,24.0,295.64,3.2900000000000205,80.0,52.0,0.5721625643159687,132,28.0,-78.0,0.21,294.0,
2025-02-17 07:36:34,295.49,51.0,297.0,90.0,293.33,63.0,298.0,36.0,296.25,1.509999999999991,114.0,126.0,0.7378143397935485,240,-12.0,108.0,-0.05,294.0,
2025-02-17 07:36:35,296.0,23.0,297.0,23.0,292.0,49.0,298.0,14.0,296.5,1.0,72.0,37.0,0.7974145722304004,109,35.0,-131.0,0.32,297.0,3.0
2025-02-17 07:36:36,293.25,51.0,297.0,26.0,289.95,65.0,298.0,26.0,295.13,3.75,116.0,52.0,0.5605622177827735,168,64.0,59.0,0.38,297.0,
2025-02-17 07:36:37,293.2,90.0,296.0,90.0,288.76,59.0,297.0,36.0,294.6,2.800000000000012,149.0,126.0,0.7829623234903056,275,23.0,107.0,0.08,292.0,3.0
2025-02-17 07:36:38,292.55,44.0,297.64,33.0,290.8,30.0,301.13,15.0,295.09,5.089999999999975,74.0,48.0,0.8180036674766323,122,26.0,-153.0,0.21,295.0,4.0
2025-02-17 07:36:39,292.0,24.0,299.0,18.0,288.57,21.0,303.0,9.0,295.5,7.0,45.0,27.0,0.7110766484740287,72,18.0,-50.0,0.25,292.0,2.0
2025-02-17 07:36:40,292.0,18.0,297.7,20.0,284.0,45.0,299.73,11.0,294.85,5.699999999999989,63.0,31.0,0.336050591436331,94,32.0,22.0,0.34,292.0,
2025-02-17 07:36:41,284.59,54.0,296.0,30.0,283.25,40.0,298.15,26.0,290.3,11.410000000000023,94.0,56.0,2.1323390912337747,150,38.0,56.0,0.25,297.0,4.0
2025-02-17 07:36:44,285.69,78.0,297.3,23.0,284.62,55.0,300.9,42.0,291.5,11.610000000000014,133.0,65.0,4.059184647191952,198,68.0,-120.0,0.34,286.0,3.0
2025-02-17 07:36:45,287.67,110.0,296.43,42.0,285.83,58.0,300.82,66.0,292.05,8.759999999999991,168.0,108.0,3.2518579304757727,276,60.0,78.0,0.22,290.0,4.0
2025-02-17 07:36:46,293.84,45.0,299.0,24.0,292.22,54.0,301.0,48.0,296.42,5.160000000000025,99.0,72.0,4.710012738836235,171,27.0,-105.0,0.16,290.0,
2025-02-17 07:36:47,295.68,50.0,298.68,38.0,293.88,80.0,300.79,58.0,297.18,3.0,130.0,96.0,4.676184341961113,226,34.0,55.0,0.15,297.0,3.0
2025-02-17 07:36:48,294.0,75.0,296.0,52.0,292.0,75.0,297.42,38.0,295.0,2.0,150.0,90.0,2.554251358031222,240,60.0,14.0,0.25,297.0,
2025-02-17 07:36:49,294.0,44.0,295.0,56.0,292.0,70.0,302.33,42.0,294.5,1.0,114.0,98.0,1.9822209765828351,212,16.0,-28.0,0.08,294.0,3.0
2025-02-17 07:36:50,292.63,19.0,301.25,32.0,287.0,40.0,305.62,32.0,296.94,8.620000000000005,59.0,64.0,1.1939514227999672,123,-5.0,-89.0,-0.04,292.67,6.0
2025-02-17 07:36:51,289.38,16.0,304.5,36.0,284.64,25.0,305.26,76.0,296.94,15.120000000000005,41.0,112.0,1.2596507452489265,153,-71.0,30.0,-0.46,285.6,5.0
2025-02-17 07:36:52,293.0,26.0,302.08,26.0,291.0,13.0,305.0,104.0,297.54,9.079999999999984,39.0,130.0,1.3434582241388318,169,-91.0,16.0,-0.54,285.6,
2025-02-17 07:36:53,291.41,34.0,301.27,30.0,288.12,24.0,306.38,126.0,296.34,9.859999999999957,58.0,156.0,1.1707775194316616,214,-98.0,45.0,-0.46,293.0,2.0
2025-02-17 07:36:54,284.0,108.0,292.04,51.0,283.0,88.0,301.82,62.0,288.02,8.04000000000002,196.0,113.0,4.011643054909692,309,83.0,95.0,0.27,288.0,2.0
2025-02-17 07:36:59,292.5,42.0,298.0,50.0,285.91,22.0,300.0,20.0,295.25,5.5,64.0,70.0,4.139305497302355,134,-6.0,-72.0,-0.04,288.0,
2025-02-17 07:37:00,295.51,41.0,298.0,55.0,292.96,47.0,300.0,22.0,296.76,2.490000000000009,88.0,77.0,5.420061807765671,165,11.0,31.0,0.07,288.0,
2025-02-17 07:37:01,296.0,27.0,298.0,45.0,295.0,45.0,300.0,18.0,297.0,2.0,72.0,63.0,5.473013794976475,135,9.0,-30.0,0.07,288.0,
2025-02-17 07:37:02,296.0,36.0,298.0,60.0,295.0,60.0,300.0,24.0,297.0,2.0,96.0,84.0,4.408845653910477,180,12.0,45.0,0.07,288.0,
2025-02-17 07:37:03,296.0,33.0,298.0,43.0,295.0,55.0,300.0,22.0,297.0,2.0,88.0,65.0,0.7629023528653819,153,23.0,-27.0,0.15,298.0,2.0
2025-02-17 07:37:04,296.68,37.0,298.0,33.0,295.51,41.0,300.0,22.0,297.34,1.3199999999999932,78.0,55.0,0.2068816086752252,133,23.0,-20.0,0.17,297.0,2.0
2025-02-17 07:37:05,296.43,14.0,298.0,30.0,295.0,22.0,300.0,20.0,297.21,1.5699999999999932,36.0,50.0,0.1574801575061546,86,-14.0,-47.0,-0.16,296.6,5.0
2025-02-17 07:37:06,296.0,5.0,298.0,24.0,294.98,49.0,300.0,10.0,297.0,2.0,54.0,34.0,0.1574801575061546,88,20.0,2.0,0.23,296.6,
2025-02-17 07:37:07,296.0,11.0,298.0,39.0,295.0,132.0,300.0,22.0,297.0,2.0,143.0,61.0,0.1574801575061546,204,82.0,116.0,0.4,296.6,
2025-02-17 07:37:08,296.0,6.0,298.0,18.0,295.0,72.0,300.0,12.0,297.0,2.0,78.0,30.0,0.1574801575061546,108,48.0,-96.0,0.44,296.6,
2025-02-17 07:37:09,296.27,11.0,298.0,32.0,295.03,99.0,300.0,22.0,297.14,1.7300000000000182,110.0,54.0,0.098994949407113,164,56.0,56.0,0.34,298.0,1.0
2025-02-17 07:37:10,296.0,14.0,298.43,23.0,295.0,168.0,301.74,43.0,297.22,2.430000000000007,182.0,66.0,0.1025670512792627,248,116.0,84.0,0.47,298.67,3.0
2025-02-17 07:37:11,296.0,9.0,300.0,9.0,295.0,108.0,303.0,45.0,298.0,4.0,117.0,54.0,0.417755909603183,171,63.0,-77.0,0.37,298.67,
2025-02-17 07:37:12,296.0,8.0,298.4,20.0,295.0,96.0,302.5,24.0,297.2,2.3999999999999773,104.0,44.0,0.394106584578888,148,60.0,-23.0,0.41,298.67,
2025-02-17 07:37:13,295.01,121.0,298.0,44.0,294.55,22.0,302.08,26.0,296.5,2.990000000000009,143.0,70.0,0.5322781227970063,213,73.0,65.0,0.34,296.0,1.0
2025-02-17 07:37:14,295.0,96.0,298.0,32.0,294.0,8.0,303.0,38.0,296.5,3.0,104.0,70.0,0.623121176022881,174,34.0,-39.0,0.2,296.0,
2025-02-17 07:37:15,295.0,156.0,297.24,34.0,294.0,13.0,298.5,40.0,296.12,2.240000000000009,169.0,74.0,0.7453053065743368,243,95.0,69.0,0.39,296.0,
2025-02-17 07:37:16,295.6,218.0,300.37,35.0,294.93,108.0,301.8,35.0,297.98,4.769999999999982,326.0,70.0,0.7376991256656468,396,256.0,153.0,0.65,295.0,2.0
2025-02-17 07:37:17,296.0,104.0,298.43,14.0,295.0,80.0,299.8,10.0,297.21,2.430000000000007,184.0,24.0,0.7388639929025226,208,160.0,-176.0,0.77,295.0,
2025-02-17 07:37:18,296.0,108.0,297.67,24.0,295.0,160.0,298.33,24.0,296.83,1.670000000000016,268.0,48.0,0.7127201414355645,316,220.0,108.0,0.7,296.0,8.0
2025-02-17 07:37:19,296.0,37.0,302.22,23.0,295.0,140.0,303.38,34.0,299.11,6.220000000000027,177.0,57.0,1.145360205353959,234,120.0,-82.0,0.51,296.0,3.0
2025-02-17 07:37:20,296.0,22.0,303.0,22.0,295.0,110.0,304.0,44.0,299.5,7.0,132.0,66.0,1.161477507319528,198,66.0,-36.0,0.33,296.0,
2025-02-17 07:37:21,296.0,34.0,302.06,34.0,295.0,170.0,304.84,76.0,299.03,6.060000000000002,204.0,110.0,1.221834686039566,314,94.0,116.0,0.3,296.0,
2025-02-17 07:37:22,296.0,26.0,300.0,26.0,295.0,130.0,305.0,52.0,298.0,4.0,156.0,78.0,1.0830189287402,234,78.0,-80.0,0.33,296.0,
2025-02-17 07:37:23,296.0,11.0,305.22,36.0,295.0,100.0,308.06,47.0,300.61,9.220000000000027,111.0,83.0,0.941089793808429,194,28.0,-40.0,0.14,296.0,1.0
2025-02-17 07:37:24,296.0,11.0,304.25,48.0,295.0,110.0,305.18,44.0,300.12,8.25,121.0,92.0,1.009440439060488,213,29.0,19.0,0.14,296.0,
2025-02-17 07:37:25,297.09,11.0,303.44,36.0,295.03,72.0,305.0,36.0,300.27,6.350000000000023,83.0,72.0,1.07518835559673,155,11.0,-58.0,0.07,296.0,
2025-02-17 07:37:26,295.03,66.0,300.76,68.0,293.83,59.0,302.59,68.0,297.9,5.730000000000018,125.0,136.0,1.3178960505330275,261,-11.0,106.0,-0.04,295.5,2.0
2025-02-17 07:37:27,294.0,49.0,298.0,52.0,293.0,52.0,299.0,52.0,296.0,4.0,101.0,104.0,1.9791033323225256,205,-3.0,-56.0,-0.01,295.5,
2025-02-17 07:37:28,294.52,50.0,297.06,64.0,293.62,64.0,299.29,49.0,295.79,2.5400000000000205,114.0,113.0,2.152911981482059,227,1.0,22.0,0.0,295.0,4.0
2025-02-17 07:37:29,295.0,12.0,297.0,48.0,294.0,48.0,304.0,48.0,296.0,2.0,60.0,96.0,1.9224125467776385,156,-36.0,-71.0,-0.23,295.0,
2025-02-17 07:37:30,295.0,9.0,296.78,36.0,294.0,36.0,304.0,36.0,295.89,1.7799999999999727,45.0,72.0,0.8897921105556894,117,-27.0,-39.0,-0.23,295.0,
2025-02-17 07:37:31,295.0,11.0,296.0,24.0,294.0,44.0,304.33,45.0,295.5,1.0,55.0,69.0,0.2071955598141049,124,-14.0,7.0,-0.11,296.0,2.0
2025-02-17 07:37:32,294.02,49.0,297.56,32.0,292.11,72.0,305.71,56.0,295.79,3.5400000000000205,121.0,88.0,0.1858224959649375,209,33.0,85.0,0.16,294.33,3.0
2025-02-17 07:37:33,294.0,17.0,304.23,52.0,292.11,61.0,308.71,28.0,299.12,10.230000000000018,78.0,80.0,1.4985492984908186,158,-2.0,-51.0,-0.01,294.33,
2025-02-17 07:37:34,294.0,9.0,304.78,9.0,293.0,9.0,308.81,26.0,299.39,10.779999999999973,18.0,35.0,1.9401984434608792,53,-17.0,-105.0,-0.32,294.33,
2025-02-17 07:37:35,294.0,11.0,303.0,11.0,293.0,11.0,306.0,11.0,298.5,9.0,22.0,22.0,1.8703341947386192,44,0.0,-9.0,0.0,294.33,
2025-02-17 07:37:36,294.0,9.0,303.0,9.0,293.0,9.0,306.0,9.0,298.5,9.0,18.0,18.0,1.434625386646003,36,0.0,-8.0,0.0,294.33,
2025-02-17 07:37:37,292.0,75.0,300.96,57.0,284.33,45.0,303.2,15.0,296.48,8.95999999999998,120.0,72.0,1.140710305033373,192,48.0,156.0,0.25,293.0,3.0
2025-02-17 07:37:38,292.0,60.0,299.42,48.0,283.0,36.0,303.0,12.0,295.71,7.420000000000016,96.0,60.0,1.5478468916558277,156,36.0,-36.0,0.23,293.0,
2025-02-17 07:37:39,292.0,55.0,299.0,33.0,283.0,33.0,303.84,19.0,295.5,7.0,88.0,52.0,1.471842382868405,140,36.0,-16.0,0.26,299.0,1.0
2025-02-17 07:37:40,292.0,95.0,296.32,69.0,282.96,55.0,298.53,58.0,294.16,4.319999999999993,150.0,127.0,1.5949608145677854,277,23.0,137.0,0.08,299.0,
2025-02-17 07:37:41,292.0,39.0,294.76,59.0,287.96,23.0,296.74,47.0,293.38,2.759999999999991,62.0,106.0,1.2513912257985274,168,-44.0,-109.0,-0.26,292.0,4.0
2025-02-17 07:37:42,291.97,59.0,293.53,45.0,290.6,25.0,295.59,34.0,292.75,1.5599999999999454,84.0,79.0,1.293889485236154,163,5.0,-5.0,0.03,292.0,1.0
2025-02-17 07:37:43,292.0,142.0,293.11,36.0,291.0,34.0,295.48,44.0,292.56,1.1100000000000136,176.0,80.0,1.1991246807584202,256,96.0,93.0,0.38,292.0,4.0
2025-02-17 07:37:44,292.0,60.0,293.0,20.0,291.0,20.0,302.0,10.0,292.5,1.0,80.0,30.0,0.7020683727411022,110,50.0,-146.0,0.45,292.0,
2025-02-17 07:37:45,296.0,20.0,300.62,13.0,291.91,44.0,305.93,56.0,298.31,4.6200000000000045,64.0,69.0,2.4898092296407337,133,-5.0,23.0,-0.04,292.0,2.0
2025-02-17 07:37:46,300.0,11.0,302.0,11.0,297.0,44.0,306.0,55.0,301.0,2.0,55.0,66.0,3.978797557052357,121,-11.0,-12.0,-0.09,292.0,
2025-02-17 07:37:47,299.33,12.0,302.0,5.0,298.83,48.0,306.0,25.0,300.67,2.670000000000016,60.0,30.0,4.217471991609134,90,30.0,-31.0,0.33,299.25,4.0
2025-02-17 07:37:48,299.0,41.0,302.0,7.0,297.0,28.0,306.0,35.0,300.5,3.0,69.0,42.0,3.568925608640385,111,27.0,21.0,0.24,299.0,3.0
2025-02-17 07:37:49,299.0,50.0,302.0,10.0,297.0,40.0,306.0,50.0,300.5,3.0,90.0,60.0,1.0738854687585375,150,30.0,39.0,0.2,299.0,
2025-02-17 07:37:50,299.0,17.0,302.0,9.0,296.79,28.0,306.0,45.0,300.5,3.0,45.0,54.0,0.2174396468246346,99,-9.0,-51.0,-0.09,299.0,4.0
2025-02-17 07:37:51,297.69,32.0,301.32,19.0,296.48,40.0,305.5,50.0,299.5,3.629999999999996,72.0,69.0,0.4719957627043792,141,3.0,42.0,0.02,299.0,1.0
2025-02-17 07:37:52,297.0,27.0,302.86,14.0,294.0,14.0,306.47,36.0,299.93,5.860000000000014,41.0,50.0,0.4560482430738168,91,-9.0,-50.0,-0.1,297.0,2.0
2025-02-17 07:37:53,298.0,52.0,306.68,31.0,297.0,13.0,307.1,73.0,302.34,8.680000000000007,65.0,104.0,1.0835035763721022,169,-39.0,78.0,-0.23,297.0,
2025-02-17 07:37:54,297.86,28.0,306.6,20.0,295.8,10.0,307.07,56.0,302.23,8.740000000000009,38.0,76.0,1.313716103277856,114,-38.0,-55.0,-0.33,297.0,
2025-02-17 07:37:55,297.0,14.0,306.0,39.0,294.19,16.0,307.34,59.0,301.5,9.0,30.0,98.0,1.3137161032779423,128,-68.0,14.0,-0.53,297.0,
2025-02-17 07:37:56,295.56,25.0,305.63,41.0,294.78,27.0,306.63,46.0,300.6,10.069999999999991,52.0,87.0,1.0430004793920324,139,-35.0,11.0,-0.25,297.0,1.0
2025-02-17 07:37:57,295.0,39.0,302.31,16.0,294.0,13.0,304.02,49.0,298.66,7.310000000000002,52.0,65.0,1.5142919137378117,117,-13.0,-22.0,-0.11,297.0,
2025-02-17 07:37:58,295.0,45.0,298.93,27.0,294.0,15.0,300.17,48.0,296.96,3.930000000000007,60.0,75.0,2.157521726428425,135,-15.0,18.0,-0.11,297.0,
2025-02-17 07:37:59,295.0,33.0,297.0,11.0,294.0,11.0,298.0,44.0,296.0,2.0,44.0,55.0,2.332355033010498,99,-11.0,-36.0,-0.11,297.0,
2025-02-17 07:38:00,294.58,19.0,303.14,56.0,293.33,12.0,305.87,31.0,298.86,8.560000000000002,31.0,87.0,1.7877024360918825,118,-56.0,19.0,-0.47,295.0,3.0
2025-02-17 07:38:01,286.5,22.0,306.0,50.0,289.4,10.0,307.0,30.0,296.25,19.5,32.0,80.0,1.3398432744197932,112,-48.0,-6.0,-0.43,292.0,5.0
2025-02-17 07:38:15,290.82,33.0,295.79,33.0,285.69,35.0,296.94,81.0,293.3,4.970000000000027,68.0,114.0,3.357391844869821,182,-46.0,25.0,-0.25,290.5,2.0
2025-02-17 07:38:16,294.55,20.0,296.0,30.0,292.16,25.0,297.89,45.0,295.27,1.4499999999999886,45.0,75.0,4.59686088543036,120,-30.0,-62.0,-0.25,294.0,5.0
2025-02-17 07:38:17,295.5,16.0,297.25,32.0,294.2,10.0,298.78,23.0,296.38,1.75,26.0,55.0,4.892664918017688,81,-29.0,-39.0,-0.36,296.0,2.0
2025-02-17 07:38:18,295.96,46.0,297.81,69.0,294.85,13.0,330.82,51.0,296.88,1.8500000000000227,59.0,120.0,4.104506060417331,179,-61.0,98.0,-0.34,296.0,4.0
2025-02-17 07:38:19,295.0,10.0,301.0,70.0,294.0,10.0,503.11,18.0,298.0,6.0,20.0,88.0,1.7843710376500137,108,-68.0,-71.0,-0.63,296.0,
2025-02-17 07:38:20,292.29,21.0,300.8,40.0,291.07,29.0,332.18,40.0,296.54,8.509999999999991,50.0,80.0,0.9821303375849118,130,-30.0,22.0,-0.23,293.0,5.0
2025-02-17 07:38:21,293.79,38.0,297.39,18.0,292.09,33.0,301.82,91.0,295.59,3.599999999999966,71.0,109.0,0.8775078347255372,180,-38.0,50.0,-0.21,293.0,
2025-02-17 07:38:22,293.0,20.0,296.0,12.0,291.88,25.0,302.7,66.0,294.5,3.0,45.0,78.0,1.3255263105666737,123,-33.0,-57.0,-0.27,293.0,
2025-02-17 07:38:23,292.79,28.0,295.57,14.0,290.77,40.0,302.89,53.0,294.18,2.7799999999999727,68.0,67.0,1.5603589330677106,135,1.0,12.0,0.01,293.0,1.0
2025-02-17 07:38:24,292.15,65.0,301.0,17.0,291.15,41.0,303.0,85.0,296.58,8.850000000000023,106.0,102.0,1.1175956334936292,208,4.0,73.0,0.02,293.0,
2025-02-17 07:38:25,292.69,52.0,301.0,13.0,292.28,32.0,303.0,65.0,296.85,8.310000000000002,84.0,78.0,1.1970171260278857,162,6.0,-46.0,0.04,295.0,2.0
2025-02-17 07:38:26,292.0,168.0,301.0,12.0,291.0,36.0,304.25,60.0,296.5,9.0,204.0,72.0,1.2732713772028916,276,132.0,114.0,0.48,295.0,
2025-02-17 07:38:27,292.0,98.0,299.0,9.0,291.0,21.0,305.84,31.0,295.5,7.0,119.0,40.0,1.1000999954568875,159,79.0,-117.0,0.5,295.0,
2025-02-17 07:38:28,292.0,84.0,298.5,8.0,291.0,18.0,304.85,26.0,295.25,6.5,102.0,34.0,0.7122008143805808,136,68.0,-23.0,0.5,295.0,
2025-02-17 07:38:29,292.0,182.0,300.0,13.0,291.0,39.0,305.23,65.0,296.0,8.0,221.0,78.0,0.667645115315246,299,143.0,163.0,0.48,295.0,
2025-02-17 07:38:30,292.0,182.0,300.0,13.0,291.0,39.0,306.0,65.0,296.0,8.0,221.0,78.0,0.4873397172447772,299,143.0,0.0,0.48,295.0,
2025-02-17 07:38:31,292.0,84.0,300.0,6.0,291.0,18.0,306.0,30.0,296.0,8.0,102.0,36.0,0.3535533905991688,138,66.0,-161.0,0.48,295.0,
2025-02-17 07:38:32,297.15,46.0,300.0,16.0,292.71,55.0,340.67,60.0,298.58,2.8500000000000227,101.0,76.0,1.2795624252080984,177,25.0,39.0,0.14,295.0,2.0
2025-02-17 07:38:33,293.24,90.0,300.0,13.0,292.06,49.0,605.54,65.0,296.62,6.759999999999991,139.0,78.0,1.117228714276786,217,61.0,40.0,0.28,295.83,6.0
2025-02-17 07:38:34,292.0,156.0,300.0,12.0,291.0,36.0,546.0,60.0,296.0,8.0,192.0,72.0,1.117228714276786,264,120.0,47.0,0.45,295.83,
2025-02-17 07:38:35,292.0,111.0,299.31,26.0,291.0,42.0,397.83,46.0,295.65,7.310000000000002,153.0,72.0,1.17673276490652,225,81.0,-39.0,0.36,292.0,8.0
2025-02-17 07:38:36,292.0,60.0,298.26,38.0,291.0,36.0,299.57,14.0,295.13,6.259999999999991,96.0,52.0,1.3356758588836029,148,44.0,-77.0,0.3,292.0,
2025-02-17 07:38:37,292.0,40.0,296.5,24.0,291.0,24.0,300.0,8.0,294.25,4.5,64.0,32.0,0.8974686624077852,96,32.0,-52.0,0.33,292.0,
2025-02-17 07:38:38,292.0,45.0,294.78,27.0,291.0,27.0,295.78,27.0,293.39,2.7799999999999727,72.0,54.0,1.0638044933180673,126,18.0,30.0,0.14,292.0,
2025-02-17 07:38:39,292.0,40.0,293.12,24.0,290.77,26.0,294.12,24.0,292.56,1.1200000000000043,66.0,48.0,1.2565349179403442,114,18.0,-12.0,0.16,292.0,
2025-02-17 07:38:40,291.03,39.0,292.92,39.0,286.5,16.0,299.78,27.0,291.97,1.8900000000000432,55.0,66.0,1.2696456198494848,121,-11.0,7.0,-0.09,291.71,7.0
2025-02-17 07:38:41,289.0,15.0,291.9,30.0,283.5,20.0,300.9,42.0,290.45,2.8999999999999773,35.0,72.0,1.4438420966305818,107,-37.0,-14.0,-0.35,291.0,4.0
2025-02-17 07:38:42,283.4,25.0,299.59,58.0,281.46,65.0,312.08,83.0,291.49,16.189999999999998,90.0,141.0,1.1073933357223942,231,-51.0,124.0,-0.22,286.0,3.0
2025-02-17 07:38:43,283.0,24.0,294.67,24.0,281.0,60.0,297.74,35.0,288.83,11.670000000000016,84.0,59.0,1.466969665672101,143,25.0,-88.0,0.17,286.0,
2025-02-17 07:38:44,284.2,30.0,293.14,21.0,281.84,73.0,294.49,47.0,288.67,8.939999999999998,103.0,68.0,1.5036355941523365,171,35.0,28.0,0.2,294.0,2.0
2025-02-17 07:38:45,283.03,31.0,291.25,16.0,282.03,77.0,294.15,39.0,287.14,8.220000000000027,108.0,55.0,1.6882476121711307,163,53.0,-8.0,0.33,294.0,
2025-02-17 07:38:46,285.0,7.0,291.92,13.0,281.0,31.0,293.88,32.0,288.46,6.920000000000016,38.0,45.0,1.585518842524864,83,-7.0,-80.0,-0.08,291.0,1.0
2025-02-17 07:38:47,287.42,19.0,292.0,14.0,280.74,53.0,294.0,35.0,289.71,4.579999999999984,72.0,49.0,0.9265365616106116,121,23.0,38.0,0.19,291.0,
2025-02-17 07:38:48,281.14,43.0,291.82,22.0,279.35,92.0,293.84,49.0,286.48,10.680000000000009,135.0,71.0,1.283771786573061,206,64.0,85.0,0.31,287.0,1.0
2025-02-17 07:39:03,280.82,17.0,291.0,51.0,275.39,158.0,292.0,85.0,285.91,10.180000000000009,175.0,136.0,1.8490321792762208,311,39.0,-31.0,0.13,287.0,
2025-02-17 07:39:04,281.3,10.0,291.94,48.0,276.0,100.0,293.69,32.0,286.62,10.639999999999986,110.0,80.0,2.400066665740585,190,30.0,-121.0,0.16,287.0,
2025-02-17 07:39:17,282.41,128.0,289.5,36.0,279.9,41.0,289.33,36.0,285.95,7.089999999999975,169.0,72.0,2.9737400693400824,241,97.0,81.0,0.4,288.33,12.0
2025-02-17 07:39:37,287.46,41.0,291.47,60.0,284.93,56.0,293.19,118.0,289.47,4.010000000000048,97.0,178.0,1.2843870133258577,275,-81.0,78.0,-0.29,289.75,4.0
2025-02-17 07:39:44,280.14,28.0,292.48,27.0,278.71,21.0,389.88,32.0,286.31,12.340000000000032,49.0,59.0,1.6930209685644084,108,-10.0,22.0,-0.09,290.62,8.0
2025-02-17 07:39:45,283.2,50.0,294.0,45.0,281.57,70.0,368.49,47.0,288.6,10.800000000000011,120.0,92.0,2.6971614708799114,212,28.0,104.0,0.13,290.62,
2025-02-17 07:39:46,286.15,26.0,293.0,14.0,284.87,38.0,294.0,42.0,289.58,6.850000000000023,64.0,56.0,2.626086441836881,120,8.0,-92.0,0.07,290.62,
2025-02-17 07:39:47,290.13,23.0,292.09,11.0,288.6,20.0,310.15,39.0,291.11,1.9599999999999795,43.0,50.0,2.78918088334189,93,-7.0,-27.0,-0.08,292.0,1.0
2025-02-17 07:39:48,291.46,46.0,329.86,35.0,286.43,35.0,474.08,49.0,310.66,38.400000000000034,81.0,84.0,9.88613524083101,165,-3.0,72.0,-0.02,292.0,
2025-02-17 07:39:49,294.01,69.0,377.84,62.0,287.92,91.0,552.4,60.0,335.93,83.82999999999998,160.0,122.0,20.443422658645044,282,38.0,117.0,0.13,294.89,9.0
2025-02-17 07:39:53,300.0,20.0,389.57,28.0,294.0,10.0,414.89,27.0,344.79,89.57,30.0,55.0,30.45715892856724,85,-25.0,6.0,-0.29,294.89,
2025-02-17 07:39:54,300.0,16.0,389.0,16.0,294.0,8.0,391.0,24.0,344.5,89.0,24.0,40.0,27.98264372785394,64,-16.0,-21.0,-0.25,294.89,
2025-02-17 07:39:55,300.0,10.0,388.4,10.0,296.91,11.0,391.0,15.0,344.2,88.39999999999998,21.0,25.0,29.714476269993423,46,-4.0,-18.0,-0.09,294.89,
2025-02-17 07:39:56,300.0,10.0,379.29,14.0,298.0,20.0,388.09,11.0,339.64,79.29000000000002,30.0,25.0,26.06779660807565,55,5.0,9.0,0.09,294.89,
2025-02-17 07:39:57,300.0,22.0,381.14,28.0,298.0,44.0,389.78,27.0,340.57,81.13999999999999,66.0,55.0,2.436729365358085,121,11.0,66.0,0.09,294.89,
2025-02-17 07:39:58,300.0,24.0,353.0,42.0,298.0,48.0,389.6,30.0,326.5,53.0,72.0,72.0,7.354945275119197,144,0.0,23.0,0.0,294.89,
2025-02-17 07:39:59,300.0,16.0,385.0,16.0,298.0,32.0,408.92,26.0,342.5,85.0,48.0,42.0,7.03400454933022,90,6.0,-54.0,0.07,294.89,
2025-02-17 07:40:00,300.0,16.0,329.21,28.0,298.0,32.0,368.89,28.0,314.61,29.20999999999998,48.0,56.0,11.95625484840456,104,-8.0,14.0,-0.08,294.89,
2025-02-17 07:40:01,298.67,36.0,307.44,45.0,297.33,36.0,356.14,37.0,303.06,8.769999999999982,72.0,82.0,16.876293135638438,154,-10.0,50.0,-0.06,300.0,2.0
2025-02-17 07:40:02,298.0,64.0,321.06,36.0,296.0,32.0,353.33,63.0,309.53,23.06,96.0,99.0,15.58243081165441,195,-3.0,41.0,-0.02,300.0,
2025-02-17 07:40:03,297.45,33.0,311.25,32.0,294.62,39.0,312.35,34.0,304.35,13.800000000000011,72.0,66.0,16.141008332814778,138,6.0,-57.0,0.04,297.6,5.0
2025-02-17 07:40:04,296.0,8.0,307.5,16.0,294.0,24.0,310.0,32.0,301.75,11.5,32.0,48.0,5.334875818610496,80,-16.0,-58.0,-0.2,297.6,
2025-02-17 07:40:05,296.0,12.0,304.94,36.0,294.0,36.0,307.0,36.0,300.47,8.939999999999998,48.0,72.0,3.4989026851278235,120,-24.0,40.0,-0.2,297.6,
2025-02-17 07:40:06,296.0,15.0,300.19,32.0,294.0,45.0,301.45,44.0,298.09,4.189999999999998,60.0,76.0,4.37045993002964,136,-16.0,16.0,-0.12,297.6,
2025-02-17 07:40:07,292.93,28.0,297.81,27.0,292.02,60.0,298.93,28.0,295.37,4.879999999999996,88.0,55.0,3.438412424360197,143,33.0,7.0,0.23,293.25,8.0
2025-02-17 07:40:08,292.0,18.0,293.0,14.0,291.0,70.0,298.86,28.0,292.5,1.0,88.0,42.0,3.7641705593655455,130,46.0,-13.0,0.35,292.0,2.0
2025-02-17 07:40:09,291.45,11.0,295.57,14.0,290.16,43.0,299.43,28.0,293.51,4.1200000000000045,54.0,42.0,3.286155808843242,96,12.0,-34.0,0.12,291.5,6.0
2025-02-17 07:40:10,293.9,62.0,298.29,28.0,290.33,18.0,300.0,56.0,296.09,4.390000000000043,80.0,84.0,2.195477169089669,164,-4.0,68.0,-0.02,291.5,
2025-02-17 07:40:11,293.91,35.0,295.79,38.0,290.84,19.0,366.23,52.0,294.85,1.8799999999999957,54.0,90.0,1.447508203774326,144,-36.0,-20.0,-0.25,294.29,7.0
2025-02-17 07:40:12,294.0,30.0,295.6,20.0,291.8,10.0,587.31,26.0,294.8,1.6000000000000227,40.0,46.0,1.3791482878914652,86,-6.0,-58.0,-0.07,294.29,
2025-02-17 07:40:13,293.8,15.0,356.85,13.0,290.25,8.0,564.0,20.0,325.32,63.05000000000001,23.0,33.0,13.673844740964215,56,-10.0,-30.0,-0.18,294.0,3.0
2025-02-17 07:40:14,292.0,8.0,348.62,24.0,291.0,8.0,491.11,36.0,320.31,56.620000000000005,16.0,60.0,15.2121145801626,76,-44.0,20.0,-0.58,294.0,
2025-02-17 07:40:18,301.0,5.0,377.0,25.0,300.0,30.0,466.0,10.0,339.0,76.0,35.0,35.0,50.97408625958889,70,0.0,-40.0,0.0,294.0,
2025-02-17 07:40:19,300.04,49.0,374.62,26.0,298.29,84.0,376.81,43.0,337.33,74.57999999999998,133.0,69.0,46.104522229386674,202,64.0,132.0,0.32,300.5,2.0
2025-02-17 07:40:20,300.0,65.0,372.26,27.0,298.0,104.0,373.73,30.0,336.13,72.25999999999999,169.0,57.0,42.94128863925725,226,112.0,24.0,0.5,300.5,
2025-02-17 07:40:21,300.0,60.0,366.35,31.0,298.0,96.0,367.92,24.0,333.18,66.35000000000002,156.0,55.0,25.931703954811734,211,101.0,-15.0,0.48,300.5,
2025-02-17 07:40:22,300.0,35.0,318.62,21.0,298.0,80.0,331.86,21.0,309.31,18.620000000000005,115.0,42.0,12.304407746819612,157,73.0,-54.0,0.46,300.0,3.0
2025-02-17 07:40:23,297.75,40.0,301.05,22.0,296.64,22.0,302.54,26.0,299.4,3.300000000000012,62.0,48.0,17.505212080977262,110,14.0,-47.0,0.13,300.0,2.0
2025-02-17 07:40:24,297.0,21.0,298.17,18.0,295.0,6.0,300.0,12.0,297.58,1.170000000000016,27.0,30.0,18.41269806410757,57,-3.0,-53.0,-0.05,297.0,5.0
2025-02-17 07:40:25,297.0,6.0,298.0,18.0,295.0,6.0,300.0,12.0,297.5,1.0,12.0,30.0,15.220863313228598,42,-18.0,-15.0,-0.43,297.0,1.0
2025-02-17 07:40:26,295.0,10.0,297.4,30.0,294.0,10.0,308.0,20.0,296.2,2.3999999999999773,20.0,50.0,5.328754075765393,70,-30.0,28.0,-0.43,297.0,
2025-02-17 07:40:27,294.25,8.0,303.83,18.0,293.06,32.0,403.42,19.0,299.04,9.579999999999984,40.0,37.0,1.293475937149834,77,3.0,7.0,0.04,295.0,1.0
2025-02-17 07:40:28,294.0,8.0,308.93,14.0,293.0,40.0,554.0,19.0,301.46,14.930000000000009,48.0,33.0,2.005362810063493,81,15.0,4.0,0.19,295.0,
2025-02-17 07:40:29,299.21,53.0,305.11,18.0,293.05,37.0,307.8,10.0,302.16,5.900000000000034,90.0,28.0,2.53766033975906,118,62.0,37.0,0.53,295.0,
2025-02-17 07:40:30,300.0,138.0,304.0,12.0,294.0,6.0,308.0,6.0,302.0,4.0,144.0,18.0,2.550043136887357,162,126.0,44.0,0.78,295.0,
2025-02-17 07:40:31,300.0,157.0,303.86,14.0,294.0,8.0,306.4,10.0,301.93,3.8600000000000136,165.0,24.0,1.2998153714995522,189,141.0,27.0,0.75,300.0,7.0
2025-02-17 07:40:32,300.0,142.0,301.8,46.0,294.9,31.0,303.18,11.0,300.9,1.8000000000000114,173.0,57.0,0.5127377497187212,230,116.0,41.0,0.5,300.0,4.0
2025-02-17 07:40:33,300.0,100.0,301.0,60.0,295.0,48.0,304.75,16.0,300.5,1.0,148.0,76.0,0.7467395797643168,224,72.0,-6.0,0.32,300.0,7.0
2025-02-17 07:40:34,296.19,42.0,303.81,32.0,294.25,32.0,575.4,25.0,300.0,7.620000000000003,74.0,57.0,0.8807837418949701,131,17.0,-93.0,0.13,300.0,5.0
2025-02-17 07:40:35,294.44,18.0,303.0,14.0,293.13,46.0,304.0,28.0,298.72,8.560000000000002,64.0,42.0,1.1813974775605045,106,22.0,-25.0,0.21,294.8,5.0
2025-02-17 07:40:36,294.0,18.0,302.11,38.0,293.0,72.0,357.36,22.0,298.05,8.110000000000014,90.0,60.0,1.2073856053416014,150,30.0,44.0,0.2,294.8,
2025-02-17 07:40:37,294.0,14.0,300.43,28.0,293.0,56.0,302.86,14.0,297.21,6.430000000000007,70.0,42.0,1.3583924322470156,112,28.0,-38.0,0.25,294.8,
2025-02-17 07:40:38,294.0,24.0,299.83,48.0,293.0,96.0,304.0,24.0,296.92,5.829999999999984,120.0,72.0,1.2398991894447635,192,48.0,80.0,0.25,294.8,
2025-02-17 07:40:39,294.0,41.0,297.33,48.0,293.0,96.0,304.5,24.0,295.67,3.329999999999984,137.0,72.0,1.1605300513065273,209,65.0,17.0,0.31,294.8,
2025-02-17 07:40:40,294.0,56.0,296.86,28.0,293.0,64.0,348.3,20.0,295.43,2.8600000000000136,120.0,48.0,1.0948881221318154,168,72.0,-41.0,0.43,295.0,4.0
2025-02-17 07:40:41,294.3,27.0,307.0,18.0,293.75,56.0,408.0,36.0,300.65,12.699999999999989,83.0,54.0,2.0887747604721207,137,29.0,-31.0,0.21,296.0,1.0
2025-02-17 07:40:42,294.0,100.0,307.0,26.0,293.0,39.0,413.85,52.0,300.5,13.0,139.0,78.0,2.5658780173627647,217,61.0,80.0,0.28,296.0,
2025-02-17 07:40:43,294.0,70.0,307.0,14.0,293.0,21.0,552.0,28.0,300.5,13.0,91.0,42.0,2.740611245686911,133,49.0,-84.0,0.37,296.0,
2025-02-17 07:40:44,294.0,46.0,307.0,14.0,293.0,21.0,552.0,28.0,300.5,13.0,67.0,42.0,2.285066738628374,109,25.0,-24.0,0.23,294.0,4.0
2025-02-17 07:40:45,294.0,36.0,307.0,12.0,293.0,18.0,509.5,24.0,300.5,13.0,54.0,36.0,0.067082039219245,90,18.0,-19.0,0.2,294.0,
2025-02-17 07:40:46,294.0,44.0,307.0,20.0,293.0,30.0,425.0,40.0,300.5,13.0,74.0,60.0,0.0,134,14.0,44.0,0.1,294.0,4.0
2025-02-17 07:40:47,294.0,14.0,307.0,14.0,293.0,21.0,356.0,35.0,300.5,13.0,35.0,49.0,0.0,84,-14.0,-50.0,-0.17,294.0,
2025-02-17 07:40:48,293.84,19.0,307.0,18.0,292.6,40.0,493.62,40.0,300.42,13.160000000000023,59.0,58.0,0.0357770874417116,117,1.0,33.0,0.01,294.0,2.0
2025-02-17 07:40:49,293.0,13.0,297.48,42.0,292.0,144.0,331.62,21.0,295.24,4.480000000000018,157.0,63.0,2.343655264748998,220,94.0,103.0,0.43,293.0,2.0
2025-02-17 07:40:50,293.0,5.0,297.0,25.0,292.0,95.0,420.88,16.0,295.0,4.0,100.0,41.0,2.9335507495159576,141,59.0,-79.0,0.42,293.0,
2025-02-17 07:40:52,292.18,114.0,395.18,34.0,291.14,115.0,604.4,50.0,343.68,103.0,229.0,84.0,44.188493977504905,313,145.0,111.0,0.46,292.0,5.0
2025-02-17 07:40:53,292.23,71.0,309.0,27.0,291.41,93.0,572.22,45.0,300.61,16.769999999999982,164.0,72.0,44.16094111316002,236,92.0,-77.0,0.39,292.0,
2025-02-17 07:40:54,296.0,28.0,309.0,36.0,292.62,52.0,579.83,60.0,302.5,13.0,80.0,96.0,42.99416123149732,176,-16.0,-60.0,-0.09,300.0,4.0
2025-02-17 07:40:55,296.29,17.0,307.03,37.0,292.59,58.0,331.75,51.0,301.66,10.739999999999952,75.0,88.0,41.81838973466084,163,-13.0,-13.0,-0.08,295.0,5.0
2025-02-17 07:40:56,293.0,45.0,303.89,56.0,292.0,104.0,305.47,45.0,298.45,10.889999999999986,149.0,101.0,19.23408822897477,250,48.0,87.0,0.19,295.0,
2025-02-17 07:40:57,293.0,18.0,300.8,20.0,292.0,60.0,301.78,18.0,296.9,7.800000000000011,78.0,38.0,2.3123213444468167,116,40.0,-134.0,0.34,295.0,
2025-02-17 07:40:58,293.0,30.0,296.57,46.0,292.0,100.0,297.65,34.0,294.78,3.569999999999993,130.0,80.0,3.23054484568536,210,50.0,94.0,0.24,295.0,
2025-02-17 07:40:59,292.4,67.0,294.84,44.0,291.65,138.0,296.05,57.0,293.62,2.4399999999999977,205.0,101.0,3.168094064257561,306,104.0,96.0,0.34,292.6,5.0
2025-02-17 07:41:00,292.22,37.0,294.0,36.0,291.17,139.0,299.38,48.0,293.11,1.7799999999999727,176.0,84.0,2.255298206442677,260,92.0,-46.0,0.35,292.5,4.0
2025-02-17 07:41:01,293.9,39.0,302.25,48.0,292.61,44.0,538.67,54.0,298.07,8.350000000000023,83.0,102.0,2.1284806787902872,185,-19.0,-75.0,-0.1,293.0,6.0
2025-02-17 07:41:02,293.34,32.0,305.0,18.0,293.12,8.0,457.33,12.0,299.17,11.660000000000023,40.0,30.0,2.716900807902956,70,10.0,-115.0,0.14,295.0,5.0
2025-02-17 07:41:03,291.0,136.0,305.0,24.0,287.24,38.0,312.12,16.0,298.0,14.0,174.0,40.0,2.809542667407618,214,134.0,144.0,0.63,295.0,
2025-02-17 07:41:04,291.0,204.0,305.0,36.0,287.0,60.0,404.61,36.0,298.0,14.0,264.0,72.0,2.3780979794752284,336,192.0,122.0,0.57,295.0,
2025-02-17 07:41:05,291.0,57.0,305.0,15.0,287.0,25.0,438.0,25.0,298.0,14.0,82.0,40.0,0.5163041738980251,122,42.0,-176.0,0.34,291.0,2.0
2025-02-17 07:41:06,289.82,40.0,304.3,40.0,287.63,49.0,378.66,41.0,297.06,14.480000000000018,89.0,81.0,0.7486521221398219,170,8.0,48.0,0.05,291.0,
2025-02-17 07:41:07,294.0,32.0,302.8,60.0,292.0,16.0,304.76,50.0,298.4,8.800000000000011,48.0,110.0,0.4963063569856815,158,-62.0,-12.0,-0.39,291.0,
2025-02-17 07:41:08,294.82,45.0,301.0,20.0,293.5,16.0,302.0,40.0,297.91,6.180000000000007,61.0,60.0,0.4930314391439901,121,1.0,-37.0,0.01,295.0,5.0
2025-02-17 07:41:09,295.95,105.0,299.41,68.0,292.2,60.0,300.66,58.0,297.68,3.4600000000000364,165.0,126.0,0.4933558553259181,291,39.0,170.0,0.13,298.0,2.0
2025-02-17 07:41:10,295.95,19.0,298.4,20.0,291.33,30.0,303.5,24.0,297.17,2.4499999999999886,49.0,44.0,0.5498454328120762,93,5.0,-176.0,0.05,297.4,5.0
2025-02-17 07:41:11,291.13,23.0,297.23,26.0,287.53,83.0,308.0,39.0,294.18,6.100000000000023,106.0,65.0,1.6739683390028712,171,41.0,78.0,0.24,291.25,4.0
2025-02-17 07:41:12,291.27,30.0,296.62,26.0,287.16,103.0,308.0,39.0,293.94,5.350000000000023,133.0,65.0,1.9519554298148447,198,68.0,27.0,0.34,291.25,
2025-02-17 07:41:13,292.0,40.0,295.2,20.0,291.0,20.0,307.2,30.0,293.6,3.1999999999999886,60.0,50.0,1.946427496718858,110,10.0,-88.0,0.09,291.25,
2025-02-17 07:41:14,292.29,28.0,295.0,14.0,291.0,14.0,306.0,21.0,293.64,2.7099999999999795,42.0,35.0,1.5078395140010508,77,7.0,-33.0,0.09,291.25,
2025-02-17 07:41:15,293.9,40.0,295.0,20.0,291.0,20.0,306.0,30.0,294.45,1.1000000000000227,60.0,50.0,0.360860083664987,110,10.0,33.0,0.09,291.25,
2025-02-17 07:41:16,285.65,65.0,305.31,32.0,284.06,86.0,329.43,35.0,295.48,19.660000000000025,151.0,67.0,0.7809737511484017,218,84.0,108.0,0.39,293.0,4.0
2025-02-17 07:41:17,287.24,107.0,303.31,52.0,285.05,56.0,356.47,60.0,295.28,16.069999999999993,163.0,112.0,0.8832326986603654,275,51.0,57.0,0.19,293.0,
2025-02-17 07:41:18,291.99,92.0,304.6,50.0,291.1,105.0,372.26,62.0,298.29,12.610000000000014,197.0,112.0,1.7584851435207456,309,85.0,34.0,0.28,293.0,
2025-02-17 07:41:19,294.1,62.0,306.0,33.0,293.2,104.0,354.64,11.0,300.05,11.899999999999975,166.0,44.0,2.3620647747222083,210,122.0,-99.0,0.58,293.0,
2025-02-17 07:41:20,295.75,24.0,305.58,36.0,294.0,84.0,329.12,25.0,300.67,9.829999999999984,108.0,61.0,2.5076742212623397,169,47.0,-41.0,0.28,293.0,
2025-02-17 07:41:21,294.5,72.0,305.0,48.0,293.41,102.0,337.0,58.0,299.75,10.5,174.0,106.0,2.1570859973547227,280,68.0,111.0,0.24,296.0,3.0
2025-02-17 07:41:22,294.58,170.0,302.53,57.0,293.22,120.0,304.52,46.0,298.55,7.949999999999989,290.0,103.0,1.011592803446055,393,187.0,113.0,0.48,296.0,
2025-02-17 07:41:23,296.43,137.0,301.68,44.0,294.85,99.0,302.98,41.0,299.06,5.25,236.0,85.0,0.8310715973873083,321,151.0,-72.0,0.47,296.0,
2025-02-17 07:41:24,297.58,85.0,301.53,38.0,294.87,76.0,310.51,35.0,299.55,3.9499999999999886,161.0,73.0,0.7950974782904761,234,88.0,-87.0,0.38,298.6,5.0
2025-02-17 07:41:25,295.65,68.0,306.55,82.0,294.6,100.0,340.62,66.0,301.1,10.900000000000034,168.0,148.0,0.9577421364771856,316,20.0,82.0,0.06,298.6,
2025-02-17 07:41:26,295.95,42.0,305.0,55.0,294.76,41.0,306.0,44.0,300.48,9.050000000000011,83.0,99.0,1.038205182025169,182,-16.0,-134.0,-0.09,299.0,2.0
2025-02-17 07:41:27,293.67,18.0,305.0,65.0,292.03,37.0,306.0,52.0,299.33,11.329999999999984,55.0,117.0,0.8557628175984024,172,-62.0,-10.0,-0.36,299.0,
2025-02-17 07:41:28,293.63,19.0,303.57,70.0,291.91,44.0,305.1,83.0,298.6,9.939999999999998,63.0,153.0,0.9842611442010244,216,-90.0,44.0,-0.42,292.33,3.0
2025-02-17 07:41:29,300.0,26.0,301.25,48.0,293.0,26.0,302.37,43.0,300.62,1.25,52.0,91.0,1.0283870866478078,143,-39.0,-73.0,-0.27,292.33,
2025-02-17 07:41:30,298.38,21.0,301.0,48.0,293.1,29.0,304.5,44.0,299.69,2.6200000000000045,50.0,92.0,0.835481896861854,142,-42.0,-1.0,-0.3,297.5,4.0
2025-02-17 07:41:31,289.27,11.0,298.74,38.0,288.88,17.0,302.76,21.0,294.0,9.470000000000027,28.0,59.0,2.5906504974588143,87,-31.0,-55.0,-0.36,291.2,5.0
2025-02-17 07:41:32,289.0,16.0,296.67,43.0,286.62,16.0,356.57,63.0,292.84,7.670000000000016,32.0,106.0,3.503341262278544,138,-74.0,51.0,-0.54,294.0,1.0
2025-02-17 07:41:33,289.91,11.0,295.18,44.0,284.55,11.0,538.8,30.0,292.55,5.269999999999982,22.0,74.0,3.8996987063083695,96,-52.0,-42.0,-0.54,289.0,1.0
2025-02-17 07:41:34,287.0,4.0,295.0,16.0,284.0,4.0,302.0,8.0,291.0,8.0,8.0,24.0,3.347496079158704,32,-16.0,-64.0,-0.5,294.0,1.0
2025-02-17 07:41:48,286.71,48.0,290.0,27.0,281.91,68.0,299.0,18.0,288.35,3.2900000000000205,116.0,45.0,22.180465955429824,161,71.0,-19.0,0.44,294.0,
2025-02-17 07:41:49,285.79,73.0,290.0,21.0,278.97,71.0,291.0,13.0,287.9,4.20999999999998,144.0,34.0,18.432554082383238,178,110.0,17.0,0.62,286.43,7.0
2025-02-17 07:41:50,289.0,9.0,290.33,3.0,283.45,11.0,326.33,6.0,289.67,1.329999999999984,20.0,9.0,11.07539931559964,29,11.0,-149.0,0.38,290.0,1.0
2025-02-17 07:41:51,284.1,30.0,291.0,6.0,208.2,30.0,311.86,14.0,287.55,6.899999999999977,60.0,20.0,8.480443384634183,80,40.0,51.0,0.5,290.0,
2025-02-17 07:41:52,282.53,15.0,291.0,9.0,278.78,59.0,296.78,18.0,286.77,8.470000000000027,74.0,27.0,1.0753232072202483,101,47.0,21.0,0.47,290.0,
2025-02-17 07:41:53,284.6,15.0,289.27,15.0,278.87,105.0,293.11,19.0,286.93,4.669999999999959,120.0,34.0,1.1598189513826522,154,86.0,53.0,0.56,290.0,
2025-02-17 07:42:02,283.21,38.0,290.0,16.0,281.71,28.0,291.0,17.0,286.61,6.7900000000000205,66.0,33.0,1.7080193207295822,99,33.0,6.0,0.33,290.0,
2025-02-17 07:42:04,285.5,32.0,290.57,21.0,281.3,23.0,291.93,15.0,288.04,5.069999999999993,55.0,36.0,1.937851903522488,91,19.0,-73.0,0.21,286.4,5.0
2025-02-17 07:42:12,280.67,480.0,289.2,50.0,277.6,75.0,290.2,75.0,284.93,8.529999999999973,555.0,125.0,1.3503777249292142,680,430.0,176.0,0.63,287.12,8.0
2025-02-17 07:42:13,282.0,288.0,290.0,36.0,275.0,45.0,291.0,54.0,286.0,8.0,333.0,90.0,1.6920460986583947,423,243.0,-176.0,0.57,287.12,
2025-02-17 07:42:14,282.64,352.0,290.0,44.0,275.0,55.0,291.0,66.0,286.32,7.360000000000014,407.0,110.0,1.6289260265540717,517,297.0,94.0,0.57,287.12,
2025-02-17 07:42:15,284.3,320.0,290.0,40.0,275.0,72.0,291.0,60.0,287.15,5.699999999999989,392.0,100.0,1.513713975619348,492,292.0,-25.0,0.59,287.12,
2025-02-17 07:42:16,285.0,224.0,290.0,28.0,275.0,92.0,291.0,42.0,287.5,5.0,316.0,70.0,1.0121511744722265,386,246.0,-106.0,0.64,287.12,
2025-02-17 07:42:17,285.36,352.0,291.0,66.0,275.0,121.0,343.73,22.0,288.18,5.639999999999986,473.0,88.0,0.883572294713674,561,385.0,175.0,0.69,290.0,4.0
2025-02-17 07:42:18,286.0,256.0,291.0,42.0,275.0,88.0,371.47,15.0,288.5,5.0,344.0,57.0,0.862090482481753,401,287.0,-160.0,0.72,291.0,2.0
2025-02-17 07:42:19,286.18,352.0,291.0,44.0,275.0,124.0,353.82,11.0,288.59,4.819999999999993,476.0,55.0,0.6327953855596853,531,421.0,130.0,0.79,291.0,
2025-02-17 07:42:20,287.44,470.0,296.38,74.0,275.17,193.0,327.32,50.0,291.91,8.939999999999998,663.0,124.0,1.7166915855754905,787,539.0,176.0,0.68,290.0,5.0
2025-02-17 07:42:22,297.0,99.0,379.57,42.0,294.22,130.0,419.48,29.0,338.29,82.57,229.0,71.0,21.60947361691134,300,158.0,59.0,0.53,297.0,5.0
2025-02-17 07:42:23,295.19,170.0,368.3,40.0,294.45,132.0,640.4,20.0,331.74,73.11000000000001,302.0,60.0,22.533190408816694,362,242.0,62.0,0.67,296.0,8.0
2025-02-17 07:42:24,293.44,50.0,328.29,28.0,290.94,34.0,659.83,24.0,310.86,34.85000000000002,84.0,52.0,18.440487249527568,136,32.0,-176.0,0.24,296.0,
2025-02-17 07:42:25,293.97,31.0,377.33,15.0,291.88,33.0,599.62,21.0,335.65,83.35999999999996,64.0,36.0,13.179846357222472,100,28.0,-36.0,0.28,295.5,2.0
2025-02-17 07:42:26,294.0,24.0,340.0,12.0,292.0,24.0,367.33,12.0,317.0,46.0,48.0,24.0,12.091603284924238,72,24.0,-28.0,0.33,295.5,
2025-02-17 07:42:27,294.0,36.0,342.64,22.0,292.0,36.0,343.78,18.0,318.32,48.63999999999999,72.0,40.0,10.503369935405974,112,32.0,40.0,0.29,295.5,
2025-02-17 07:42:28,298.15,13.0,334.85,26.0,295.85,26.0,340.59,34.0,316.5,36.700000000000045,39.0,60.0,9.380521307474847,99,-21.0,-13.0,-0.21,295.5,
2025-02-17 07:42:29,300.0,12.0,337.17,46.0,298.0,24.0,338.77,26.0,318.59,37.170000000000016,36.0,72.0,8.118470915140973,108,-36.0,9.0,-0.33,295.5,
2025-02-17 07:42:30,300.0,10.0,334.7,37.0,298.0,20.0,336.64,22.0,317.35,34.69999999999999,30.0,59.0,0.8831024855527374,89,-29.0,-19.0,-0.33,295.5,
2025-02-17 07:42:31,296.89,18.0,333.37,38.0,295.21,29.0,334.64,28.0,315.13,36.48000000000002,47.0,66.0,1.4125756616865963,113,-19.0,24.0,-0.17,296.0,7.0
2025-02-17 07:42:32,292.0,69.0,332.61,36.0,289.0,11.0,333.47,30.0,312.31,40.610000000000014,80.0,66.0,2.405759755251758,146,14.0,33.0,0.1,292.0,1.0
2025-02-17 07:42:33,292.91,139.0,327.96,49.0,289.08,13.0,330.79,39.0,310.43,35.049999999999955,152.0,88.0,3.40092928476742,240,64.0,94.0,0.27,292.0,
2025-02-17 07:42:34,293.0,125.0,323.77,62.0,291.16,19.0,325.15,52.0,308.39,30.769999999999985,144.0,114.0,3.5849016722900604,258,30.0,18.0,0.12,293.0,5.0
2025-02-17 07:42:35,293.2,35.0,320.81,43.0,292.8,61.0,322.83,24.0,307.01,27.610000000000014,96.0,67.0,3.210588731056556,163,29.0,-95.0,0.18,293.0,
2025-02-17 07:42:36,293.02,41.0,321.22,36.0,292.18,40.0,323.0,18.0,307.12,28.200000000000045,81.0,54.0,2.283313381905099,135,27.0,-28.0,0.2,293.33,3.0
2025-02-17 07:42:37,293.0,37.0,317.62,37.0,292.0,45.0,318.96,27.0,305.31,24.620000000000005,82.0,64.0,1.9001368371742609,146,18.0,11.0,0.12,293.0,4.0
2025-02-17 07:42:38,294.44,25.0,310.05,38.0,292.17,30.0,312.44,32.0,302.25,15.610000000000014,55.0,70.0,2.3729686049306182,125,-15.0,-21.0,-0.12,293.0,
2025-02-17 07:42:39,297.62,64.0,304.84,73.0,293.0,16.0,308.9,48.0,301.23,7.21999999999997,80.0,121.0,2.7175687663767043,201,-41.0,76.0,-0.2,293.0,
2025-02-17 07:42:40,298.0,44.0,302.27,22.0,293.0,11.0,304.0,44.0,300.14,4.269999999999982,55.0,66.0,2.913974948414301,121,-11.0,-80.0,-0.09,293.0,
2025-02-17 07:42:41,298.26,27.0,300.0,44.0,293.0,11.0,303.35,34.0,299.13,1.740000000000009,38.0,78.0,2.374619969592189,116,-40.0,-5.0,-0.34,298.67,3.0
2025-02-17 07:42:42,294.33,9.0,299.3,27.0,292.07,30.0,331.41,34.0,296.81,4.970000000000027,39.0,61.0,2.091009325657311,100,-22.0,-16.0,-0.22,299.0,1.0
2025-02-17 07:42:43,292.08,12.0,297.75,48.0,291.06,70.0,299.0,12.0,294.92,5.670000000000016,82.0,60.0,2.5591658797322503,142,22.0,42.0,0.15,292.25,4.0
2025-02-17 07:42:44,292.0,8.0,294.52,23.0,291.0,48.0,296.2,20.0,293.26,2.519999999999982,56.0,43.0,2.856443592999096,99,13.0,-43.0,0.13,292.25,
2025-02-17 07:42:45,290.78,46.0,292.87,45.0,288.95,61.0,333.33,12.0,291.82,2.090000000000032,107.0,57.0,2.8854237123835973,164,50.0,65.0,0.3,291.14,7.0
2025-02-17 07:42:46,290.17,35.0,293.62,42.0,287.54,78.0,293.86,21.0,291.9,3.4499999999999886,113.0,63.0,2.1283608716534697,176,50.0,12.0,0.28,291.33,3.0
2025-02-17 07:42:47,286.36,88.0,290.12,43.0,234.23,75.0,292.22,46.0,288.24,3.759999999999991,163.0,89.0,2.464248364103212,252,74.0,76.0,0.29,288.0,4.0
2025-02-17 07:42:55,289.0,15.0,291.0,5.0,282.8,15.0,293.0,10.0,290.0,2.0,30.0,15.0,1.833657547085897,45,15.0,8.0,0.33,288.0,
2025-02-17 07:42:56,289.0,24.0,292.33,12.0,270.46,26.0,293.71,28.0,290.67,3.329999999999984,50.0,40.0,2.40541680379621,90,10.0,45.0,0.11,291.0,1.0
2025-02-17 07:42:57,289.67,27.0,293.67,6.0,284.8,15.0,415.6,25.0,291.67,4.0,42.0,31.0,2.646909518662341,73,11.0,-17.0,0.15,293.67,6.0
2025-02-17 07:42:58,290.51,111.0,294.0,15.0,289.58,57.0,506.28,36.0,292.26,3.490000000000009,168.0,51.0,2.1367662483260474,219,117.0,146.0,0.53,293.67,
2025-02-17 07:42:59,292.25,65.0,346.13,23.0,291.72,25.0,358.5,24.0,319.19,53.88,90.0,47.0,12.570289177261822,137,43.0,-82.0,0.31,294.0,1.0
2025-02-17 07:43:02,299.21,38.0,409.5,32.0,298.38,78.0,524.71,34.0,354.36,110.29000000000002,116.0,66.0,50.61496349894948,182,50.0,44.0,0.27,299.14,7.0
2025-02-17 07:43:03,299.0,30.0,386.54,26.0,291.49,35.0,491.1,20.0,342.77,87.54000000000002,65.0,46.0,38.86136667694522,111,19.0,-71.0,0.17,299.14,
2025-02-17 07:43:04,299.0,33.0,349.38,32.0,293.0,176.0,455.33,24.0,324.19,50.38,209.0,56.0,37.45211369201995,265,153.0,154.0,0.58,299.14,
2025-02-17 07:43:05,299.0,13.0,354.0,10.0,293.0,80.0,423.0,12.0,326.5,55.0,93.0,22.0,38.66418200350277,115,71.0,-150.0,0.62,299.0,2.0
2025-02-17 07:43:06,293.38,64.0,396.67,18.0,292.29,99.0,443.0,36.0,345.02,103.29000000000002,163.0,54.0,12.85530902001144,217,109.0,102.0,0.5,293.67,9.0
2025-02-17 07:43:11,295.0,107.0,304.0,30.0,294.0,32.0,381.79,28.0,299.5,9.0,139.0,58.0,48.28412192429295,197,81.0,-27.0,0.41,295.0,8.0
2025-02-17 07:43:12,295.0,63.0,296.0,28.0,293.0,7.0,583.03,29.0,295.5,1.0,70.0,57.0,59.14316866722641,127,13.0,-70.0,0.1,295.0,
2025-02-17 07:43:13,295.0,78.0,370.77,40.0,293.0,10.0,614.0,50.0,332.89,75.76999999999998,88.0,90.0,51.1342194621175,178,-2.0,51.0,-0.01,295.57,7.0
2025-02-17 07:43:18,297.0,38.0,320.23,26.0,295.0,80.0,445.81,21.0,308.62,23.230000000000015,118.0,47.0,70.01496504319614,165,71.0,19.0,0.43,297.0,1.0
2025-02-17 07:43:19,297.0,28.0,320.0,28.0,295.0,70.0,454.0,25.0,308.5,23.0,98.0,53.0,82.56498125718907,151,45.0,-14.0,0.3,297.0,
2025-02-17 07:43:20,297.0,28.0,319.86,28.0,295.0,70.0,337.0,35.0,308.43,22.860000000000014,98.0,63.0,88.11911750579432,161,35.0,10.0,0.22,297.0,
2025-02-17 07:43:21,297.0,32.0,319.0,32.0,295.0,80.0,557.5,40.0,308.0,22.0,112.0,72.0,42.5764943366642,184,40.0,23.0,0.22,297.0,
2025-02-17 07:43:22,297.0,56.0,316.93,56.0,295.41,119.0,396.73,56.0,306.96,19.930000000000007,175.0,112.0,0.6798676341798888,287,63.0,103.0,0.22,297.0,
2025-02-17 07:43:23,296.6,87.0,308.37,59.0,295.65,141.0,310.9,58.0,302.49,11.769999999999982,228.0,117.0,2.5278310861301234,345,111.0,58.0,0.32,297.0,4.0
2025-02-17 07:43:24,296.0,94.0,303.07,56.0,295.0,140.0,308.82,34.0,299.54,7.069999999999993,234.0,90.0,3.8949621307538367,324,144.0,-21.0,0.44,296.0,2.0
2025-02-17 07:43:25,296.25,32.0,300.53,30.0,295.41,85.0,301.65,46.0,298.39,4.279999999999973,117.0,76.0,4.305128337228452,193,41.0,-131.0,0.21,296.0,
2025-02-17 07:43:26,295.05,112.0,297.79,38.0,294.42,48.0,298.0,40.0,296.42,2.740000000000009,160.0,78.0,4.10407724098957,238,82.0,45.0,0.34,298.0,1.0
2025-02-17 07:43:27,295.0,64.0,296.0,56.0,294.0,39.0,352.0,65.0,295.5,1.0,103.0,121.0,2.753864557310296,224,-18.0,-14.0,-0.08,295.0,8.0
2025-02-17 07:43:28,294.06,32.0,295.92,53.0,293.05,63.0,342.51,61.0,294.99,1.8600000000000136,95.0,114.0,1.9368195579378225,209,-19.0,-15.0,-0.09,295.0,2.0
2025-02-17 07:43:29,293.44,54.0,295.74,57.0,292.62,78.0,303.29,65.0,294.59,2.300000000000012,132.0,122.0,1.5119755289061043,254,10.0,45.0,0.04,294.0,3.0
2025-02-17 07:43:30,293.0,90.0,295.02,47.0,292.0,108.0,298.37,86.0,294.01,2.019999999999982,198.0,133.0,0.9168805811071156,331,65.0,77.0,0.2,293.0,2.0
2025-02-17 07:43:31,293.0,10.0,294.57,21.0,292.0,42.0,307.0,35.0,293.79,1.5699999999999932,52.0,56.0,0.7006282894742195,108,-4.0,-176.0,-0.04,293.0,3.0
2025-02-17 07:43:32,292.01,97.0,307.95,41.0,291.04,166.0,314.1,59.0,299.98,15.939999999999998,263.0,100.0,2.564121681982185,363,163.0,176.0,0.45,293.0,1.0
2025-02-17 07:43:33,292.0,48.0,305.0,16.0,291.0,80.0,306.75,16.0,298.5,13.0,128.0,32.0,2.862312002562054,160,96.0,-176.0,0.6,293.0,
2025-02-17 07:43:34,292.0,58.0,302.64,22.0,291.0,110.0,304.09,22.0,297.32,10.639999999999986,168.0,44.0,2.742489744741168,212,124.0,52.0,0.58,292.0,2.0
2025-02-17 07:43:35,292.0,106.0,300.36,28.0,291.0,140.0,301.36,28.0,296.18,8.360000000000014,246.0,56.0,2.3500382975624565,302,190.0,90.0,0.63,292.0,2.0
2025-02-17 07:43:36,292.18,55.0,299.0,20.0,291.5,100.0,300.0,20.0,295.59,6.819999999999993,155.0,40.0,1.77287337393569,195,115.0,-107.0,0.59,292.0,
2025-02-17 07:43:37,294.0,14.0,298.07,28.0,292.0,140.0,299.07,28.0,296.04,4.069999999999993,154.0,56.0,1.1788893077853084,210,98.0,15.0,0.47,292.0,
2025-02-17 07:43:38,294.0,11.0,297.18,22.0,292.0,110.0,298.18,22.0,295.59,3.180000000000007,121.0,44.0,0.7086818750404414,165,77.0,-45.0,0.47,292.0,
2025-02-17 07:43:39,294.87,15.0,296.4,30.0,293.12,25.0,298.61,33.0,295.63,1.5299999999999727,40.0,63.0,0.2823650120163643,103,-23.0,-62.0,-0.22,295.0,1.0
2025-02-17 07:43:40,292.89,18.0,295.67,12.0,291.92,25.0,299.33,27.0,294.28,2.7800000000000296,43.0,39.0,0.6681541738335687,82,4.0,-21.0,0.05,293.33,3.0
2025-02-17 07:43:41,292.0,36.0,303.76,29.0,290.0,90.0,341.6,35.0,297.88,11.759999999999993,126.0,64.0,1.2973164610113257,190,62.0,108.0,0.33,295.67,3.0
2025-02-17 07:43:42,292.67,36.0,294.0,28.0,290.66,58.0,307.0,70.0,293.33,1.329999999999984,94.0,98.0,1.7147798692576597,192,-4.0,2.0,-0.02,295.67,
2025-02-17 07:43:43,292.84,25.0,294.0,18.0,291.7,20.0,307.0,45.0,293.42,1.160000000000025,45.0,63.0,1.9008340274762483,108,-18.0,-84.0,-0.17,293.0,3.0
2025-02-17 07:43:44,292.0,16.0,294.0,16.0,291.0,24.0,307.0,40.0,293.0,2.0,40.0,56.0,2.0117455107472946,96,-16.0,-12.0,-0.17,293.0,
2025-02-17 07:43:45,292.0,10.0,304.26,19.0,291.0,15.0,313.54,13.0,298.13,12.259999999999993,25.0,32.0,2.6106072090629384,57,-7.0,-39.0,-0.12,294.0,2.0
2025-02-17 07:43:46,292.35,37.0,305.3,46.0,289.0,48.0,372.94,18.0,298.83,12.949999999999989,85.0,64.0,2.879508638641536,149,21.0,92.0,0.14,292.78,9.0
2025-02-17 07:43:47,291.95,38.0,294.0,36.0,290.36,42.0,307.0,60.0,292.97,2.050000000000012,80.0,96.0,2.946124573063954,176,-16.0,27.0,-0.09,292.0,4.0
2025-02-17 07:43:48,291.17,23.0,294.0,20.0,289.44,27.0,307.0,45.0,292.59,2.829999999999984,50.0,65.0,3.0959941860429026,115,-15.0,-61.0,-0.13,294.0,1.0
2025-02-17 07:43:49,291.0,15.0,294.0,10.0,288.2,15.0,307.0,25.0,292.5,3.0,30.0,35.0,3.1876605841920367,65,-5.0,-50.0,-0.08,294.0,
2025-02-17 07:43:50,291.0,15.0,294.0,10.0,288.0,15.0,307.0,25.0,292.5,3.0,30.0,35.0,2.775044143795257,65,-5.0,0.0,-0.08,294.0,
