DateTime,Bid1_Price,Bid1_Volume,Ask1_Price,Ask1_Volume,Bid2_Price,Bid2_Volume,Ask2_Price,Ask2_Volume,Mid-Price,Bid_Ask_Spread,Market_Depth_Bid,Market_Depth_Ask,Historical_Volatility,Total_volume,Cumulative_Volume_Difference,Total_Volume_Change_Corrected,Order_imbalance,Weighted_Avg_Price,Trade_Volume
2025-02-04 07:30:12,361.0,5.0,380.55,22.0,360.0,5.0,382.3,23.0,370.77,19.55000000000001,10.0,45.0,3.3316617475370194,55,-35.0,-34.0,-0.64,,
2025-02-04 07:30:13,361.0,10.0,377.86,43.0,360.0,10.0,378.89,44.0,369.43,16.860000000000014,20.0,87.0,3.3518755943502883,107,-67.0,52.0,-0.63,,
2025-02-04 07:30:14,361.0,10.0,374.23,44.0,360.0,10.0,375.7,46.0,367.61,13.230000000000018,20.0,90.0,3.2190029512258413,110,-70.0,3.0,-0.64,,
2025-02-04 07:30:15,361.0,8.0,370.53,34.0,360.0,8.0,371.47,34.0,365.76,9.529999999999973,16.0,68.0,2.831745045020873,84,-52.0,-26.0,-0.62,,
2025-02-04 07:30:16,359.33,27.0,366.0,60.0,356.64,75.0,367.07,60.0,362.67,6.670000000000016,102.0,120.0,3.1807577713494046,222,-18.0,138.0,-0.08,360.5,2.0
2025-02-04 07:30:17,358.0,75.0,362.42,65.0,356.0,315.0,363.47,64.0,360.21,4.420000000000016,390.0,129.0,3.718034426951829,519,261.0,184.0,0.5,360.5,
2025-02-04 07:30:18,356.06,165.0,358.62,52.0,355.86,113.0,360.19,54.0,357.34,2.5600000000000023,278.0,106.0,4.135235180736183,384,172.0,-135.0,0.45,357.11,9.0
2025-02-04 07:30:19,356.0,263.0,359.0,63.0,354.0,16.0,359.99,77.0,357.5,3.0,279.0,140.0,3.579599139568185,419,139.0,35.0,0.33,356.0,3.0
2025-02-04 07:30:20,356.0,154.0,358.0,44.0,354.0,11.0,359.0,55.0,357.0,2.0,165.0,99.0,2.4455531071715426,264,66.0,-155.0,0.25,356.0,2.0
2025-02-04 07:30:21,356.0,164.0,358.41,80.0,354.0,16.0,364.27,66.0,357.21,2.410000000000025,180.0,146.0,1.3308155394327723,326,34.0,62.0,0.1,356.0,14.0
2025-02-04 07:30:22,356.0,18.0,370.3,47.0,354.0,9.0,372.07,54.0,363.15,14.300000000000011,27.0,101.0,2.639327565876588,128,-74.0,-184.0,-0.58,356.0,
2025-02-04 07:30:23,333.85,26.0,371.66,29.0,311.47,19.0,372.91,35.0,352.75,37.81,45.0,64.0,3.701914369619516,109,-19.0,-19.0,-0.17,355.33,3.0
2025-02-04 07:30:24,332.52,75.0,348.52,31.0,325.04,52.0,371.79,57.0,340.52,16.0,127.0,88.0,8.459020628890409,215,39.0,106.0,0.18,355.33,
2025-02-04 07:30:25,334.0,90.0,346.0,30.0,333.0,45.0,370.77,77.0,340.0,12.0,135.0,107.0,10.243340763637194,242,28.0,27.0,0.12,355.33,
2025-02-04 07:30:26,335.5,60.0,346.0,18.0,332.76,75.0,360.78,37.0,340.75,10.5,135.0,55.0,10.283434737478997,190,80.0,-52.0,0.42,346.0,1.0
2025-02-04 07:30:27,338.0,27.0,346.0,9.0,332.0,54.0,350.0,18.0,342.0,8.0,81.0,27.0,5.386727206754385,108,54.0,-82.0,0.5,346.0,
2025-02-04 07:30:28,338.71,21.0,358.55,11.0,330.08,50.0,363.5,28.0,348.63,19.840000000000032,71.0,39.0,3.570287103299614,110,32.0,2.0,0.29,348.67,3.0
2025-02-04 07:30:29,352.15,39.0,369.0,39.0,333.58,59.0,371.0,117.0,360.58,16.850000000000023,98.0,156.0,8.635500564529487,254,-58.0,144.0,-0.23,358.0,3.0
2025-02-04 07:30:30,356.43,101.0,369.0,45.0,333.05,77.0,371.0,135.0,362.71,12.569999999999991,178.0,180.0,10.253756872482937,358,-2.0,104.0,-0.01,358.0,
2025-02-04 07:30:31,361.31,58.0,369.0,33.0,360.29,70.0,371.0,99.0,365.16,7.689999999999998,128.0,132.0,10.000671477455583,260,-4.0,-98.0,-0.02,361.6,5.0
2025-02-04 07:30:32,361.0,84.0,369.0,36.0,356.0,24.0,371.0,108.0,365.0,8.0,108.0,144.0,6.850505820740239,252,-36.0,-8.0,-0.14,361.0,4.0
2025-02-04 07:30:33,361.0,24.0,369.0,18.0,356.0,12.0,371.0,54.0,365.0,8.0,36.0,72.0,2.0140506448441875,108,-36.0,-144.0,-0.33,361.0,
2025-02-04 07:30:34,358.27,44.0,367.61,36.0,341.07,82.0,369.43,63.0,362.94,9.340000000000032,126.0,99.0,1.224957142106396,225,27.0,117.0,0.12,361.0,4.0
2025-02-04 07:30:35,356.0,14.0,365.0,14.0,339.0,42.0,368.0,21.0,360.5,9.0,56.0,35.0,2.0203465049335887,91,21.0,-134.0,0.23,361.0,
2025-02-04 07:30:36,356.0,18.0,363.0,18.0,339.0,54.0,369.54,52.0,359.5,7.0,72.0,70.0,2.5325323295067936,142,2.0,51.0,0.01,361.0,
2025-02-04 07:30:37,356.3,20.0,360.27,44.0,341.12,48.0,364.92,26.0,358.29,3.9699999999999696,68.0,70.0,2.70671018027361,138,-2.0,-4.0,-0.01,361.0,
2025-02-04 07:30:38,357.0,28.0,358.62,32.0,356.0,28.0,364.52,58.0,357.81,1.6200000000000043,56.0,90.0,2.0420259547803283,146,-34.0,8.0,-0.23,357.0,2.0
2025-02-04 07:30:39,356.0,20.0,358.8,20.0,340.56,90.0,369.0,50.0,357.4,2.800000000000012,110.0,70.0,1.2777128002788234,180,40.0,34.0,0.22,357.0,
2025-02-04 07:30:40,344.28,103.0,355.5,28.0,340.23,137.0,360.71,41.0,349.89,11.220000000000027,240.0,69.0,3.8207289880330366,309,171.0,129.0,0.55,357.0,
2025-02-04 07:30:41,344.76,34.0,361.76,45.0,343.0,119.0,365.76,83.0,353.26,17.0,153.0,128.0,3.642643271032141,281,25.0,-28.0,0.09,354.0,2.0
2025-02-04 07:30:42,347.5,28.0,364.29,42.0,344.45,76.0,365.4,50.0,355.89,16.79000000000002,104.0,92.0,3.296793897106037,196,12.0,-85.0,0.06,354.0,
2025-02-04 07:30:43,351.73,15.0,363.27,45.0,346.24,34.0,364.0,33.0,357.5,11.539999999999964,49.0,78.0,3.2294380316079145,127,-29.0,-69.0,-0.23,354.0,
2025-02-04 07:30:44,356.0,51.0,358.94,51.0,352.24,34.0,360.12,51.0,357.47,2.9399999999999977,85.0,102.0,3.2437123793572806,187,-17.0,60.0,-0.09,354.0,
2025-02-04 07:30:45,356.0,45.0,357.67,45.0,354.0,30.0,358.67,45.0,356.83,1.670000000000016,75.0,90.0,1.7634483264320475,165,-15.0,-22.0,-0.09,354.0,
2025-02-04 07:30:46,354.4,30.0,357.07,42.0,346.11,64.0,366.94,66.0,355.74,2.670000000000016,94.0,108.0,0.8406128716574075,202,-14.0,37.0,-0.07,356.0,3.0
2025-02-04 07:30:47,347.18,33.0,357.0,27.0,345.44,45.0,364.71,35.0,352.09,9.819999999999991,78.0,62.0,2.2598738902858955,140,16.0,-62.0,0.11,354.0,2.0
2025-02-04 07:30:48,345.0,35.0,356.57,21.0,343.0,35.0,368.53,34.0,350.79,11.569999999999991,70.0,55.0,2.9717133105324067,125,15.0,-15.0,0.12,354.0,
2025-02-04 07:30:49,346.16,50.0,355.7,60.0,344.17,65.0,365.0,80.0,350.93,9.539999999999964,115.0,140.0,2.819251673759376,255,-25.0,130.0,-0.1,354.0,
2025-02-04 07:30:50,350.11,18.0,354.0,48.0,348.68,19.0,362.75,64.0,352.06,3.8899999999999855,37.0,112.0,2.0056096330031,149,-75.0,-106.0,-0.5,354.0,
2025-02-04 07:30:51,350.71,21.0,352.27,45.0,348.16,31.0,361.84,76.0,351.49,1.5600000000000025,52.0,121.0,0.6096884450230088,173,-69.0,24.0,-0.4,352.0,2.0
2025-02-04 07:30:52,346.86,14.0,363.76,25.0,343.82,22.0,366.74,47.0,355.31,16.899999999999977,36.0,72.0,1.854826137403396,108,-36.0,-65.0,-0.33,348.5,4.0
2025-02-04 07:30:53,354.82,17.0,366.0,42.0,346.0,19.0,367.0,70.0,360.41,11.180000000000009,36.0,112.0,3.946035985643771,148,-76.0,40.0,-0.51,348.5,
2025-02-04 07:30:54,358.73,11.0,366.0,24.0,352.32,38.0,367.0,40.0,362.36,7.269999999999982,49.0,64.0,4.891475237594124,113,-15.0,-35.0,-0.13,361.0,2.0
2025-02-04 07:30:55,356.12,8.0,365.38,24.0,351.79,38.0,366.5,30.0,360.75,9.259999999999993,46.0,54.0,4.527027722468368,100,-8.0,-13.0,-0.08,361.0,
2025-02-04 07:30:56,358.57,14.0,365.0,42.0,356.0,14.0,366.0,42.0,361.79,6.430000000000007,28.0,84.0,2.802834279795716,112,-56.0,12.0,-0.5,361.0,
2025-02-04 07:30:57,359.0,10.0,363.3,30.0,356.0,10.0,367.91,66.0,361.15,4.300000000000011,20.0,96.0,0.7874769837896257,116,-76.0,4.0,-0.66,361.0,
2025-02-04 07:30:58,359.77,13.0,363.0,39.0,352.19,21.0,367.96,71.0,361.38,3.230000000000018,34.0,110.0,0.6168711372713827,144,-76.0,28.0,-0.53,361.0,1.0
2025-02-04 07:30:59,356.0,11.0,362.73,33.0,348.0,55.0,365.91,33.0,359.36,6.730000000000018,66.0,66.0,0.9324859248258148,132,0.0,-12.0,0.0,361.0,
2025-02-04 07:31:00,348.67,60.0,355.38,48.0,347.69,36.0,361.88,48.0,352.02,6.70999999999998,96.0,96.0,4.0872668129200695,192,0.0,60.0,0.0,356.0,1.0
2025-02-04 07:31:01,347.95,63.0,349.0,45.0,342.8,30.0,360.33,45.0,348.48,1.0500000000000114,93.0,90.0,5.873773914613747,183,3.0,-9.0,0.02,356.0,
2025-02-04 07:31:02,347.75,24.0,349.0,45.0,341.4,45.0,357.33,45.0,348.38,1.25,69.0,90.0,6.106150997150039,159,-21.0,-24.0,-0.13,356.0,
2025-02-04 07:31:03,350.73,33.0,351.92,39.0,346.79,14.0,354.88,43.0,351.33,1.1899999999999975,47.0,82.0,4.474279830318619,129,-35.0,-30.0,-0.27,351.5,14.0
2025-02-04 07:31:04,360.67,54.0,366.86,42.0,357.64,112.0,370.22,64.0,363.76,6.189999999999998,166.0,106.0,6.346052316203837,272,60.0,143.0,0.22,351.5,
2025-02-04 07:31:05,359.82,66.0,364.0,42.0,357.78,103.0,367.0,56.0,361.91,4.180000000000007,169.0,98.0,7.483807186185153,267,71.0,-5.0,0.27,362.0,3.0
2025-02-04 07:31:06,358.0,99.0,366.57,42.0,357.0,44.0,368.54,35.0,362.29,8.569999999999993,143.0,77.0,7.12069729731556,220,66.0,-47.0,0.3,362.0,
2025-02-04 07:31:07,358.0,84.0,362.82,33.0,357.0,40.0,369.23,35.0,360.41,4.819999999999993,124.0,68.0,4.958548174616988,192,56.0,-28.0,0.29,358.0,2.0
2025-02-04 07:31:08,358.0,56.0,359.0,24.0,357.0,32.0,369.83,36.0,358.5,1.0,88.0,60.0,2.0005324291292004,148,28.0,-44.0,0.19,358.0,
2025-02-04 07:31:09,358.0,60.0,359.0,27.0,357.0,36.0,371.0,72.0,358.5,1.0,96.0,99.0,1.80567715829752,195,-3.0,47.0,-0.02,358.0,1.0
2025-02-04 07:31:10,358.0,48.0,362.31,29.0,357.0,32.0,371.1,59.0,360.16,4.310000000000002,80.0,88.0,1.57590291579061,168,-8.0,-27.0,-0.05,358.0,
2025-02-04 07:31:11,358.0,30.0,371.0,40.0,357.0,30.0,373.0,15.0,364.5,13.0,60.0,55.0,2.453911163835669,115,5.0,-53.0,0.04,358.0,
2025-02-04 07:31:12,358.0,66.0,370.35,69.0,357.0,66.0,371.41,74.0,364.17,12.350000000000025,132.0,143.0,2.9734962586149973,275,-11.0,160.0,-0.04,358.0,
2025-02-04 07:31:13,358.31,61.0,370.0,100.0,357.3,60.0,371.75,48.0,364.16,11.689999999999998,121.0,148.0,2.7756116443042664,269,-27.0,-6.0,-0.1,359.0,1.0
2025-02-04 07:31:14,359.0,90.0,369.15,130.0,358.0,90.0,371.36,77.0,364.08,10.149999999999975,180.0,207.0,1.8261653813380172,387,-27.0,118.0,-0.07,359.0,
2025-02-04 07:31:15,361.0,90.0,367.71,120.0,358.0,90.0,369.37,57.0,364.35,6.70999999999998,180.0,177.0,0.1702057578271621,357,3.0,-30.0,0.01,359.0,
2025-02-04 07:31:16,363.11,94.0,365.97,93.0,358.84,134.0,369.55,69.0,364.54,2.8600000000000136,228.0,162.0,0.1850675552265289,390,66.0,33.0,0.17,364.0,4.0
2025-02-04 07:31:17,363.18,34.0,365.0,36.0,361.26,86.0,366.54,56.0,364.09,1.8199999999999927,120.0,92.0,0.1978130430419685,212,28.0,-178.0,0.13,364.0,2.0
2025-02-04 07:31:18,362.0,74.0,364.67,36.0,358.0,96.0,368.42,36.0,363.33,2.670000000000016,170.0,72.0,0.4601847455071641,242,98.0,30.0,0.4,362.0,5.0
2025-02-04 07:31:19,362.0,18.0,364.0,27.0,358.0,72.0,365.0,27.0,363.0,2.0,90.0,54.0,0.6663107383176723,144,36.0,-98.0,0.25,362.0,
2025-02-04 07:31:20,358.33,96.0,363.27,45.0,357.59,54.0,365.0,45.0,360.8,4.939999999999998,150.0,90.0,1.448540644924153,240,60.0,96.0,0.25,362.0,2.0
2025-02-04 07:31:21,358.0,108.0,360.62,48.0,357.0,32.0,364.06,48.0,359.31,2.6200000000000045,140.0,96.0,1.9847493544518573,236,44.0,-4.0,0.19,358.0,2.0
2025-02-04 07:31:22,358.0,41.0,359.0,45.0,357.0,30.0,369.53,45.0,358.5,1.0,71.0,90.0,2.1548944289679013,161,-19.0,-75.0,-0.12,358.0,5.0
2025-02-04 07:31:23,357.0,10.0,371.0,15.0,355.52,31.0,374.0,15.0,364.0,14.0,41.0,30.0,2.349025329790406,71,11.0,-90.0,0.15,358.0,1.0
2025-02-04 07:31:24,357.0,12.0,370.0,12.0,356.0,24.0,371.0,18.0,363.5,13.0,36.0,30.0,2.4571161958680268,66,6.0,-5.0,0.09,358.0,
2025-02-04 07:31:25,357.33,36.0,370.0,49.0,356.08,52.0,372.25,56.0,363.67,12.670000000000016,88.0,105.0,2.660682243334806,193,-17.0,127.0,-0.09,358.0,
2025-02-04 07:31:26,358.64,84.0,369.0,28.0,357.0,28.0,370.0,42.0,363.82,10.360000000000014,112.0,70.0,2.3540008496169698,182,42.0,-11.0,0.23,358.0,
2025-02-04 07:31:27,359.58,72.0,369.0,24.0,357.0,24.0,370.0,36.0,364.29,9.420000000000016,96.0,60.0,0.3048442225101334,156,36.0,-26.0,0.23,358.0,
2025-02-04 07:31:28,361.08,72.0,369.0,24.0,357.0,24.0,370.0,36.0,365.04,7.920000000000016,96.0,60.0,0.6197822198142635,156,36.0,0.0,0.23,358.0,
2025-02-04 07:31:29,362.0,78.0,369.0,26.0,357.0,26.0,370.85,39.0,365.5,7.0,104.0,65.0,0.7874833331557263,169,39.0,13.0,0.23,358.0,
2025-02-04 07:31:30,362.0,60.0,369.0,20.0,357.0,20.0,371.0,30.0,365.5,7.0,80.0,50.0,0.75059976019062,130,30.0,-39.0,0.23,358.0,
2025-02-04 07:31:31,362.0,17.0,369.0,24.0,357.0,24.0,371.0,36.0,365.5,7.0,41.0,60.0,0.5286586800558295,101,-19.0,-29.0,-0.19,362.0,5.0
2025-02-04 07:31:32,362.0,10.0,368.1,20.0,357.0,20.0,371.0,30.0,365.05,6.100000000000023,30.0,50.0,0.2492388412716767,80,-20.0,-21.0,-0.25,362.0,
2025-02-04 07:31:33,359.71,21.0,367.07,30.0,357.73,22.0,368.56,32.0,363.39,7.360000000000014,43.0,62.0,0.9143139504559228,105,-19.0,25.0,-0.18,358.4,5.0
2025-02-04 07:31:34,356.0,56.0,364.5,28.0,355.0,28.0,366.5,28.0,360.25,8.5,84.0,56.0,2.2370672765918003,140,28.0,35.0,0.2,358.4,
2025-02-04 07:31:35,356.0,60.0,359.55,40.0,355.0,30.0,361.47,30.0,357.77,3.550000000000012,90.0,70.0,3.3042275950662403,160,20.0,20.0,0.12,358.4,
2025-02-04 07:31:36,356.0,56.0,357.74,38.0,355.0,31.0,358.81,42.0,356.87,1.740000000000009,87.0,80.0,3.521687095696673,167,7.0,7.0,0.04,357.0,3.0
2025-02-04 07:31:37,356.0,20.0,363.33,24.0,355.0,30.0,365.32,38.0,359.67,7.329999999999984,50.0,62.0,2.5294663468795062,112,-12.0,-55.0,-0.11,356.33,3.0
2025-02-04 07:31:38,356.0,16.0,369.0,24.0,355.0,12.0,371.0,32.0,362.5,13.0,28.0,56.0,2.205815042109355,84,-28.0,-28.0,-0.33,356.0,2.0
2025-02-04 07:31:39,355.0,12.0,369.0,36.0,353.0,24.0,371.0,48.0,362.0,14.0,36.0,84.0,2.4922620247470064,120,-48.0,36.0,-0.4,356.0,
2025-02-04 07:31:40,355.0,12.0,366.17,36.0,353.0,24.0,368.75,40.0,360.58,11.170000000000016,36.0,76.0,2.234240363075621,112,-40.0,-8.0,-0.36,356.0,
2025-02-04 07:31:41,355.0,7.0,364.0,21.0,353.0,14.0,366.43,21.0,359.5,9.0,21.0,42.0,1.353957163279764,63,-21.0,-49.0,-0.33,356.0,
2025-02-04 07:31:42,355.94,34.0,363.5,50.0,354.6,20.0,366.56,54.0,359.72,7.560000000000002,54.0,104.0,1.3432051220854468,158,-50.0,95.0,-0.32,356.0,
2025-02-04 07:31:43,356.0,22.0,362.0,11.0,355.0,11.0,363.0,33.0,359.0,6.0,33.0,44.0,1.176520293066027,77,-11.0,-81.0,-0.14,356.0,
2025-02-04 07:31:44,356.0,26.0,360.4,20.0,355.0,13.0,361.58,33.0,358.2,4.399999999999977,39.0,53.0,0.8810221336582357,92,-14.0,15.0,-0.15,356.0,
2025-02-04 07:31:45,354.94,32.0,357.76,50.0,349.04,49.0,360.62,29.0,356.35,2.819999999999993,81.0,79.0,1.36348083961424,160,2.0,68.0,0.01,353.71,7.0
2025-02-04 07:31:46,352.0,16.0,358.43,14.0,347.0,72.0,360.5,12.0,355.21,6.430000000000007,88.0,26.0,1.8736942119765996,114,62.0,-46.0,0.54,353.71,
2025-02-04 07:31:47,352.0,34.0,357.06,34.0,347.0,153.0,360.0,17.0,354.53,5.060000000000002,187.0,51.0,1.9093637683778104,238,136.0,124.0,0.57,353.71,
2025-02-04 07:31:48,352.0,18.0,356.88,16.0,347.0,81.0,358.91,11.0,354.44,4.879999999999996,99.0,27.0,1.5699140103818665,126,72.0,-112.0,0.57,353.71,
2025-02-04 07:31:49,352.0,30.0,355.4,15.0,347.0,135.0,357.19,16.0,353.7,3.3999999999999773,165.0,31.0,0.9965590800311742,196,134.0,70.0,0.68,356.5,2.0
2025-02-04 07:31:50,352.0,22.0,353.36,11.0,347.0,99.0,362.61,23.0,352.68,1.3600000000000136,121.0,34.0,0.9628447434513732,155,87.0,-41.0,0.56,353.0,1.0
2025-02-04 07:31:51,352.0,22.0,358.8,20.0,347.0,117.0,367.05,65.0,355.4,6.800000000000011,139.0,85.0,1.0191172650838385,224,54.0,69.0,0.24,353.0,1.0
2025-02-04 07:31:52,352.98,41.0,366.37,102.0,348.48,44.0,367.11,56.0,359.67,13.389999999999986,85.0,158.0,2.701688361005536,243,-73.0,19.0,-0.3,353.0,
2025-02-04 07:31:53,355.83,72.0,362.85,39.0,353.57,28.0,365.91,108.0,359.34,7.020000000000039,100.0,147.0,3.2082736790980757,247,-47.0,4.0,-0.19,353.0,
2025-02-04 07:31:54,357.0,45.0,362.0,28.0,354.0,42.0,365.0,42.0,359.5,5.0,87.0,70.0,3.1452853606619646,157,17.0,-90.0,0.11,357.0,3.0
2025-02-04 07:31:55,357.82,17.0,361.35,34.0,354.0,51.0,364.68,31.0,359.59,3.5300000000000296,68.0,65.0,1.848823950514404,133,3.0,-24.0,0.02,357.0,
2025-02-04 07:31:56,358.5,14.0,360.0,28.0,354.0,42.0,365.0,42.0,359.25,1.5,56.0,70.0,0.1736375535312298,126,-14.0,-7.0,-0.11,357.0,
2025-02-04 07:31:57,354.88,40.0,363.45,31.0,349.97,38.0,367.4,60.0,359.16,8.569999999999993,78.0,91.0,0.1765502761148467,169,-13.0,43.0,-0.08,359.0,1.0
2025-02-04 07:31:58,359.71,49.0,364.38,13.0,353.18,33.0,368.44,64.0,362.05,4.670000000000016,82.0,77.0,1.2091525958275915,159,5.0,-10.0,0.03,359.0,
2025-02-04 07:31:59,357.13,45.0,362.79,14.0,346.8,90.0,369.0,112.0,359.96,5.660000000000025,135.0,126.0,1.1874636836538035,261,9.0,102.0,0.03,361.0,4.0
2025-02-04 07:32:00,355.81,36.0,361.0,15.0,351.55,33.0,369.09,95.0,358.4,5.189999999999998,69.0,110.0,1.392275116489749,179,-41.0,-82.0,-0.23,355.29,7.0
2025-02-04 07:32:01,356.0,22.0,361.0,11.0,354.0,11.0,370.0,33.0,358.5,5.0,33.0,44.0,1.4978918519026825,77,-11.0,-102.0,-0.14,355.29,
2025-02-04 07:32:02,356.47,34.0,359.24,17.0,354.76,21.0,369.98,41.0,357.85,2.769999999999982,55.0,58.0,1.6983138696943705,113,-3.0,36.0,-0.03,358.0,2.0
2025-02-04 07:32:03,356.0,32.0,357.0,16.0,354.0,16.0,370.74,31.0,356.5,1.0,48.0,47.0,1.248126596141403,95,1.0,-18.0,0.01,358.0,
2025-02-04 07:32:04,347.19,47.0,356.63,19.0,343.25,40.0,372.55,67.0,351.91,9.439999999999998,87.0,86.0,2.7574208964165,173,1.0,78.0,0.01,351.17,6.0
2025-02-04 07:32:05,347.0,16.0,356.0,8.0,344.0,8.0,371.0,24.0,351.5,9.0,24.0,32.0,3.320507491332228,56,-8.0,-117.0,-0.14,351.17,
2025-02-04 07:32:06,345.29,63.0,352.38,29.0,343.27,41.0,370.0,45.0,348.83,7.089999999999975,104.0,74.0,3.744792384097164,178,30.0,122.0,0.17,351.17,
2025-02-04 07:32:07,345.0,126.0,349.0,70.0,344.0,14.0,352.57,14.0,347.0,4.0,140.0,84.0,3.603036219633432,224,56.0,46.0,0.25,351.17,
2025-02-04 07:32:08,346.34,97.0,348.82,85.0,344.93,129.0,349.48,29.0,347.58,2.480000000000018,226.0,114.0,2.241702478026239,340,112.0,116.0,0.33,351.17,
2025-02-04 07:32:09,345.36,110.0,348.71,70.0,342.73,66.0,349.33,30.0,347.04,3.349999999999966,176.0,100.0,1.889206182497874,276,76.0,-64.0,0.28,348.0,5.0
2025-02-04 07:32:10,345.14,63.0,349.63,19.0,340.0,21.0,366.52,23.0,347.39,4.490000000000009,84.0,42.0,0.7459691682553429,126,42.0,-150.0,0.33,349.17,6.0
2025-02-04 07:32:11,347.01,109.0,367.92,63.0,342.69,78.0,370.37,57.0,357.46,20.910000000000025,187.0,120.0,4.571365222774136,307,67.0,181.0,0.22,352.0,1.0
2025-02-04 07:32:12,352.63,41.0,369.0,116.0,349.25,32.0,371.0,45.0,360.82,16.370000000000005,73.0,161.0,6.576041362399638,234,-88.0,-73.0,-0.38,356.67,3.0
2025-02-04 07:32:13,347.0,60.0,368.15,54.0,346.0,135.0,369.06,95.0,357.57,21.149999999999977,195.0,149.0,6.390362274550025,344,46.0,110.0,0.13,356.67,
2025-02-04 07:32:14,347.0,60.0,358.98,46.0,346.0,135.0,367.62,65.0,352.99,11.980000000000018,195.0,111.0,5.200445173251318,306,84.0,-38.0,0.27,356.67,
2025-02-04 07:32:15,348.05,155.0,352.0,120.0,346.57,105.0,365.6,80.0,350.02,3.9499999999999886,260.0,200.0,4.254100374931611,460,60.0,154.0,0.13,356.67,
2025-02-04 07:32:16,349.21,114.0,351.82,51.0,348.15,94.0,356.44,82.0,350.52,2.6100000000000136,208.0,133.0,4.676829053962999,341,75.0,-119.0,0.22,356.67,
2025-02-04 07:32:17,353.79,76.0,356.41,51.0,348.38,84.0,358.53,76.0,355.1,2.6200000000000045,160.0,127.0,3.163771483529064,287,33.0,-54.0,0.11,351.86,7.0
2025-02-04 07:32:18,361.26,70.0,365.43,89.0,358.9,60.0,366.34,109.0,363.34,4.170000000000016,130.0,198.0,5.400007407401619,328,-68.0,41.0,-0.21,363.0,3.0
2025-02-04 07:32:19,363.0,13.0,366.0,104.0,361.0,78.0,367.0,91.0,364.5,3.0,91.0,195.0,6.897541591030379,286,-104.0,-42.0,-0.36,363.0,
2025-02-04 07:32:20,363.0,9.0,366.0,72.0,361.0,62.0,367.0,63.0,364.5,3.0,71.0,135.0,6.416846577564068,206,-64.0,-80.0,-0.31,363.0,
2025-02-04 07:32:21,363.0,8.0,365.85,52.0,361.0,80.0,366.84,50.0,364.42,2.8500000000000227,88.0,102.0,4.09481623519266,190,-14.0,-16.0,-0.07,363.0,
2025-02-04 07:32:22,363.0,12.0,365.0,48.0,361.0,120.0,366.0,72.0,364.0,2.0,132.0,120.0,0.4991192242327428,252,12.0,62.0,0.05,363.0,
2025-02-04 07:32:23,363.0,7.0,365.0,28.0,361.0,70.0,366.0,28.0,364.0,2.0,77.0,56.0,0.2613044201669447,133,21.0,-119.0,0.16,363.0,
2025-02-04 07:32:24,363.0,9.0,365.0,36.0,361.0,90.0,366.0,36.0,364.0,2.0,99.0,72.0,0.2535350074421821,171,27.0,38.0,0.16,363.0,
2025-02-04 07:32:25,363.0,11.0,364.62,39.0,361.0,110.0,365.55,44.0,363.81,1.6200000000000043,121.0,83.0,0.2246775467166267,204,38.0,33.0,0.19,363.0,
2025-02-04 07:32:26,361.26,23.0,364.47,17.0,359.75,40.0,365.4,20.0,362.87,3.2100000000000364,63.0,37.0,0.4910498956301414,100,26.0,-104.0,0.26,363.0,1.0
2025-02-04 07:32:27,361.0,110.0,365.0,44.0,356.41,59.0,366.55,44.0,363.0,4.0,169.0,88.0,0.5559946042887689,257,81.0,157.0,0.32,363.0,
2025-02-04 07:32:28,361.0,130.0,365.0,77.0,357.0,102.0,367.0,52.0,363.0,4.0,232.0,129.0,0.5264313820414517,361,103.0,104.0,0.29,363.0,
2025-02-04 07:32:29,361.0,90.0,364.71,28.0,357.0,90.0,366.11,36.0,362.86,3.70999999999998,180.0,64.0,0.3982084881037745,244,116.0,-117.0,0.48,363.0,
2025-02-04 07:32:30,361.0,130.0,363.69,26.0,357.0,130.0,365.23,52.0,362.35,2.6899999999999977,260.0,78.0,0.2691282222244454,338,182.0,94.0,0.54,363.0,
2025-02-04 07:32:31,361.0,98.0,364.32,38.0,357.0,140.0,366.36,56.0,362.66,3.319999999999993,238.0,94.0,0.2749181696390044,332,144.0,-6.0,0.43,361.0,6.0
2025-02-04 07:32:32,361.0,32.0,366.0,32.0,357.0,80.0,367.0,32.0,363.5,5.0,112.0,64.0,0.4267083312963778,176,48.0,-156.0,0.27,361.0,
2025-02-04 07:32:33,361.0,16.0,364.69,39.0,357.0,100.0,365.82,34.0,362.85,3.6899999999999977,116.0,73.0,0.4208681503721996,189,43.0,13.0,0.23,361.0,3.0
2025-02-04 07:32:34,357.24,85.0,362.63,43.0,356.56,90.0,363.46,48.0,359.93,5.389999999999986,175.0,91.0,1.3677243874396885,266,84.0,77.0,0.32,361.0,1.0
2025-02-04 07:32:35,357.0,90.0,359.69,29.0,356.0,45.0,360.65,34.0,358.34,2.6899999999999977,135.0,63.0,2.214098010476655,198,72.0,-68.0,0.36,361.0,
2025-02-04 07:32:36,357.0,108.0,361.0,58.0,356.0,75.0,369.52,73.0,359.0,4.0,183.0,131.0,2.319057998411433,314,52.0,116.0,0.17,357.0,7.0
2025-02-04 07:32:37,356.0,15.0,372.0,12.0,355.0,9.0,373.0,30.0,364.0,16.0,24.0,42.0,2.47427363078462,66,-18.0,-184.0,-0.27,357.0,3.0
2025-02-04 07:32:38,356.71,17.0,372.0,36.0,355.85,41.0,373.0,52.0,364.35,15.29000000000002,58.0,88.0,2.8445614776264465,146,-30.0,80.0,-0.21,357.0,
2025-02-04 07:32:39,356.36,22.0,372.0,52.0,355.43,47.0,373.0,60.0,364.18,15.639999999999986,69.0,112.0,3.027669070423156,181,-43.0,35.0,-0.24,356.5,4.0
2025-02-04 07:32:40,355.92,25.0,365.04,68.0,348.83,46.0,368.33,51.0,360.48,9.120000000000005,71.0,119.0,2.4888390868027703,190,-48.0,9.0,-0.25,356.0,7.0
2025-02-04 07:32:41,355.0,44.0,362.36,55.0,354.0,11.0,373.0,22.0,358.68,7.360000000000014,55.0,77.0,2.5998307637223546,132,-22.0,-58.0,-0.17,356.0,
2025-02-04 07:32:42,355.0,44.0,361.64,55.0,354.0,11.0,373.84,38.0,358.32,6.639999999999986,55.0,93.0,2.914021276517437,148,-38.0,16.0,-0.26,356.0,
2025-02-04 07:32:43,354.77,31.0,360.54,65.0,345.44,27.0,373.19,42.0,357.66,5.770000000000039,58.0,107.0,2.6291975962249854,165,-49.0,17.0,-0.3,355.0,4.0
2025-02-04 07:32:44,354.0,9.0,359.67,45.0,343.0,27.0,366.71,28.0,356.83,5.670000000000016,36.0,73.0,1.3623068670435965,109,-37.0,-56.0,-0.34,355.0,
2025-02-04 07:32:45,354.0,9.0,358.56,45.0,343.0,27.0,366.0,27.0,356.28,4.560000000000002,36.0,72.0,1.0016386573977514,108,-36.0,-1.0,-0.33,355.0,
2025-02-04 07:32:46,354.0,13.0,357.54,65.0,343.0,39.0,366.0,39.0,355.77,3.5400000000000205,52.0,104.0,1.028868310326068,156,-52.0,48.0,-0.33,355.0,
2025-02-04 07:32:47,351.8,15.0,355.64,53.0,342.76,41.0,358.74,62.0,353.72,3.839999999999975,56.0,115.0,1.479922295254945,171,-59.0,15.0,-0.35,354.67,3.0
2025-02-04 07:32:48,343.0,42.0,356.45,22.0,341.0,70.0,358.17,69.0,349.73,13.449999999999989,112.0,91.0,2.8967965064863925,203,21.0,32.0,0.1,354.67,
2025-02-04 07:32:49,343.0,27.0,355.33,9.0,341.0,45.0,357.0,45.0,349.17,12.329999999999984,72.0,54.0,3.327526108085543,126,18.0,-77.0,0.14,354.67,
2025-02-04 07:32:50,343.0,39.0,352.07,29.0,341.0,65.0,354.22,49.0,347.53,9.069999999999991,104.0,78.0,3.427270050636532,182,26.0,56.0,0.14,354.67,
2025-02-04 07:32:51,343.59,17.0,349.59,17.0,341.29,41.0,350.05,37.0,346.59,6.0,58.0,54.0,2.74789373884604,112,4.0,-70.0,0.04,354.67,
2025-02-04 07:32:52,345.0,14.0,348.43,14.0,341.26,70.0,350.0,79.0,346.71,3.430000000000007,84.0,93.0,1.4335550216118034,177,-9.0,65.0,-0.05,354.67,
2025-02-04 07:32:53,343.0,52.0,349.97,61.0,339.85,82.0,351.33,18.0,346.48,6.970000000000027,134.0,79.0,1.1263125676240815,213,55.0,36.0,0.26,349.0,2.0
2025-02-04 07:32:54,343.0,44.0,350.0,47.0,339.0,44.0,352.0,11.0,346.5,7.0,88.0,58.0,0.4388279845082253,146,30.0,-67.0,0.21,349.0,
2025-02-04 07:32:55,344.85,26.0,357.31,32.0,342.38,52.0,361.68,44.0,351.08,12.45999999999998,78.0,76.0,2.018977463962402,154,2.0,8.0,0.01,354.6,5.0
2025-02-04 07:32:56,346.05,38.0,353.05,65.0,341.0,76.0,356.36,66.0,349.55,7.0,114.0,131.0,2.126788658985293,245,-17.0,91.0,-0.07,354.6,
2025-02-04 07:32:57,348.29,48.0,352.0,100.0,342.75,64.0,354.71,70.0,350.15,3.70999999999998,112.0,170.0,2.1356661724129244,282,-58.0,37.0,-0.21,354.6,
2025-02-04 07:32:58,345.43,56.0,351.97,77.0,343.16,44.0,353.71,35.0,348.7,6.5400000000000205,100.0,112.0,1.739203840839022,212,-12.0,-70.0,-0.06,350.71,7.0
2025-02-04 07:32:59,341.84,61.0,352.0,55.0,339.64,44.0,355.82,22.0,346.92,10.160000000000023,105.0,77.0,1.5792244932210373,182,28.0,-30.0,0.15,350.71,
2025-02-04 07:33:00,342.0,84.0,352.0,60.0,338.0,48.0,356.0,24.0,347.0,10.0,132.0,84.0,1.466707196405869,216,48.0,34.0,0.22,350.71,
2025-02-04 07:33:01,344.04,77.0,350.81,59.0,342.81,37.0,353.93,59.0,347.43,6.769999999999982,114.0,118.0,1.3780239475381104,232,-4.0,16.0,-0.02,350.71,
2025-02-04 07:33:02,346.15,65.0,352.57,49.0,343.0,26.0,358.7,47.0,349.36,6.420000000000016,91.0,96.0,1.0910178733588451,187,-5.0,-45.0,-0.03,354.44,9.0
2025-02-04 07:33:03,349.65,65.0,359.0,15.0,348.05,60.0,361.0,75.0,354.32,9.350000000000025,125.0,90.0,3.131418209053044,215,35.0,28.0,0.16,348.0,5.0
2025-02-04 07:33:04,358.33,30.0,360.75,40.0,356.19,63.0,361.46,46.0,359.54,2.420000000000016,93.0,86.0,5.338164478544132,179,7.0,-36.0,0.04,359.0,1.0
2025-02-04 07:33:05,358.78,27.0,362.5,36.0,356.34,59.0,404.21,28.0,360.64,3.7200000000000273,86.0,64.0,5.900111863345616,150,22.0,-29.0,0.15,360.38,13.0
2025-02-04 07:33:07,356.6,40.0,359.0,40.0,354.08,50.0,584.35,34.0,357.8,2.3999999999999773,90.0,74.0,17.45628024522974,164,16.0,1.0,0.1,360.38,
2025-02-04 07:33:08,358.0,24.0,359.0,48.0,356.0,84.0,566.58,24.0,358.5,1.0,108.0,72.0,16.858418668427905,180,36.0,16.0,0.2,360.38,
2025-02-04 07:33:09,357.55,31.0,359.0,52.0,355.72,86.0,378.0,13.0,358.27,1.4499999999999886,117.0,65.0,17.001173488909476,182,52.0,2.0,0.29,358.0,2.0
2025-02-04 07:33:10,356.0,49.0,359.0,28.0,344.0,14.0,439.33,15.0,357.5,3.0,63.0,43.0,17.321643109127898,106,20.0,-76.0,0.19,358.0,
2025-02-04 07:33:11,356.0,69.0,359.0,44.0,344.0,22.0,418.85,47.0,357.5,3.0,91.0,91.0,0.4544007042174488,182,0.0,76.0,0.0,358.0,
2025-02-04 07:33:12,356.0,84.0,359.0,48.0,344.0,24.0,364.0,48.0,357.5,3.0,108.0,96.0,0.4915078839584148,204,12.0,22.0,0.06,358.0,
2025-02-04 07:33:13,356.0,83.0,359.0,44.0,347.75,16.0,364.0,44.0,357.5,3.0,99.0,88.0,0.3443544685250371,187,11.0,-17.0,0.06,358.0,
2025-02-04 07:33:14,356.0,71.0,358.1,40.0,344.83,24.0,359.38,52.0,357.05,2.1000000000000227,95.0,92.0,0.2012461179576594,187,3.0,0.0,0.02,356.0,5.0
2025-02-04 07:33:15,356.0,8.0,358.0,12.0,344.0,8.0,361.0,16.0,357.0,2.0,16.0,28.0,0.2607680961946501,44,-12.0,-143.0,-0.27,356.0,
2025-02-04 07:33:16,356.0,26.0,357.0,39.0,344.0,26.0,361.77,52.0,356.5,1.0,52.0,91.0,0.4159326868531806,143,-39.0,99.0,-0.27,356.0,
2025-02-04 07:33:17,346.82,22.0,360.43,42.0,342.55,22.0,365.09,44.0,353.62,13.610000000000014,44.0,86.0,1.5579730421264024,130,-42.0,-13.0,-0.32,356.0,2.0
2025-02-04 07:33:18,345.79,28.0,360.91,57.0,340.86,28.0,365.64,56.0,353.35,15.120000000000005,56.0,113.0,1.8580446711508936,169,-57.0,39.0,-0.34,356.0,
2025-02-04 07:33:19,347.27,22.0,357.56,27.0,340.0,22.0,359.65,23.0,352.41,10.29000000000002,44.0,50.0,2.0424323734194645,94,-6.0,-75.0,-0.06,356.0,
2025-02-04 07:33:20,351.0,28.0,356.76,51.0,348.67,24.0,359.0,17.0,353.88,5.759999999999991,52.0,68.0,1.528715146779028,120,-16.0,26.0,-0.13,356.0,
2025-02-04 07:33:21,349.28,94.0,358.54,82.0,344.37,51.0,362.81,31.0,353.91,9.260000000000048,145.0,113.0,0.6155729038801221,258,32.0,138.0,0.12,356.0,8.0
2025-02-04 07:33:22,357.0,104.0,360.0,57.0,341.07,69.0,368.0,52.0,358.5,3.0,173.0,109.0,2.3655126294298,282,64.0,24.0,0.23,356.0,
2025-02-04 07:33:23,357.0,88.0,359.91,89.0,342.0,11.0,363.83,46.0,358.46,2.910000000000025,99.0,135.0,2.847765790930218,234,-36.0,-48.0,-0.15,356.0,
2025-02-04 07:33:24,357.0,112.0,358.55,29.0,342.0,17.0,360.39,76.0,357.78,1.5500000000000114,129.0,105.0,2.4006415809097867,234,24.0,0.0,0.1,357.0,4.0
2025-02-04 07:33:25,357.0,25.0,364.81,36.0,345.0,64.0,371.67,33.0,360.9,7.810000000000002,89.0,69.0,2.530197620739118,158,20.0,-76.0,0.13,357.0,1.0
2025-02-04 07:33:26,357.0,30.0,365.0,76.0,344.82,68.0,371.8,45.0,361.0,8.0,98.0,121.0,1.50848268137054,219,-23.0,61.0,-0.11,357.0,1.0
2025-02-04 07:33:27,357.0,8.0,365.0,28.0,342.0,4.0,371.8,15.0,361.0,8.0,12.0,43.0,1.578138143508093,55,-31.0,-164.0,-0.56,357.0,
2025-02-04 07:33:28,357.0,26.0,365.0,67.0,341.93,56.0,368.17,41.0,361.0,8.0,82.0,108.0,1.4295034102776685,190,-26.0,135.0,-0.14,357.0,
2025-02-04 07:33:29,357.0,12.0,365.0,30.0,353.29,31.0,371.36,22.0,361.0,8.0,43.0,52.0,0.0447213595038032,95,-9.0,-95.0,-0.09,357.0,
2025-02-04 07:33:30,357.0,12.0,365.0,30.0,356.0,30.0,373.0,24.0,361.0,8.0,42.0,54.0,0.0,96,-12.0,1.0,-0.12,357.0,
2025-02-04 07:33:31,357.4,10.0,364.91,33.0,356.35,23.0,371.62,29.0,361.15,7.510000000000048,33.0,62.0,0.0670820392944274,95,-29.0,-1.0,-0.31,357.0,
2025-02-04 07:33:32,356.03,76.0,362.84,50.0,345.17,36.0,364.17,72.0,359.43,6.810000000000002,112.0,122.0,0.7218240782875601,234,-10.0,139.0,-0.04,357.33,3.0
2025-02-04 07:33:33,356.2,44.0,360.0,78.0,353.39,59.0,362.0,64.0,358.1,3.8000000000000114,103.0,142.0,1.3383684096672566,245,-39.0,11.0,-0.16,357.33,
2025-02-04 07:33:34,356.65,17.0,358.59,54.0,355.25,59.0,360.11,76.0,357.62,1.9399999999999975,76.0,130.0,1.6173898726017868,206,-54.0,-39.0,-0.26,356.33,3.0
2025-02-04 07:33:35,355.24,29.0,357.13,31.0,344.45,22.0,358.98,41.0,356.19,1.8899999999999864,51.0,72.0,1.8813479210380657,123,-21.0,-83.0,-0.17,356.0,3.0
2025-02-04 07:33:36,345.0,16.0,358.0,32.0,342.0,32.0,366.0,40.0,351.5,13.0,48.0,72.0,3.060730305007796,120,-24.0,-3.0,-0.2,356.0,
2025-02-04 07:33:37,345.0,16.0,358.0,32.0,342.0,32.0,367.75,40.0,351.5,13.0,48.0,72.0,3.255337156116413,120,-24.0,0.0,-0.2,356.0,
2025-02-04 07:33:38,345.0,20.0,356.21,29.0,342.0,40.0,361.74,38.0,350.6,11.20999999999998,60.0,67.0,3.1866471408034824,127,-7.0,7.0,-0.06,356.0,
2025-02-04 07:33:39,345.46,26.0,348.0,18.0,342.53,34.0,352.21,19.0,346.73,2.5400000000000205,60.0,37.0,3.3677485060481422,97,23.0,-30.0,0.24,348.0,6.0
2025-02-04 07:33:40,346.0,36.0,349.78,9.0,342.0,41.0,351.89,9.0,347.89,3.7799999999999727,77.0,18.0,2.2006430878242167,95,59.0,-2.0,0.62,348.0,
2025-02-04 07:33:41,347.39,62.0,355.35,34.0,344.35,74.0,357.31,16.0,351.37,7.960000000000036,136.0,50.0,2.173837620428099,186,86.0,91.0,0.46,349.5,2.0
2025-02-04 07:33:42,350.71,68.0,355.96,50.0,349.71,68.0,357.73,45.0,353.33,5.25,136.0,95.0,2.6678418243945243,231,41.0,45.0,0.18,352.0,2.0
2025-02-04 07:33:43,352.18,44.0,355.0,33.0,350.0,44.0,360.23,39.0,353.59,2.819999999999993,88.0,72.0,3.134696157522927,160,16.0,-71.0,0.1,352.0,
2025-02-04 07:33:44,351.14,37.0,359.83,35.0,342.91,44.0,363.11,19.0,355.48,8.689999999999998,81.0,54.0,2.8785968804245683,135,27.0,-25.0,0.2,353.0,4.0
2025-02-04 07:33:45,353.66,38.0,363.0,30.0,346.95,38.0,365.0,10.0,358.33,9.339999999999977,76.0,40.0,2.6263663110828945,116,36.0,-19.0,0.31,353.0,
2025-02-04 07:33:46,358.0,119.0,361.42,66.0,356.0,51.0,364.93,81.0,359.71,3.420000000000016,170.0,147.0,2.8443663617741017,317,23.0,184.0,0.07,353.0,
2025-02-04 07:33:47,358.04,76.0,359.5,56.0,356.78,54.0,362.36,53.0,358.77,1.4599999999999795,130.0,109.0,2.5509566832842423,239,21.0,-78.0,0.09,358.2,5.0
2025-02-04 07:33:48,358.0,57.0,360.87,76.0,356.0,57.0,367.74,62.0,359.43,2.8700000000000045,114.0,138.0,1.6903786558026093,252,-24.0,13.0,-0.1,359.0,4.0
2025-02-04 07:33:49,359.6,75.0,367.78,64.0,348.87,55.0,369.6,45.0,363.69,8.17999999999995,130.0,109.0,2.1404392072642,239,21.0,-13.0,0.09,358.0,3.0
2025-02-04 07:33:50,361.0,180.0,364.87,30.0,356.33,45.0,367.0,60.0,362.93,3.870000000000005,225.0,90.0,2.237114212550234,315,135.0,76.0,0.43,358.0,
2025-02-04 07:33:51,361.0,88.0,364.0,20.0,357.0,30.0,367.0,40.0,362.5,3.0,118.0,60.0,2.2120307411956475,178,58.0,-137.0,0.33,361.0,4.0
2025-02-04 07:33:52,361.0,88.0,362.64,22.0,357.0,33.0,367.0,44.0,361.82,1.6399999999999864,121.0,66.0,1.6264163058684864,187,55.0,9.0,0.29,361.0,
2025-02-04 07:33:53,361.0,100.0,362.0,31.0,357.0,48.0,368.12,64.0,361.5,1.0,148.0,95.0,0.8750257139050962,243,53.0,56.0,0.22,361.2,5.0
2025-02-04 07:33:54,361.0,36.0,367.33,21.0,357.0,27.0,370.0,40.0,364.17,6.329999999999984,63.0,61.0,1.0489184906346116,124,2.0,-119.0,0.02,362.0,1.0
2025-02-04 07:33:55,361.0,24.0,369.0,24.0,357.0,18.0,371.0,30.0,365.0,8.0,42.0,54.0,1.52161756035984,96,-12.0,-28.0,-0.12,362.0,
2025-02-04 07:33:56,361.0,32.0,369.0,32.0,357.0,24.0,371.0,40.0,365.0,8.0,56.0,72.0,1.7154649515497893,128,-16.0,32.0,-0.12,362.0,
2025-02-04 07:33:57,361.0,48.0,369.0,48.0,357.0,36.0,371.0,60.0,365.0,8.0,84.0,108.0,1.5156780660800355,192,-24.0,64.0,-0.12,362.0,
2025-02-04 07:33:58,361.0,17.0,369.0,32.0,357.0,24.0,371.0,40.0,365.0,8.0,41.0,72.0,0.3711872842603569,113,-31.0,-79.0,-0.27,361.0,3.0
2025-02-04 07:33:59,359.15,13.0,369.0,40.0,356.5,42.0,371.0,50.0,364.08,9.850000000000025,55.0,90.0,0.4114365078558117,145,-35.0,32.0,-0.24,359.0,2.0
2025-02-04 07:34:00,357.0,20.0,369.0,40.0,356.0,70.0,371.35,46.0,363.0,12.0,90.0,86.0,0.8861602563850107,176,4.0,31.0,0.02,359.0,
2025-02-04 07:34:01,360.08,52.0,369.22,54.0,356.28,58.0,372.07,56.0,364.65,9.140000000000043,110.0,110.0,0.8411777457804634,220,0.0,44.0,0.0,359.0,
2025-02-04 07:34:02,361.0,65.0,369.0,39.0,357.0,26.0,371.9,49.0,365.0,8.0,91.0,88.0,0.8411777457804634,179,3.0,-41.0,0.02,359.0,
2025-02-04 07:34:03,361.0,40.0,369.0,24.0,357.0,16.0,371.0,24.0,365.0,8.0,56.0,48.0,0.8411777457804634,104,8.0,-75.0,0.08,359.0,
2025-02-04 07:34:04,361.0,42.0,369.0,27.0,357.0,18.0,371.0,27.0,365.0,8.0,60.0,54.0,0.8686195945270838,114,6.0,10.0,0.05,361.0,1.0
2025-02-04 07:34:05,361.6,20.0,369.0,18.0,360.2,20.0,371.0,18.0,365.3,7.399999999999977,40.0,36.0,0.230217288657115,76,4.0,-38.0,0.05,361.0,
2025-02-04 07:34:06,362.92,36.0,369.0,36.0,361.0,48.0,371.0,36.0,365.96,6.079999999999984,84.0,72.0,0.4165573189811574,156,12.0,80.0,0.08,361.0,
2025-02-04 07:34:07,363.0,30.0,369.0,30.0,361.0,40.0,371.0,30.0,366.0,6.0,70.0,60.0,0.4975138189004235,130,10.0,-26.0,0.08,361.0,
2025-02-04 07:34:08,363.0,27.0,369.0,27.0,361.0,36.0,371.0,27.0,366.0,6.0,63.0,54.0,0.4706591123063477,117,9.0,-13.0,0.08,361.0,
2025-02-04 07:34:09,363.0,27.0,369.0,27.0,361.0,36.0,371.0,27.0,366.0,6.0,63.0,54.0,0.309063100348646,117,9.0,0.0,0.08,361.0,
2025-02-04 07:34:10,363.0,9.0,369.0,21.0,361.0,28.0,371.0,21.0,366.0,6.0,37.0,42.0,0.0178885437420538,79,-5.0,-38.0,-0.06,363.0,2.0
2025-02-04 07:34:11,363.0,5.0,368.67,9.0,361.0,20.0,369.8,15.0,365.83,5.670000000000016,25.0,24.0,0.0760263112165405,49,1.0,-30.0,0.02,363.0,
2025-02-04 07:34:12,361.29,28.0,367.3,10.0,359.04,46.0,370.18,51.0,364.29,6.009999999999991,74.0,61.0,0.7493530543054753,135,13.0,86.0,0.1,363.0,1.0
2025-02-04 07:34:13,361.1,31.0,367.0,10.0,358.77,47.0,371.0,82.0,364.05,5.899999999999977,78.0,92.0,0.9774609966626256,170,-14.0,35.0,-0.08,363.0,
2025-02-04 07:34:14,362.0,14.0,364.86,14.0,361.0,56.0,371.35,68.0,363.43,2.8600000000000136,70.0,82.0,1.13670576667683,152,-12.0,-18.0,-0.08,363.0,
2025-02-04 07:34:15,358.05,86.0,362.17,18.0,357.0,46.0,368.83,36.0,360.11,4.1200000000000045,132.0,54.0,2.112089013274677,186,78.0,34.0,0.42,361.2,5.0
2025-02-04 07:34:16,358.0,60.0,360.25,12.0,357.0,24.0,362.0,12.0,359.12,2.25,84.0,24.0,2.40613798440463,108,60.0,-78.0,0.56,361.2,
2025-02-04 07:34:17,358.0,45.0,359.0,9.0,357.0,18.0,362.0,9.0,358.5,1.0,63.0,18.0,2.53845819346981,81,45.0,-27.0,0.56,361.2,
2025-02-04 07:34:18,358.0,25.0,359.0,5.0,357.0,10.0,362.0,5.0,358.5,1.0,35.0,10.0,2.063266827144099,45,25.0,-36.0,0.56,361.2,
2025-02-04 07:34:19,358.0,43.0,361.0,13.0,357.0,20.0,370.25,16.0,359.5,3.0,63.0,29.0,0.6873718062247943,92,34.0,47.0,0.37,358.0,1.0
2025-02-04 07:34:20,357.72,50.0,359.9,31.0,356.39,46.0,368.3,56.0,358.81,2.17999999999995,96.0,87.0,0.4288123132473511,183,9.0,91.0,0.05,358.0,4.0
2025-02-04 07:34:21,356.59,34.0,359.0,14.0,355.0,48.0,372.61,62.0,357.79,2.410000000000025,82.0,76.0,0.6181019333348783,158,6.0,-25.0,0.04,357.0,2.0
2025-02-04 07:34:22,356.0,44.0,359.0,10.0,349.61,28.0,371.0,30.0,357.5,3.0,72.0,40.0,0.801280225634047,112,32.0,-46.0,0.29,357.0,
2025-02-04 07:34:23,355.85,41.0,357.32,34.0,351.32,28.0,369.0,36.0,356.59,1.4699999999999704,69.0,70.0,1.138099292676984,139,-1.0,27.0,-0.01,356.0,2.0
2025-02-04 07:34:24,352.44,16.0,355.92,12.0,347.85,68.0,364.5,20.0,354.18,3.480000000000018,84.0,32.0,1.751236705871286,116,52.0,-23.0,0.45,354.0,1.0
2025-02-04 07:34:25,353.75,40.0,368.26,38.0,349.59,44.0,369.8,30.0,361.01,14.509999999999993,84.0,68.0,2.4605751360182637,152,16.0,36.0,0.11,355.0,1.0
2025-02-04 07:34:26,357.0,14.0,369.8,15.0,356.0,28.0,370.9,20.0,363.4,12.800000000000011,42.0,35.0,3.661083173050335,77,7.0,-75.0,0.09,355.0,
2025-02-04 07:34:27,360.42,38.0,369.54,41.0,359.32,69.0,370.77,43.0,364.98,9.120000000000005,107.0,84.0,4.551809530285057,191,23.0,114.0,0.12,355.0,
2025-02-04 07:34:28,362.0,24.0,368.49,51.0,361.0,60.0,369.3,33.0,365.25,6.490000000000009,84.0,84.0,4.562261500615201,168,0.0,-23.0,0.0,355.0,
2025-02-04 07:34:29,362.0,28.0,365.88,64.0,361.0,70.0,368.33,46.0,363.94,3.879999999999996,98.0,110.0,1.6899201164545743,208,-12.0,40.0,-0.06,355.0,
2025-02-04 07:34:30,361.12,67.0,366.25,69.0,359.3,46.0,370.79,61.0,363.68,5.129999999999996,113.0,130.0,0.8179853299408337,243,-17.0,35.0,-0.07,361.4,5.0
2025-02-04 07:34:31,361.0,24.0,371.0,60.0,358.0,24.0,376.0,36.0,366.0,10.0,48.0,96.0,0.9571311299915471,144,-48.0,-99.0,-0.33,361.4,
2025-02-04 07:34:32,360.0,24.0,369.42,65.0,357.4,40.0,370.16,55.0,364.71,9.420000000000016,64.0,120.0,0.9499105221013416,184,-56.0,40.0,-0.3,360.0,3.0
2025-02-04 07:34:33,358.0,7.0,366.79,28.0,357.0,21.0,368.1,30.0,362.39,8.79000000000002,28.0,58.0,1.3321523936841109,86,-30.0,-98.0,-0.35,360.0,
2025-02-04 07:34:34,357.13,31.0,364.5,60.0,356.25,48.0,365.91,57.0,360.81,7.370000000000003,79.0,117.0,2.0132734538551,196,-38.0,110.0,-0.19,358.0,1.0
2025-02-04 07:34:35,357.0,36.0,360.67,52.0,356.0,48.0,361.45,53.0,358.84,3.670000000000016,84.0,105.0,2.889005019032786,189,-21.0,-7.0,-0.11,358.0,
2025-02-04 07:34:36,356.11,54.0,358.04,45.0,349.12,111.0,359.79,75.0,357.08,1.9300000000000068,165.0,120.0,2.978696023429492,285,45.0,96.0,0.16,356.75,4.0
2025-02-04 07:34:37,353.0,60.0,357.02,66.0,348.85,111.0,366.92,50.0,355.01,4.019999999999982,171.0,116.0,2.926128842001431,287,55.0,2.0,0.19,356.0,3.0
2025-02-04 07:34:38,348.69,87.0,355.79,70.0,347.56,108.0,372.0,60.0,352.24,7.100000000000023,195.0,130.0,3.328577774364082,325,65.0,38.0,0.2,351.33,6.0
2025-02-04 07:34:39,348.0,81.0,352.33,45.0,347.0,54.0,364.64,47.0,350.17,4.329999999999984,135.0,92.0,3.51665608213092,227,43.0,-98.0,0.19,351.33,
2025-02-04 07:34:40,348.0,72.0,354.12,40.0,347.0,48.0,366.88,33.0,351.06,6.1200000000000045,120.0,73.0,2.871144371150115,193,47.0,-34.0,0.24,349.0,5.0
2025-02-04 07:34:41,348.17,84.0,354.0,36.0,347.5,76.0,368.22,27.0,351.08,5.829999999999984,160.0,63.0,1.8813479210358544,223,97.0,30.0,0.43,354.0,3.0
2025-02-04 07:34:42,350.87,15.0,354.0,26.0,349.07,57.0,366.0,13.0,352.43,3.1299999999999955,72.0,39.0,0.9350561480389736,111,33.0,-112.0,0.3,354.0,
2025-02-04 07:34:43,351.46,24.0,363.33,18.0,348.5,72.0,366.97,72.0,357.4,11.870000000000005,96.0,90.0,2.894299569841806,186,6.0,75.0,0.03,354.0,2.0
2025-02-04 07:34:44,354.7,46.0,361.64,22.0,351.22,64.0,366.83,42.0,358.17,6.939999999999998,110.0,64.0,3.484963414440401,174,46.0,-12.0,0.26,354.0,
2025-02-04 07:34:45,359.0,20.0,366.18,51.0,356.0,28.0,367.75,60.0,362.59,7.180000000000007,48.0,111.0,4.650013978472562,159,-63.0,-15.0,-0.4,354.0,
2025-02-04 07:34:46,361.11,18.0,366.23,65.0,355.68,37.0,368.0,58.0,363.67,5.1200000000000045,55.0,123.0,4.500035555414271,178,-68.0,19.0,-0.38,362.0,2.0
2025-02-04 07:34:47,360.0,13.0,365.53,38.0,355.0,52.0,366.62,65.0,362.76,5.529999999999973,65.0,103.0,2.902149203606625,168,-38.0,-10.0,-0.23,362.0,
2025-02-04 07:34:48,354.06,47.0,363.69,32.0,350.79,85.0,365.5,40.0,358.88,9.629999999999995,132.0,72.0,2.5014455820574666,204,60.0,36.0,0.29,356.0,5.0
2025-02-04 07:34:49,357.0,33.0,363.0,44.0,353.0,66.0,364.0,22.0,360.0,6.0,99.0,66.0,2.035128988539842,165,33.0,-39.0,0.2,356.0,
2025-02-04 07:34:50,357.0,42.0,360.07,28.0,353.0,84.0,363.0,56.0,358.54,3.069999999999993,126.0,84.0,2.3188359148491604,210,42.0,45.0,0.2,356.0,
2025-02-04 07:34:51,357.0,12.0,362.29,28.0,353.0,48.0,366.16,38.0,359.64,5.2900000000000205,60.0,66.0,1.6678369224817824,126,-6.0,-84.0,-0.05,357.0,2.0
2025-02-04 07:34:52,357.0,12.0,362.58,48.0,353.0,72.0,369.0,60.0,359.79,5.579999999999984,84.0,108.0,0.6275348595838691,192,-24.0,66.0,-0.12,357.0,
2025-02-04 07:34:53,357.0,19.0,360.47,76.0,353.0,114.0,368.95,62.0,358.74,3.4700000000000277,133.0,138.0,0.6572822833402026,271,-5.0,79.0,-0.02,357.0,
2025-02-04 07:34:54,354.88,17.0,358.0,44.0,352.76,51.0,370.27,37.0,356.44,3.1200000000000045,68.0,81.0,1.3399626860447251,149,-13.0,-122.0,-0.09,354.0,4.0
2025-02-04 07:34:55,353.0,11.0,358.0,44.0,349.0,11.0,370.0,55.0,355.5,5.0,22.0,99.0,1.9443816497775224,121,-77.0,-28.0,-0.64,353.0,2.0
2025-02-04 07:34:56,353.0,10.0,358.0,40.0,349.0,10.0,370.0,50.0,355.5,5.0,20.0,90.0,1.9645050267155717,110,-70.0,-11.0,-0.64,353.0,
2025-02-04 07:34:57,346.0,40.0,357.29,28.0,344.0,64.0,365.38,32.0,351.64,11.29000000000002,104.0,60.0,2.562241206441964,164,44.0,54.0,0.27,351.0,2.0
2025-02-04 07:34:58,346.0,100.0,353.84,45.0,344.0,160.0,354.27,66.0,349.92,7.839999999999975,260.0,111.0,2.849105122663508,371,149.0,184.0,0.4,351.0,
2025-02-04 07:34:59,346.0,70.0,351.15,40.0,344.04,100.0,356.3,43.0,348.57,5.149999999999977,170.0,83.0,3.1806257245997918,253,87.0,-118.0,0.34,350.6,10.0
2025-02-04 07:35:00,346.0,35.0,362.0,14.0,344.09,44.0,364.0,7.0,354.0,16.0,79.0,21.0,2.847960673883272,100,58.0,-153.0,0.58,350.6,
2025-02-04 07:35:01,346.0,45.0,362.0,18.0,344.0,72.0,364.0,9.0,354.0,16.0,117.0,27.0,2.424949484006905,144,90.0,44.0,0.62,350.6,
2025-02-04 07:35:02,345.47,60.0,362.71,31.0,343.2,90.0,365.5,16.0,354.09,17.239999999999952,150.0,47.0,2.664212829333615,197,103.0,53.0,0.52,350.6,
2025-02-04 07:35:03,349.71,181.0,360.1,63.0,346.58,104.0,362.46,50.0,354.9,10.390000000000043,285.0,113.0,2.5671131646241863,398,172.0,184.0,0.43,350.6,
2025-02-04 07:35:04,350.0,154.0,354.44,54.0,346.0,100.0,358.79,42.0,352.22,4.439999999999998,254.0,96.0,0.9825578863290668,350,158.0,-48.0,0.45,350.6,
2025-02-04 07:35:05,350.0,110.0,354.0,40.0,346.0,40.0,360.0,30.0,352.0,4.0,150.0,70.0,1.267840683992708,220,80.0,-130.0,0.36,350.6,
2025-02-04 07:35:06,350.7,110.0,352.1,40.0,346.0,40.0,361.38,34.0,351.4,1.400000000000034,150.0,74.0,1.494663841800774,224,76.0,4.0,0.34,350.6,
2025-02-04 07:35:07,351.0,144.0,357.56,72.0,345.81,64.0,362.38,64.0,354.28,6.560000000000002,208.0,136.0,1.5336883646903878,344,72.0,120.0,0.21,351.0,4.0
2025-02-04 07:35:08,351.0,98.0,361.81,62.0,345.75,32.0,362.89,37.0,356.4,10.810000000000002,130.0,99.0,2.0632983303407477,229,31.0,-115.0,0.14,351.0,
2025-02-04 07:35:09,352.35,52.0,361.0,80.0,349.47,94.0,363.0,38.0,356.67,8.649999999999977,146.0,118.0,2.429753073871453,264,28.0,35.0,0.11,351.0,
2025-02-04 07:35:10,359.67,72.0,361.0,80.0,354.5,28.0,363.0,32.0,360.33,1.329999999999984,100.0,112.0,3.29039967177078,212,-12.0,-52.0,-0.06,351.0,
2025-02-04 07:35:11,360.0,60.0,362.09,33.0,358.0,12.0,363.82,33.0,361.05,2.089999999999975,72.0,66.0,2.8537746932774746,138,6.0,-74.0,0.04,361.0,5.0
2025-02-04 07:35:12,361.0,45.0,363.0,18.0,358.0,9.0,364.0,27.0,362.0,2.0,54.0,45.0,2.585527025577626,99,9.0,-39.0,0.09,361.0,
2025-02-04 07:35:13,361.0,50.0,363.0,20.0,358.0,10.0,364.0,30.0,362.0,2.0,60.0,50.0,2.2056631655792995,110,10.0,11.0,0.09,361.0,
2025-02-04 07:35:14,361.91,55.0,363.0,22.0,358.0,11.0,364.0,33.0,362.45,1.089999999999975,66.0,55.0,0.8590867243732857,121,11.0,11.0,0.09,361.0,
2025-02-04 07:35:15,359.52,33.0,363.95,38.0,357.36,25.0,365.6,15.0,361.73,4.430000000000007,58.0,53.0,0.5146163619577854,111,5.0,-10.0,0.05,363.0,2.0
2025-02-04 07:35:16,359.64,66.0,363.53,34.0,355.85,26.0,364.22,54.0,361.58,3.8899999999999855,92.0,88.0,0.331767991214893,180,4.0,69.0,0.02,358.25,8.0
2025-02-04 07:35:17,351.87,30.0,360.56,18.0,345.51,97.0,363.25,24.0,356.21,8.689999999999998,127.0,42.0,2.5837821115554456,169,85.0,-11.0,0.5,351.33,3.0
2025-02-04 07:35:18,346.53,17.0,359.57,14.0,345.95,73.0,360.25,16.0,353.05,13.04000000000002,90.0,30.0,4.159276379370872,120,60.0,-49.0,0.5,351.33,
2025-02-04 07:35:19,347.0,10.0,348.0,25.0,346.0,76.0,352.25,16.0,347.5,1.0,86.0,41.0,6.020068936481544,127,45.0,7.0,0.35,348.0,3.0
2025-02-04 07:35:20,347.0,10.0,349.78,18.0,344.5,40.0,356.0,12.0,348.39,2.7799999999999727,50.0,30.0,5.805741124093269,80,20.0,-47.0,0.25,348.0,1.0
2025-02-04 07:35:21,344.81,32.0,348.74,38.0,342.32,53.0,352.47,17.0,346.77,3.930000000000007,85.0,55.0,4.074442293122504,140,30.0,60.0,0.21,350.0,1.0
2025-02-04 07:35:22,343.0,36.0,346.0,36.0,336.0,9.0,351.56,9.0,344.5,3.0,45.0,45.0,3.148756897568243,90,0.0,-50.0,0.0,350.0,
2025-02-04 07:35:23,343.0,40.0,346.0,40.0,336.0,10.0,349.22,27.0,344.5,3.0,50.0,67.0,1.7680412891056183,117,-17.0,27.0,-0.15,350.0,
2025-02-04 07:35:24,343.0,52.0,346.0,52.0,336.0,13.0,349.0,65.0,344.5,3.0,65.0,117.0,1.7815639197013964,182,-52.0,65.0,-0.29,350.0,
2025-02-04 07:35:25,358.0,68.0,363.0,54.0,348.21,78.0,365.0,54.0,360.5,5.0,146.0,108.0,6.9712681773106295,254,38.0,72.0,0.15,350.85,13.0
2025-02-04 07:35:26,360.0,18.0,363.0,30.0,341.36,25.0,365.0,30.0,361.5,3.0,43.0,60.0,9.044335243675269,103,-17.0,-151.0,-0.17,360.0,2.0
2025-02-04 07:35:27,360.0,7.0,363.0,21.0,339.0,28.0,364.31,29.0,361.5,3.0,35.0,50.0,9.137833441247963,85,-15.0,-18.0,-0.18,360.0,
2025-02-04 07:35:28,360.0,4.0,363.0,12.0,339.0,16.0,364.0,20.0,361.5,3.0,20.0,32.0,7.503332592921138,52,-12.0,-33.0,-0.23,360.0,
2025-02-04 07:35:29,360.0,9.0,363.0,27.0,343.62,39.0,364.0,45.0,361.5,3.0,48.0,72.0,0.4472135954951962,120,-24.0,68.0,-0.2,360.0,
2025-02-04 07:35:30,360.91,69.0,363.0,36.0,347.65,34.0,364.0,60.0,361.96,2.089999999999975,103.0,96.0,0.2057182539202761,199,7.0,79.0,0.04,360.0,
2025-02-04 07:35:31,361.0,81.0,363.0,27.0,360.0,18.0,364.0,45.0,362.0,2.0,99.0,72.0,0.2632869157328068,171,27.0,-28.0,0.16,360.0,
2025-02-04 07:35:32,361.0,59.0,362.44,27.0,360.0,14.0,363.69,29.0,361.72,1.4399999999999975,73.0,56.0,0.2405826261310898,129,17.0,-42.0,0.13,361.0,2.0
2025-02-04 07:35:33,361.0,98.0,362.0,70.0,360.0,28.0,363.0,42.0,361.5,1.0,126.0,112.0,0.2405826261310898,238,14.0,109.0,0.06,361.0,
2025-02-04 07:35:34,360.84,25.0,361.73,55.0,357.33,30.0,363.14,35.0,361.28,0.8900000000000432,55.0,90.0,0.3058103987703847,145,-35.0,-93.0,-0.24,360.88,8.0
2025-02-04 07:35:35,355.0,48.0,364.89,90.0,354.0,24.0,367.08,36.0,359.94,9.889999999999986,72.0,126.0,0.7993247149912098,198,-54.0,53.0,-0.27,360.0,1.0
2025-02-04 07:35:36,355.0,52.0,364.52,77.0,354.0,26.0,365.82,62.0,359.76,9.519999999999982,78.0,139.0,0.919238815540004,217,-61.0,19.0,-0.28,360.0,
2025-02-04 07:35:37,355.0,63.0,363.43,63.0,354.0,24.0,364.59,54.0,359.21,8.430000000000007,87.0,117.0,1.0003099519623555,204,-30.0,-13.0,-0.15,360.0,
2025-02-04 07:35:38,355.0,63.0,362.22,36.0,354.0,18.0,365.0,45.0,358.61,7.220000000000027,81.0,81.0,0.9959668669159653,162,0.0,-42.0,0.0,360.0,
2025-02-04 07:35:39,355.16,77.0,361.0,52.0,354.27,30.0,363.46,65.0,358.08,5.839999999999975,107.0,117.0,0.779711485098077,224,-10.0,62.0,-0.04,355.0,3.0
2025-02-04 07:35:40,356.83,36.0,361.0,48.0,354.96,46.0,363.0,60.0,358.92,4.170000000000016,82.0,108.0,0.63073766337016,190,-26.0,-34.0,-0.14,356.5,4.0
2025-02-04 07:35:41,354.71,17.0,361.0,36.0,353.09,93.0,363.0,45.0,357.85,6.2900000000000205,110.0,81.0,0.5669479693880655,191,29.0,1.0,0.15,354.75,4.0
2025-02-04 07:35:42,354.4,5.0,361.0,16.0,353.02,52.0,363.0,20.0,357.7,6.600000000000023,57.0,36.0,0.5167881577522394,93,21.0,-98.0,0.23,354.75,
2025-02-04 07:35:43,355.0,20.0,361.0,40.0,354.0,10.0,363.0,50.0,358.0,6.0,30.0,90.0,0.4756048780162175,120,-60.0,27.0,-0.5,354.75,
2025-02-04 07:35:44,357.27,22.0,361.86,21.0,354.62,16.0,364.18,56.0,359.56,4.590000000000032,38.0,77.0,0.8012989454586562,115,-39.0,-5.0,-0.34,354.75,
2025-02-04 07:35:45,355.5,20.0,362.0,62.0,353.09,67.0,371.09,46.0,358.75,6.5,87.0,108.0,0.7772837319750823,195,-21.0,80.0,-0.11,358.33,3.0
2025-02-04 07:35:46,353.5,32.0,361.67,18.0,344.14,88.0,363.83,36.0,357.58,8.170000000000016,120.0,54.0,0.8301927486993953,174,66.0,-21.0,0.38,354.33,3.0
2025-02-04 07:35:47,353.0,15.0,359.5,10.0,340.0,150.0,361.83,30.0,356.25,6.5,165.0,40.0,1.2481065659600934,205,125.0,31.0,0.61,353.0,5.0
2025-02-04 07:35:48,353.0,4.0,358.0,4.0,340.0,60.0,361.0,4.0,355.5,5.0,64.0,8.0,1.6860516006315138,72,56.0,-133.0,0.78,353.0,
2025-02-04 07:35:49,353.0,13.0,357.62,16.0,340.0,195.0,360.31,13.0,355.31,4.6200000000000045,208.0,29.0,1.4619404912618978,237,179.0,165.0,0.76,353.0,
2025-02-04 07:35:50,353.0,14.0,356.53,19.0,340.0,210.0,357.35,23.0,354.76,3.5299999999999727,224.0,42.0,1.089793558427535,266,182.0,29.0,0.68,353.0,
2025-02-04 07:35:51,342.55,56.0,354.29,28.0,339.8,183.0,357.29,14.0,348.42,11.740000000000007,239.0,42.0,3.191045283286968,281,197.0,15.0,0.7,353.0,1.0
2025-02-04 07:35:52,340.0,120.0,349.59,34.0,338.0,48.0,355.14,14.0,344.79,9.589999999999977,168.0,48.0,4.881765049650115,216,120.0,-65.0,0.56,353.0,
2025-02-04 07:35:53,340.0,195.0,349.0,65.0,338.0,78.0,352.15,26.0,344.5,9.0,273.0,91.0,5.238285024698741,364,182.0,148.0,0.5,353.0,
2025-02-04 07:35:54,340.0,120.0,349.0,40.0,338.0,48.0,350.0,16.0,344.5,9.0,168.0,56.0,4.439648634743621,224,112.0,-140.0,0.5,353.0,
2025-02-04 07:35:55,340.0,165.0,349.0,55.0,338.0,66.0,350.0,22.0,344.5,9.0,231.0,77.0,1.725230419387188,308,154.0,84.0,0.5,353.0,
2025-02-04 07:35:56,340.28,195.0,349.0,32.0,339.06,141.0,350.0,32.0,344.64,8.720000000000027,336.0,64.0,0.1291510742428432,400,272.0,92.0,0.68,349.0,4.0
2025-02-04 07:35:57,342.0,54.0,349.0,9.0,340.0,135.0,350.0,18.0,345.5,7.0,189.0,27.0,0.4357981183739033,216,162.0,-184.0,0.75,349.0,
2025-02-04 07:35:58,344.4,90.0,357.4,15.0,339.72,71.0,360.36,33.0,350.9,13.0,161.0,48.0,2.766282704276542,209,113.0,-7.0,0.54,349.67,3.0
2025-02-04 07:35:59,346.15,78.0,363.0,13.0,338.87,23.0,365.15,26.0,354.58,16.850000000000023,101.0,39.0,4.513676993315044,140,62.0,-69.0,0.44,349.67,
2025-02-04 07:36:00,347.0,78.0,361.76,21.0,339.0,26.0,363.56,18.0,354.38,14.759999999999993,104.0,39.0,4.742109235349124,143,65.0,3.0,0.45,349.67,
2025-02-04 07:36:01,352.19,64.0,359.37,38.0,347.1,58.0,361.0,35.0,355.78,7.180000000000007,122.0,73.0,4.177597395631313,195,49.0,52.0,0.25,358.0,2.0
2025-02-04 07:36:02,358.33,60.0,361.4,30.0,357.0,45.0,363.33,18.0,359.87,3.069999999999993,105.0,48.0,3.2266112254172032,153,57.0,-42.0,0.37,359.0,2.0
2025-02-04 07:36:03,358.2,51.0,362.0,40.0,355.92,52.0,365.79,38.0,360.1,3.8000000000000114,103.0,78.0,2.83016253950014,181,25.0,28.0,0.14,358.0,1.0
2025-02-04 07:36:04,359.07,28.0,362.0,28.0,357.0,42.0,365.0,70.0,360.54,2.930000000000007,70.0,98.0,2.841721309345955,168,-28.0,-13.0,-0.17,358.0,
2025-02-04 07:36:05,360.0,24.0,362.0,24.0,353.0,36.0,365.0,93.0,361.0,2.0,60.0,117.0,2.101075914856946,177,-57.0,9.0,-0.32,358.0,
2025-02-04 07:36:06,360.0,18.0,362.0,18.0,356.56,27.0,365.0,54.0,361.0,2.0,45.0,72.0,0.5144122860048413,117,-27.0,-60.0,-0.23,358.0,
2025-02-04 07:36:07,360.54,26.0,363.58,38.0,358.0,39.0,365.63,57.0,362.06,3.039999999999964,65.0,95.0,0.7292461861354529,160,-30.0,43.0,-0.19,362.0,2.0
2025-02-04 07:36:08,362.77,44.0,365.0,75.0,360.71,31.0,368.0,45.0,363.89,2.230000000000018,75.0,120.0,1.34641004155263,195,-45.0,35.0,-0.23,362.0,
2025-02-04 07:36:09,362.1,10.0,365.0,40.0,358.26,23.0,368.0,24.0,363.55,2.8999999999999773,33.0,64.0,1.371878274481487,97,-31.0,-98.0,-0.32,362.5,4.0
2025-02-04 07:36:10,362.0,10.0,364.0,50.0,358.0,30.0,366.83,60.0,363.0,2.0,40.0,110.0,1.1756062265889131,150,-70.0,53.0,-0.47,362.5,
2025-02-04 07:36:11,358.0,26.0,362.59,29.0,356.0,26.0,364.15,55.0,360.29,4.589999999999975,52.0,84.0,1.444427222117646,136,-32.0,-14.0,-0.24,360.0,2.0
2025-02-04 07:36:12,358.0,20.0,361.62,26.0,356.0,26.0,365.16,44.0,359.81,3.620000000000005,46.0,70.0,1.9128826414587456,116,-24.0,-20.0,-0.21,360.0,1.0
2025-02-04 07:36:13,358.0,28.0,361.0,70.0,356.0,112.0,373.79,42.0,359.5,3.0,140.0,112.0,1.8979067416481832,252,28.0,136.0,0.11,360.0,
2025-02-04 07:36:14,358.0,24.0,360.57,54.0,356.0,96.0,368.7,50.0,359.29,2.569999999999993,120.0,104.0,1.5132646827283691,224,16.0,-28.0,0.07,360.0,
2025-02-04 07:36:15,356.09,86.0,358.07,30.0,354.28,115.0,367.19,62.0,357.08,1.9800000000000184,201.0,92.0,1.2402136912613528,293,109.0,69.0,0.37,357.0,4.0
2025-02-04 07:36:16,356.0,66.0,364.38,61.0,354.0,135.0,369.94,51.0,360.19,8.379999999999995,201.0,112.0,1.218741153810798,313,89.0,20.0,0.28,356.0,3.0
2025-02-04 07:36:17,356.1,30.0,367.42,36.0,354.07,84.0,369.41,46.0,361.76,11.319999999999991,114.0,82.0,1.6929057859173144,196,32.0,-117.0,0.16,356.0,
2025-02-04 07:36:18,359.3,40.0,365.67,54.0,354.97,96.0,368.0,90.0,362.48,6.3700000000000045,136.0,144.0,2.132287504065227,280,-8.0,84.0,-0.03,356.6,5.0
2025-02-04 07:36:19,356.0,19.0,362.68,57.0,354.0,171.0,368.0,95.0,359.34,6.680000000000007,190.0,152.0,2.1272987566378028,342,38.0,62.0,0.11,356.6,
2025-02-04 07:36:20,356.0,7.0,361.0,21.0,354.0,63.0,369.79,47.0,358.5,5.0,70.0,68.0,1.6537170253682771,138,2.0,-184.0,0.01,356.6,
2025-02-04 07:36:21,356.0,10.0,361.0,30.0,354.0,90.0,370.0,70.0,358.5,5.0,100.0,100.0,1.8785845735533584,200,0.0,62.0,0.0,356.6,
2025-02-04 07:36:22,355.52,21.0,359.29,51.0,353.87,149.0,369.87,113.0,357.41,3.770000000000039,170.0,164.0,1.9333597699321248,334,6.0,134.0,0.02,354.4,5.0
2025-02-04 07:36:23,356.33,27.0,369.08,85.0,354.03,77.0,372.63,115.0,362.71,12.75,104.0,200.0,2.029869453928496,304,-96.0,-30.0,-0.32,357.0,3.0
2025-02-04 07:36:24,358.94,35.0,370.0,75.0,357.83,70.0,371.35,79.0,364.47,11.060000000000002,105.0,154.0,3.0833212612364607,259,-49.0,-45.0,-0.19,357.0,
2025-02-04 07:36:25,361.93,14.0,370.0,70.0,360.05,19.0,371.0,70.0,365.96,8.069999999999993,33.0,140.0,3.7223715558758808,173,-107.0,-86.0,-0.62,357.0,
2025-02-04 07:36:26,362.0,13.0,369.87,63.0,361.0,13.0,370.85,65.0,365.94,7.870000000000003,26.0,128.0,3.5515588126898407,154,-102.0,-19.0,-0.66,357.0,
2025-02-04 07:36:27,362.0,16.0,368.86,84.0,361.0,16.0,370.13,68.0,365.43,6.860000000000014,32.0,152.0,1.3662979177310124,184,-120.0,30.0,-0.65,357.0,
2025-02-04 07:36:28,362.92,39.0,367.13,62.0,361.8,15.0,369.0,75.0,365.03,4.20999999999998,54.0,137.0,0.6328743951183488,191,-83.0,7.0,-0.43,357.0,
2025-02-04 07:36:29,363.0,51.0,366.14,70.0,362.0,17.0,371.35,49.0,364.57,3.1399999999999864,68.0,119.0,0.5981053418892385,187,-51.0,-4.0,-0.27,357.0,
2025-02-04 07:36:30,363.0,30.0,366.0,40.0,362.0,10.0,372.0,30.0,364.5,3.0,40.0,70.0,0.6041771263431152,110,-30.0,-77.0,-0.27,357.0,
2025-02-04 07:36:31,361.92,13.0,366.0,44.0,358.71,31.0,372.0,33.0,363.96,4.079999999999984,44.0,77.0,0.5581845572890289,121,-33.0,11.0,-0.27,362.75,4.0
2025-02-04 07:36:32,361.0,10.0,365.2,40.0,358.0,60.0,372.0,30.0,363.1,4.199999999999989,70.0,70.0,0.7379498627925926,140,0.0,19.0,0.0,362.75,
2025-02-04 07:36:33,361.0,9.0,363.33,36.0,358.0,54.0,372.11,27.0,362.17,2.329999999999984,63.0,63.0,1.019485164185944,126,0.0,-14.0,0.0,362.75,
2025-02-04 07:36:34,358.43,14.0,362.88,32.0,357.33,36.0,372.0,24.0,360.65,4.449999999999989,50.0,56.0,1.5261159851055754,106,-6.0,-20.0,-0.06,358.6,5.0
2025-02-04 07:36:35,358.0,32.0,360.88,64.0,357.0,64.0,372.0,48.0,359.44,2.8799999999999955,96.0,112.0,1.8278484619886104,208,-16.0,102.0,-0.08,358.6,
2025-02-04 07:36:36,357.08,48.0,359.92,52.0,356.11,74.0,372.0,39.0,358.5,2.840000000000032,122.0,91.0,1.8924243710102349,213,31.0,5.0,0.15,358.0,2.0
2025-02-04 07:36:37,356.3,40.0,357.55,44.0,353.6,90.0,371.83,54.0,356.92,1.25,130.0,98.0,2.006546784900048,228,32.0,15.0,0.14,356.44,9.0
2025-02-04 07:36:38,353.17,124.0,364.91,75.0,351.82,104.0,370.15,88.0,359.04,11.740000000000007,228.0,163.0,1.3650641010561884,391,65.0,163.0,0.17,356.0,1.0
2025-02-04 07:36:39,353.0,108.0,366.56,34.0,350.0,12.0,366.96,28.0,359.78,13.560000000000002,120.0,62.0,1.1215524954242078,182,58.0,-184.0,0.32,356.0,
2025-02-04 07:36:40,353.0,135.0,361.07,43.0,350.0,15.0,362.14,29.0,357.03,8.069999999999993,150.0,72.0,1.2534671914302422,222,78.0,40.0,0.35,353.0,2.0
2025-02-04 07:36:41,353.0,70.0,358.41,22.0,350.0,12.0,359.32,34.0,355.7,5.410000000000025,82.0,56.0,1.671759552086291,138,26.0,-84.0,0.19,353.0,2.0
2025-02-04 07:36:42,353.26,61.0,355.69,39.0,352.07,29.0,358.0,13.0,354.48,2.430000000000007,90.0,52.0,2.22031078905442,142,38.0,4.0,0.27,353.0,
2025-02-04 07:36:43,353.17,66.0,356.67,18.0,348.24,140.0,365.26,47.0,354.92,3.5,206.0,65.0,2.1322804693545767,271,141.0,129.0,0.52,354.2,5.0
2025-02-04 07:36:44,353.5,28.0,355.64,28.0,350.77,43.0,366.75,28.0,354.57,2.1399999999999864,71.0,56.0,1.0600235846387935,127,15.0,-144.0,0.12,355.0,1.0
2025-02-04 07:36:45,354.91,88.0,365.62,40.0,352.85,39.0,371.29,51.0,360.27,10.70999999999998,127.0,91.0,2.4415097788030096,218,36.0,91.0,0.17,353.0,2.0
2025-02-04 07:36:46,357.0,72.0,368.0,37.0,354.73,52.0,371.25,36.0,362.5,11.0,124.0,73.0,3.772236737002504,197,51.0,-21.0,0.26,353.0,
2025-02-04 07:36:47,358.0,72.0,368.23,39.0,353.0,12.0,371.08,36.0,363.12,10.230000000000018,84.0,75.0,4.09511049911867,159,9.0,-38.0,0.06,353.0,
2025-02-04 07:36:48,358.0,54.0,368.44,41.0,355.59,29.0,371.22,27.0,363.22,10.439999999999998,83.0,68.0,3.646989169163069,151,15.0,-8.0,0.1,353.0,
2025-02-04 07:36:49,358.68,65.0,368.0,60.0,355.95,56.0,371.0,36.0,363.34,9.319999999999991,121.0,96.0,1.282653499583355,217,25.0,66.0,0.12,359.0,6.0
2025-02-04 07:36:50,356.35,69.0,365.67,60.0,355.31,39.0,368.73,75.0,361.01,9.319999999999991,108.0,135.0,0.966084882395671,243,-27.0,26.0,-0.11,359.0,
2025-02-04 07:36:51,357.5,16.0,364.2,40.0,356.76,42.0,369.0,50.0,360.85,6.699999999999989,58.0,90.0,1.2616140455754667,148,-32.0,-95.0,-0.22,359.0,
2025-02-04 07:36:52,358.0,9.0,362.56,36.0,357.0,36.0,369.22,45.0,360.28,4.560000000000002,45.0,81.0,1.432393102466316,126,-36.0,-22.0,-0.29,359.0,
2025-02-04 07:36:53,360.84,19.0,362.0,28.0,357.6,10.0,370.0,35.0,361.42,1.160000000000025,29.0,63.0,1.1695084437458771,92,-34.0,-34.0,-0.37,359.0,
2025-02-04 07:36:54,358.0,6.0,370.0,30.0,357.0,24.0,372.0,18.0,364.0,12.0,30.0,48.0,1.4497137648491123,78,-18.0,-14.0,-0.23,361.0,3.0
2025-02-04 07:36:55,359.38,13.0,369.81,37.0,357.0,52.0,370.68,53.0,364.6,10.430000000000009,65.0,90.0,1.9437592443492804,155,-25.0,77.0,-0.16,361.0,
2025-02-04 07:36:56,361.93,15.0,368.47,15.0,357.0,60.0,370.0,75.0,365.2,6.5400000000000205,75.0,90.0,2.1356966076654267,165,-15.0,10.0,-0.09,361.0,
2025-02-04 07:36:57,357.39,31.0,367.31,13.0,355.6,60.0,370.72,89.0,362.35,9.920000000000016,91.0,102.0,1.5809743830921843,193,-11.0,28.0,-0.06,357.57,7.0
2025-02-04 07:36:58,360.5,48.0,366.21,14.0,356.86,42.0,370.67,72.0,363.36,5.70999999999998,90.0,86.0,1.1049977375514537,176,4.0,-17.0,0.02,357.57,
2025-02-04 07:36:59,363.0,56.0,364.58,26.0,358.0,42.0,365.05,58.0,363.79,1.579999999999984,98.0,84.0,1.1043323774995533,182,14.0,6.0,0.08,357.57,
2025-02-04 07:37:00,363.0,32.0,364.24,21.0,358.0,30.0,365.56,48.0,363.62,1.240000000000009,62.0,69.0,1.0242216556945696,131,-7.0,-51.0,-0.05,363.0,1.0
2025-02-04 07:37:01,359.36,33.0,363.13,31.0,356.55,33.0,364.22,46.0,361.25,3.769999999999982,66.0,77.0,1.0658001688840844,143,-11.0,12.0,-0.08,363.0,
2025-02-04 07:37:02,356.0,6.0,362.0,12.0,354.0,30.0,363.0,30.0,359.0,6.0,36.0,42.0,2.0635236853482115,78,-6.0,-65.0,-0.08,357.2,5.0
2025-02-04 07:37:03,354.0,54.0,360.51,84.0,351.0,36.0,362.24,42.0,357.26,6.509999999999991,90.0,126.0,2.859078522879801,216,-36.0,138.0,-0.17,354.67,3.0
2025-02-04 07:37:04,354.32,31.0,360.0,60.0,352.55,29.0,362.0,24.0,357.16,5.680000000000007,60.0,84.0,2.768360525652647,144,-24.0,-72.0,-0.17,354.67,
2025-02-04 07:37:05,356.0,32.0,358.65,77.0,354.0,48.0,360.89,35.0,357.32,2.6499999999999773,80.0,112.0,1.7667823861446914,192,-32.0,48.0,-0.17,354.67,
2025-02-04 07:37:06,354.27,45.0,356.7,53.0,349.16,64.0,358.06,31.0,355.48,2.430000000000007,109.0,84.0,1.245825027839181,193,25.0,1.0,0.13,356.0,2.0
2025-02-04 07:37:07,351.0,42.0,364.16,68.0,347.43,49.0,364.37,30.0,357.58,13.160000000000023,91.0,98.0,0.8417838202236665,189,-7.0,-4.0,-0.04,355.6,5.0
2025-02-04 07:37:08,348.0,48.0,366.8,120.0,347.0,64.0,371.39,64.0,357.4,18.80000000000001,112.0,184.0,0.8564578214893952,296,-72.0,107.0,-0.24,355.6,
2025-02-04 07:37:09,348.0,33.0,367.25,32.0,347.0,44.0,369.33,79.0,357.62,19.25,77.0,111.0,0.9029950165922376,188,-34.0,-108.0,-0.18,355.6,
2025-02-04 07:37:10,348.0,33.0,365.0,11.0,347.0,44.0,367.91,68.0,356.5,17.0,77.0,79.0,0.922756739336169,156,-2.0,-32.0,-0.01,355.6,
2025-02-04 07:37:11,354.0,87.0,364.31,29.0,348.21,42.0,366.69,32.0,359.16,10.310000000000002,129.0,61.0,0.9579770352105508,190,68.0,34.0,0.36,355.6,
2025-02-04 07:37:12,353.58,31.0,364.0,52.0,348.51,61.0,365.0,13.0,358.79,10.420000000000016,92.0,65.0,1.080268485141976,157,27.0,-33.0,0.17,355.6,
2025-02-04 07:37:13,356.62,26.0,364.0,60.0,351.55,55.0,365.0,15.0,360.31,7.3799999999999955,81.0,75.0,1.4634992312916584,156,6.0,-1.0,0.04,357.0,1.0
2025-02-04 07:37:14,357.2,15.0,363.08,52.0,356.04,25.0,364.54,13.0,360.14,5.879999999999996,40.0,65.0,1.5275306870866947,105,-25.0,-51.0,-0.24,357.0,
2025-02-04 07:37:15,358.93,15.0,363.0,60.0,356.0,30.0,364.0,15.0,360.97,4.069999999999993,45.0,75.0,0.8869780155066033,120,-30.0,15.0,-0.25,357.0,
2025-02-04 07:37:16,360.22,9.0,363.0,36.0,356.71,28.0,364.0,9.0,361.61,2.7799999999999727,37.0,45.0,1.0547890784381055,82,-8.0,-38.0,-0.1,357.0,
2025-02-04 07:37:17,361.0,14.0,363.0,56.0,357.0,56.0,364.0,14.0,362.0,2.0,70.0,70.0,0.8044439073003374,140,0.0,58.0,0.0,357.0,
2025-02-04 07:37:18,357.38,53.0,362.33,69.0,356.45,44.0,363.6,20.0,359.86,4.949999999999989,97.0,89.0,0.9188198952964444,186,8.0,46.0,0.04,361.0,1.0
2025-02-04 07:37:19,356.77,60.0,358.71,82.0,354.95,40.0,360.14,63.0,357.74,1.9399999999999975,100.0,145.0,1.7109734071552116,245,-45.0,59.0,-0.18,357.0,4.0
2025-02-04 07:37:20,355.6,60.0,357.18,67.0,351.83,24.0,358.91,44.0,356.39,1.579999999999984,84.0,111.0,2.4289606830889445,195,-27.0,-50.0,-0.14,356.0,6.0
2025-02-04 07:37:21,353.0,28.0,355.83,36.0,346.0,14.0,356.42,55.0,354.42,2.829999999999984,42.0,91.0,2.9538991181134158,133,-49.0,-62.0,-0.37,353.33,3.0
2025-02-04 07:37:22,346.0,42.0,348.75,24.0,344.0,12.0,354.76,37.0,347.38,2.75,54.0,61.0,4.778474652019202,115,-7.0,-18.0,-0.06,353.33,
2025-02-04 07:37:23,346.0,23.0,347.0,42.0,344.0,14.0,352.06,62.0,346.5,1.0,37.0,104.0,5.207915129875761,141,-67.0,26.0,-0.48,353.33,
2025-02-04 07:37:24,348.21,68.0,350.82,55.0,346.09,23.0,352.45,83.0,349.51,2.6100000000000136,91.0,138.0,4.3644873696676125,229,-47.0,88.0,-0.21,347.0,3.0
2025-02-04 07:37:25,349.39,92.0,351.0,65.0,348.9,178.0,352.0,112.0,350.2,1.6100000000000136,270.0,177.0,3.0878341924377275,447,93.0,184.0,0.21,351.0,3.0
2025-02-04 07:37:26,349.29,196.0,351.0,28.0,341.0,14.0,352.0,98.0,350.14,1.7099999999999795,210.0,126.0,1.699376356192787,336,84.0,-111.0,0.25,351.0,
2025-02-04 07:37:27,349.66,128.0,351.51,41.0,339.04,27.0,352.04,73.0,350.58,1.849999999999966,155.0,114.0,1.6583968162015317,269,41.0,-67.0,0.15,350.5,4.0
2025-02-04 07:37:28,339.0,9.0,351.73,33.0,338.0,45.0,352.1,39.0,345.36,12.730000000000018,54.0,72.0,2.157595884309019,126,-18.0,-143.0,-0.14,350.5,
2025-02-04 07:37:29,340.33,51.0,351.92,77.0,339.74,89.0,352.52,29.0,346.13,11.590000000000032,140.0,106.0,2.518972012545359,246,34.0,120.0,0.14,351.0,3.0
2025-02-04 07:37:30,343.58,118.0,352.0,80.0,341.11,90.0,353.0,16.0,347.79,8.420000000000016,208.0,96.0,2.331662497015061,304,112.0,58.0,0.37,351.0,
2025-02-04 07:37:31,345.52,60.0,349.74,23.0,344.17,144.0,352.03,67.0,347.63,4.220000000000027,204.0,90.0,2.0027406222439703,294,114.0,-10.0,0.39,348.0,1.0
2025-02-04 07:37:32,347.55,172.0,350.26,39.0,346.1,197.0,352.01,86.0,348.9,2.7099999999999795,369.0,125.0,1.409457342378948,494,244.0,184.0,0.49,348.0,
2025-02-04 07:37:33,349.0,49.0,351.38,52.0,347.86,161.0,352.17,48.0,350.19,2.3799999999999955,210.0,100.0,1.51674651804007,310,110.0,-184.0,0.35,351.0,4.0
2025-02-04 07:37:34,349.8,165.0,352.02,43.0,348.0,150.0,354.32,19.0,350.91,2.2199999999999704,315.0,62.0,1.4474045737068328,377,253.0,67.0,0.67,351.0,
2025-02-04 07:37:35,350.5,153.0,356.05,41.0,348.79,141.0,358.55,55.0,353.27,5.550000000000011,294.0,96.0,2.134361731288389,390,198.0,13.0,0.51,353.0,2.0
2025-02-04 07:37:36,352.5,139.0,358.0,65.0,351.33,134.0,361.0,26.0,355.25,5.5,273.0,91.0,2.540251956005469,364,182.0,-26.0,0.5,353.0,
2025-02-04 07:37:37,355.07,145.0,358.0,70.0,353.78,149.0,361.0,28.0,356.53,2.930000000000007,294.0,98.0,2.7201102918798714,392,196.0,28.0,0.5,353.0,
2025-02-04 07:37:38,356.39,114.0,358.75,40.0,353.78,82.0,362.35,37.0,357.57,2.3600000000000136,196.0,77.0,2.659751868124536,273,119.0,-119.0,0.44,358.0,5.0
2025-02-04 07:37:39,356.42,86.0,361.0,22.0,354.0,80.0,363.0,55.0,358.71,4.579999999999984,166.0,77.0,2.106627636767654,243,89.0,-30.0,0.37,358.0,
2025-02-04 07:37:40,359.27,66.0,362.67,48.0,356.38,96.0,363.44,36.0,360.97,3.400000000000034,162.0,84.0,2.1820357467270157,246,78.0,3.0,0.32,361.0,2.0
2025-02-04 07:37:41,362.41,82.0,368.66,35.0,358.51,78.0,392.38,21.0,365.54,6.25,160.0,56.0,3.575958612735361,216,104.0,-30.0,0.48,363.0,9.0
2025-02-04 07:37:43,363.0,61.0,364.89,27.0,362.0,27.0,388.92,25.0,363.94,1.8899999999999864,88.0,52.0,6.90974891005453,140,36.0,60.0,0.26,363.0,
2025-02-04 07:37:44,363.0,114.0,365.0,52.0,362.0,39.0,419.71,34.0,364.0,2.0,153.0,86.0,6.026460818755932,239,67.0,99.0,0.28,363.0,3.0
2025-02-04 07:37:45,363.0,37.0,365.0,28.0,362.0,21.0,502.56,9.0,364.0,2.0,58.0,37.0,5.497717708285949,95,21.0,-144.0,0.22,363.0,2.0
2025-02-04 07:37:46,362.45,33.0,365.0,44.0,360.22,27.0,551.0,26.0,363.73,2.550000000000012,60.0,70.0,5.659458454658067,130,-10.0,35.0,-0.08,363.0,3.0
2025-02-04 07:37:47,362.31,26.0,365.0,65.0,358.22,23.0,518.21,56.0,363.65,2.6899999999999977,49.0,121.0,0.1631870092840697,170,-72.0,40.0,-0.42,363.0,
2025-02-04 07:37:48,363.78,9.0,365.0,63.0,359.44,9.0,451.33,36.0,364.39,1.2200000000000273,18.0,99.0,0.2902240513795088,117,-81.0,-53.0,-0.69,363.0,
2025-02-04 07:37:49,364.0,12.0,365.0,84.0,363.0,12.0,394.5,48.0,364.5,1.0,24.0,132.0,0.3817459888449409,156,-108.0,39.0,-0.69,363.0,
2025-02-04 07:37:50,364.0,5.0,365.0,35.0,363.0,5.0,400.0,20.0,364.5,1.0,10.0,55.0,0.4268840592002372,65,-45.0,-91.0,-0.69,363.0,
2025-02-04 07:37:51,358.9,58.0,364.22,59.0,354.5,122.0,370.49,139.0,361.56,5.32000000000005,180.0,198.0,1.2585904814509703,378,-18.0,184.0,-0.05,359.8,10.0
2025-02-04 07:37:52,359.0,10.0,362.0,5.0,358.0,5.0,365.53,17.0,360.5,3.0,15.0,22.0,1.918019812201787,37,-7.0,-184.0,-0.19,359.8,
2025-02-04 07:37:53,359.0,24.0,360.44,34.0,358.0,12.0,362.65,46.0,359.72,1.4399999999999975,36.0,80.0,2.237203611654067,116,-44.0,79.0,-0.38,359.8,
2025-02-04 07:37:54,358.12,16.0,359.62,39.0,355.09,11.0,360.59,46.0,358.87,1.5,27.0,85.0,2.1785545666788644,112,-58.0,-4.0,-0.52,358.67,3.0
2025-02-04 07:37:55,356.0,12.0,357.68,22.0,351.0,12.0,358.98,41.0,356.84,1.6800000000000068,24.0,63.0,1.7863706222384008,87,-39.0,-25.0,-0.45,358.67,
2025-02-04 07:37:56,350.77,26.0,357.16,38.0,347.71,84.0,358.5,32.0,353.96,6.390000000000043,110.0,70.0,2.628216125054334,180,40.0,93.0,0.22,356.0,1.0
2025-02-04 07:37:57,352.0,32.0,354.4,67.0,345.38,128.0,355.0,88.0,353.2,2.3999999999999773,160.0,155.0,2.891404503004532,315,5.0,135.0,0.02,356.0,
2025-02-04 07:37:58,345.19,74.0,353.62,66.0,341.28,116.0,356.86,56.0,349.41,8.430000000000007,190.0,122.0,3.621205600348275,312,68.0,-3.0,0.22,352.0,2.0
2025-02-04 07:37:59,345.18,49.0,352.0,30.0,341.47,68.0,354.0,36.0,348.59,6.819999999999993,117.0,66.0,3.400124997701216,183,51.0,-129.0,0.28,352.0,
2025-02-04 07:38:00,346.62,117.0,352.0,65.0,343.8,80.0,354.0,52.0,349.31,5.379999999999996,197.0,117.0,2.48685142298288,314,80.0,131.0,0.25,352.0,
2025-02-04 07:38:01,348.93,135.0,352.0,75.0,344.5,32.0,354.0,60.0,350.47,3.069999999999993,167.0,135.0,1.8083915505198591,302,32.0,-12.0,0.11,352.0,
2025-02-04 07:38:02,342.65,138.0,352.89,54.0,294.94,138.0,355.67,36.0,347.77,10.240000000000007,276.0,90.0,1.0056838469375555,366,186.0,64.0,0.51,351.62,8.0
2025-02-04 07:38:03,339.09,105.0,357.73,44.0,307.68,123.0,365.62,42.0,348.41,18.640000000000043,228.0,86.0,1.0302426898507973,314,142.0,-52.0,0.45,354.0,4.0
2025-02-04 07:38:04,350.01,75.0,359.0,44.0,338.5,32.0,361.0,44.0,354.51,8.990000000000009,107.0,88.0,2.668984825732717,195,19.0,-119.0,0.1,354.0,
2025-02-04 07:38:05,357.1,39.0,359.0,46.0,347.67,18.0,361.0,48.0,358.05,1.8999999999999773,57.0,94.0,4.356021120241763,151,-37.0,-44.0,-0.25,359.0,1.0
2025-02-04 07:38:06,357.73,30.0,360.41,41.0,339.12,102.0,427.08,48.0,359.07,2.680000000000007,132.0,89.0,5.278950653301568,221,43.0,70.0,0.19,358.75,4.0
2025-02-04 07:38:07,357.0,18.0,362.24,38.0,338.0,120.0,483.11,19.0,359.62,5.240000000000009,138.0,57.0,4.6512600443314165,195,81.0,-26.0,0.42,357.0,3.0
2025-02-04 07:38:08,338.0,108.0,361.91,33.0,337.0,36.0,362.86,21.0,349.95,23.910000000000025,144.0,54.0,4.039381140718731,198,90.0,3.0,0.45,357.0,
2025-02-04 07:38:09,338.0,120.0,359.9,10.0,337.0,40.0,362.0,50.0,348.95,21.899999999999977,160.0,60.0,5.22577458373337,220,100.0,22.0,0.45,357.0,
2025-02-04 07:38:10,338.0,84.0,358.33,24.0,337.0,28.0,359.93,27.0,348.17,20.329999999999984,112.0,51.0,5.691829231450349,163,61.0,-57.0,0.37,357.0,
2025-02-04 07:38:11,337.68,88.0,356.91,44.0,336.59,34.0,357.44,36.0,347.3,19.230000000000015,122.0,80.0,5.027531203283739,202,42.0,39.0,0.21,357.0,
2025-02-04 07:38:12,337.16,57.0,355.04,55.0,336.33,36.0,357.64,56.0,346.1,17.879999999999995,93.0,111.0,1.4823730974321154,204,-18.0,2.0,-0.09,357.0,
2025-02-04 07:38:13,342.71,70.0,355.9,93.0,339.35,95.0,391.22,58.0,349.31,13.189999999999998,165.0,151.0,1.2982411178168844,316,14.0,112.0,0.04,355.0,6.0
2025-02-04 07:38:14,352.61,127.0,359.0,45.0,339.23,65.0,406.0,15.0,355.81,6.389999999999986,192.0,60.0,3.804269969388473,252,132.0,-64.0,0.52,358.0,3.0
2025-02-04 07:38:15,358.0,285.0,361.0,44.0,343.0,64.0,415.0,16.0,359.5,3.0,349.0,60.0,5.790468892930153,409,289.0,157.0,0.71,358.38,8.0
2025-02-04 07:38:20,358.0,99.0,378.22,9.0,355.0,36.0,461.33,9.0,368.11,20.220000000000027,135.0,18.0,22.686566509721263,153,117.0,-12.0,0.76,358.38,
2025-02-04 07:38:22,359.0,26.0,381.81,37.0,355.0,52.0,474.92,13.0,370.41,22.81,78.0,50.0,25.933601369651782,128,28.0,-17.0,0.22,358.38,
2025-02-04 07:38:23,359.0,16.0,363.38,32.0,355.0,32.0,367.0,8.0,361.19,4.379999999999996,48.0,40.0,26.046570215673384,88,8.0,-40.0,0.09,358.38,
2025-02-04 07:38:24,359.0,24.0,361.92,48.0,355.0,48.0,382.33,12.0,360.46,2.920000000000016,72.0,60.0,16.80200374955327,132,12.0,44.0,0.09,358.38,
2025-02-04 07:38:25,355.21,38.0,359.29,28.0,352.39,46.0,374.0,22.0,357.25,4.080000000000041,84.0,50.0,18.1295209534064,134,34.0,2.0,0.25,359.0,2.0
2025-02-04 07:38:26,351.67,36.0,374.19,27.0,346.67,36.0,492.94,17.0,362.93,22.519999999999985,72.0,44.0,4.903561970649439,116,28.0,-18.0,0.24,354.42,12.0
2025-02-04 07:38:28,351.36,11.0,365.0,30.0,350.0,30.0,404.4,10.0,358.18,13.639999999999986,41.0,40.0,16.17591635735055,81,1.0,-7.0,0.01,351.0,1.0
2025-02-04 07:38:29,356.57,14.0,365.0,24.0,353.83,18.0,525.0,8.0,360.79,8.430000000000007,32.0,32.0,16.143855487460264,64,0.0,-17.0,0.0,351.0,
2025-02-04 07:38:30,360.2,15.0,364.12,57.0,358.31,13.0,384.87,31.0,362.16,3.920000000000016,28.0,88.0,15.545470401374187,116,-60.0,52.0,-0.52,351.0,
2025-02-04 07:38:31,360.0,20.0,361.55,44.0,355.91,23.0,365.06,31.0,360.77,1.5500000000000114,43.0,75.0,15.747506786790126,118,-32.0,2.0,-0.27,361.0,3.0
2025-02-04 07:38:32,358.0,10.0,360.36,11.0,352.38,26.0,363.05,21.0,359.18,2.3600000000000136,36.0,32.0,1.5519439422864263,68,4.0,-50.0,0.06,360.5,2.0
2025-02-04 07:38:33,358.0,10.0,360.6,10.0,352.0,30.0,368.0,30.0,359.3,2.6000000000000227,40.0,40.0,1.2325785978993655,80,0.0,12.0,0.0,360.5,
2025-02-04 07:38:34,355.0,12.0,360.5,8.0,351.5,24.0,367.82,22.0,357.75,5.5,36.0,30.0,1.683915080994127,66,6.0,-14.0,0.09,358.0,1.0
2025-02-04 07:38:35,352.0,27.0,359.12,32.0,350.0,27.0,367.64,25.0,355.56,7.1200000000000045,54.0,57.0,1.9660035605255448,111,-3.0,45.0,-0.03,358.0,
2025-02-04 07:38:36,351.37,19.0,358.0,44.0,349.18,33.0,366.0,33.0,354.68,6.629999999999996,52.0,77.0,2.0993284640567427,129,-25.0,18.0,-0.19,358.0,
2025-02-04 07:38:37,350.45,29.0,358.0,52.0,350.11,37.0,366.0,39.0,354.22,7.550000000000011,66.0,91.0,2.156436875959641,157,-25.0,28.0,-0.16,350.75,4.0
2025-02-04 07:38:38,343.18,49.0,355.55,44.0,310.91,47.0,356.67,60.0,349.36,12.370000000000005,96.0,104.0,3.083971465496736,200,-8.0,43.0,-0.04,350.75,
2025-02-04 07:38:39,344.0,112.0,351.25,48.0,339.0,14.0,353.89,36.0,347.62,7.25,126.0,84.0,3.5540005627458133,210,42.0,10.0,0.2,350.75,
2025-02-04 07:38:40,345.82,17.0,349.15,55.0,343.92,122.0,353.0,58.0,347.48,3.329999999999984,139.0,113.0,3.531192433158677,252,26.0,42.0,0.1,349.0,1.0
2025-02-04 07:38:41,347.08,12.0,349.0,36.0,336.0,36.0,353.0,72.0,348.04,1.920000000000016,48.0,108.0,2.8250097344959366,156,-60.0,-96.0,-0.38,349.0,
2025-02-04 07:38:42,336.6,117.0,349.31,39.0,335.19,106.0,353.39,74.0,342.95,12.70999999999998,223.0,113.0,2.4304320603539398,336,110.0,180.0,0.33,351.31,13.0
2025-02-04 07:38:43,338.0,111.0,353.0,15.0,337.31,236.0,363.43,21.0,345.5,15.0,347.0,36.0,2.1226916874563155,383,311.0,47.0,0.81,351.31,
2025-02-04 07:38:44,344.25,225.0,353.65,31.0,342.9,220.0,357.19,31.0,348.95,9.399999999999975,445.0,62.0,2.392787077864682,507,383.0,124.0,0.76,353.0,1.0
2025-02-04 07:38:45,348.09,261.0,354.0,52.0,345.42,129.0,363.0,13.0,351.05,5.910000000000025,390.0,65.0,3.1422555593071086,455,325.0,-52.0,0.71,353.0,
2025-02-04 07:38:46,352.06,378.0,354.27,66.0,345.95,148.0,363.27,22.0,353.16,2.2099999999999795,526.0,88.0,4.12506606007671,614,438.0,159.0,0.71,354.0,4.0
2025-02-04 07:38:47,354.7,149.0,363.0,14.0,354.51,158.0,364.0,42.0,358.85,8.300000000000011,307.0,56.0,4.9870602563030815,363,251.0,-184.0,0.69,354.0,
2025-02-04 07:38:48,360.5,80.0,363.0,13.0,359.36,94.0,364.0,39.0,361.75,2.5,174.0,52.0,5.377454788280284,226,122.0,-137.0,0.54,354.0,
2025-02-04 07:38:49,361.23,73.0,363.78,23.0,359.05,76.0,365.09,33.0,362.51,2.5499999999999545,149.0,56.0,5.133632242379582,205,93.0,-21.0,0.45,363.0,1.0
2025-02-04 07:38:50,361.17,72.0,364.0,30.0,358.75,64.0,366.0,30.0,362.58,2.829999999999984,136.0,60.0,3.9957039429867423,196,76.0,-9.0,0.39,363.0,
2025-02-04 07:38:52,362.7,90.0,365.0,28.0,359.0,54.0,450.0,42.0,363.85,2.300000000000012,144.0,70.0,9.995731589033443,214,74.0,28.0,0.35,362.0,2.0
2025-02-04 07:38:53,364.0,63.0,365.0,18.0,358.0,54.0,398.44,27.0,364.5,1.0,117.0,45.0,9.696888676271431,162,72.0,-52.0,0.44,362.0,
2025-02-04 07:38:54,364.0,53.0,365.0,22.0,358.0,66.0,399.74,19.0,364.5,1.0,119.0,41.0,9.469821540029209,160,78.0,-2.0,0.49,364.0,3.0
2025-02-04 07:38:55,364.0,32.0,365.0,16.0,358.12,43.0,413.0,8.0,364.5,1.0,75.0,24.0,9.226956161161771,99,51.0,-61.0,0.52,364.0,
2025-02-04 07:38:56,364.0,56.0,365.0,28.0,363.0,14.0,418.29,17.0,364.5,1.0,70.0,45.0,0.2906888370770434,115,25.0,16.0,0.22,364.0,
2025-02-04 07:38:57,364.0,24.0,365.0,12.0,363.0,6.0,402.07,27.0,364.5,1.0,30.0,39.0,0.0,69,-9.0,-46.0,-0.13,364.0,
2025-02-04 07:38:58,364.0,22.0,365.0,20.0,363.0,10.0,399.8,50.0,364.5,1.0,32.0,70.0,0.0,102,-38.0,33.0,-0.37,364.0,2.0
2025-02-04 07:38:59,358.55,44.0,364.0,26.0,356.08,170.0,378.98,40.0,361.27,5.449999999999989,214.0,66.0,1.4444999134652878,280,148.0,178.0,0.53,362.25,4.0
2025-02-04 07:39:00,358.0,75.0,362.0,60.0,356.0,315.0,363.56,45.0,360.0,4.0,390.0,105.0,2.1640425134458945,495,285.0,184.0,0.58,362.25,
2025-02-04 07:39:01,359.08,26.0,361.0,50.0,356.09,110.0,363.0,20.0,360.04,1.920000000000016,136.0,70.0,2.283379074967888,206,66.0,-184.0,0.32,359.0,8.0
2025-02-04 07:39:02,360.0,28.0,361.0,64.0,358.0,24.0,363.0,53.0,360.5,1.0,52.0,117.0,1.8809093545413629,169,-65.0,-37.0,-0.38,361.0,2.0
2025-02-04 07:39:03,357.01,71.0,360.88,72.0,355.77,202.0,365.96,51.0,358.94,3.870000000000005,273.0,123.0,0.8478797084499571,396,150.0,184.0,0.38,359.0,4.0
2025-02-04 07:39:04,358.31,117.0,360.42,36.0,356.0,368.0,365.18,73.0,359.36,2.1100000000000136,485.0,109.0,0.6155647813197163,594,376.0,184.0,0.63,360.0,6.0
2025-02-04 07:39:05,359.0,12.0,365.0,2.0,356.0,44.0,367.0,10.0,362.0,6.0,56.0,12.0,1.187821535417326,68,44.0,-184.0,0.65,360.0,
2025-02-04 07:39:06,359.0,54.0,365.0,9.0,356.01,149.0,367.0,45.0,362.0,6.0,203.0,54.0,1.4331085094999536,257,149.0,184.0,0.58,360.0,
2025-02-04 07:39:07,359.39,46.0,365.0,11.0,358.84,87.0,367.0,55.0,362.2,5.610000000000014,133.0,66.0,1.6064868502422245,199,67.0,-58.0,0.34,359.8,5.0
2025-02-04 07:39:08,359.06,51.0,365.0,6.0,358.62,96.0,367.0,30.0,362.03,5.939999999999998,147.0,36.0,1.2092228909515397,183,111.0,-16.0,0.61,359.2,5.0
2025-02-04 07:39:09,359.0,112.0,365.0,7.0,358.0,84.0,367.0,35.0,362.0,6.0,196.0,42.0,0.0870631954459593,238,154.0,55.0,0.65,359.2,
2025-02-04 07:39:10,359.0,32.0,365.0,2.0,358.0,24.0,367.0,10.0,362.0,6.0,56.0,12.0,0.0870631954459593,68,44.0,-170.0,0.65,359.2,
2025-02-04 07:39:11,359.0,128.0,365.0,8.0,358.0,96.0,367.0,40.0,362.0,6.0,224.0,48.0,0.0870631954459593,272,176.0,184.0,0.65,359.2,
2025-02-04 07:39:12,359.0,112.0,365.0,7.0,358.0,84.0,367.0,35.0,362.0,6.0,196.0,42.0,0.0134164079118294,238,154.0,-34.0,0.65,359.2,
2025-02-04 07:39:13,359.0,144.0,364.8,10.0,358.0,120.0,366.9,42.0,361.9,5.800000000000011,264.0,52.0,0.0447213595640632,316,212.0,78.0,0.67,359.0,4.0
2025-02-04 07:39:14,359.0,96.0,364.0,8.0,358.0,96.0,365.54,13.0,361.5,5.0,192.0,21.0,0.2167948338896941,213,171.0,-103.0,0.8,359.0,
2025-02-04 07:39:15,359.0,104.0,363.02,46.0,358.0,120.0,364.8,15.0,361.01,4.019999999999982,224.0,61.0,0.428509043079923,285,163.0,72.0,0.57,361.0,4.0
2025-02-04 07:39:16,359.0,110.0,362.93,29.0,358.0,132.0,363.6,15.0,360.97,3.930000000000007,242.0,44.0,0.481694924201272,286,198.0,1.0,0.69,361.0,
2025-02-04 07:39:17,359.0,72.0,362.88,16.0,358.0,120.0,363.21,28.0,360.94,3.879999999999996,192.0,44.0,0.4231193685016987,236,148.0,-50.0,0.63,359.0,7.0
2025-02-04 07:39:18,359.0,21.0,365.22,9.0,358.0,84.0,370.85,27.0,362.11,6.220000000000027,105.0,36.0,0.5046087593386402,141,69.0,-95.0,0.49,359.0,
2025-02-04 07:39:19,359.0,18.0,362.6,10.0,358.0,72.0,370.43,14.0,360.8,3.6000000000000227,90.0,24.0,0.5336009745130672,114,66.0,-27.0,0.58,359.0,
2025-02-04 07:39:20,359.0,27.0,369.0,42.0,358.0,108.0,373.76,37.0,364.0,10.0,135.0,79.0,1.356292741262468,214,56.0,100.0,0.26,359.0,
2025-02-04 07:39:21,359.0,33.0,369.0,60.0,358.0,485.0,372.0,12.0,364.0,10.0,518.0,72.0,1.57251391090867,590,446.0,184.0,0.76,359.0,1.0
2025-02-04 07:39:22,359.0,26.0,367.46,13.0,358.0,559.0,369.79,61.0,363.23,8.45999999999998,585.0,74.0,1.3726871457113847,659,511.0,69.0,0.78,359.0,
2025-02-04 07:39:23,359.0,26.0,366.77,13.0,358.0,559.0,372.0,13.0,362.88,7.769999999999982,585.0,26.0,1.313933027213054,611,559.0,-48.0,0.91,359.0,
2025-02-04 07:39:24,359.0,28.0,365.86,14.0,358.0,602.0,370.08,50.0,362.43,6.860000000000014,630.0,64.0,0.6924377228323534,694,566.0,83.0,0.82,359.0,
2025-02-04 07:39:25,359.0,34.0,362.12,57.0,358.0,732.0,364.45,44.0,360.56,3.1200000000000045,766.0,101.0,1.2868372080420023,867,665.0,173.0,0.77,359.0,
2025-02-04 07:39:26,359.64,39.0,362.08,12.0,358.03,322.0,371.0,24.0,360.86,2.4399999999999977,361.0,36.0,1.2088300128642724,397,325.0,-184.0,0.82,359.0,
2025-02-04 07:39:27,359.65,37.0,368.2,20.0,358.03,325.0,371.95,40.0,363.92,8.550000000000011,362.0,60.0,1.4084033513171546,422,302.0,25.0,0.72,359.83,6.0
2025-02-04 07:39:28,359.0,12.0,369.17,36.0,358.0,540.0,372.4,40.0,364.08,10.170000000000016,552.0,76.0,1.6497272501845102,628,476.0,184.0,0.76,359.83,
2025-02-04 07:39:29,358.0,486.0,365.15,65.0,357.34,134.0,369.46,26.0,361.58,7.149999999999977,620.0,91.0,1.6854079624830818,711,529.0,83.0,0.74,358.5,2.0
2025-02-04 07:39:30,358.0,484.0,361.09,55.0,352.34,59.0,369.0,22.0,359.55,3.089999999999975,543.0,77.0,1.9679481700495536,620,466.0,-91.0,0.75,358.5,
2025-02-04 07:39:31,358.0,412.0,359.18,28.0,348.0,90.0,369.8,20.0,358.59,1.1800000000000068,502.0,48.0,2.488981719499255,550,454.0,-70.0,0.83,358.5,8.0
2025-02-04 07:39:32,358.17,47.0,372.38,26.0,357.72,321.0,373.71,28.0,365.28,14.20999999999998,368.0,54.0,2.8601800642619297,422,314.0,-128.0,0.74,358.0,1.0
2025-02-04 07:39:33,358.01,186.0,372.0,24.0,357.66,44.0,373.0,12.0,365.0,13.990000000000007,230.0,36.0,3.064530959217308,266,194.0,-156.0,0.73,358.33,3.0
2025-02-04 07:39:34,359.22,111.0,369.77,40.0,358.07,103.0,374.28,25.0,364.5,10.549999999999956,214.0,65.0,3.2378125331774945,279,149.0,13.0,0.53,361.0,6.0
2025-02-04 07:39:35,363.0,15.0,370.0,25.0,359.0,20.0,377.0,15.0,366.5,7.0,35.0,40.0,3.098512546368188,75,-5.0,-184.0,-0.07,361.0,
2025-02-04 07:39:36,363.0,15.0,370.0,25.0,359.0,20.0,381.0,15.0,366.5,7.0,35.0,40.0,0.9059139031943524,75,-5.0,0.0,-0.07,361.0,
2025-02-04 07:39:37,363.0,24.0,370.0,40.0,359.0,32.0,381.0,24.0,366.5,7.0,56.0,64.0,0.9746794344813018,120,-8.0,45.0,-0.07,361.0,
2025-02-04 07:39:38,363.0,18.0,369.71,35.0,359.0,28.0,376.6,25.0,366.36,6.70999999999998,46.0,60.0,0.8808632129909467,106,-14.0,-14.0,-0.13,363.0,1.0
2025-02-04 07:39:39,363.0,18.0,368.67,45.0,359.03,33.0,370.0,13.0,365.83,5.670000000000016,51.0,58.0,0.2903790626072481,109,-7.0,3.0,-0.06,363.0,
2025-02-04 07:39:40,360.45,22.0,368.0,55.0,358.44,18.0,370.0,11.0,364.23,7.550000000000011,40.0,66.0,0.9648989584411436,106,-26.0,-3.0,-0.25,360.8,5.0
2025-02-04 07:39:41,359.0,20.0,367.92,49.0,358.0,27.0,370.57,14.0,363.46,8.920000000000016,47.0,63.0,1.3575824100219478,110,-16.0,4.0,-0.15,360.8,
2025-02-04 07:39:42,359.0,18.0,366.44,36.0,358.0,20.0,368.0,45.0,362.72,7.439999999999998,38.0,81.0,1.545105174414085,119,-43.0,9.0,-0.36,360.8,
2025-02-04 07:39:43,359.0,15.0,365.0,32.0,358.0,16.0,368.0,40.0,362.0,6.0,31.0,72.0,1.4758285808322604,103,-41.0,-16.0,-0.4,359.0,1.0
2025-02-04 07:39:44,359.0,2.0,365.0,8.0,358.0,4.0,368.0,10.0,362.0,6.0,6.0,18.0,0.9660848823998412,24,-12.0,-79.0,-0.5,359.0,
2025-02-04 07:39:45,359.0,11.0,362.76,51.0,358.0,55.0,364.33,48.0,360.88,3.759999999999991,66.0,99.0,0.959124600873942,165,-33.0,141.0,-0.2,359.0,
2025-02-04 07:39:46,358.19,31.0,360.0,55.0,357.57,35.0,367.2,30.0,359.1,1.8100000000000025,66.0,85.0,1.4146377628218978,151,-19.0,-14.0,-0.13,359.0,1.0
2025-02-04 07:39:47,358.33,43.0,359.93,59.0,353.14,29.0,368.0,32.0,359.13,1.6000000000000227,72.0,91.0,1.4497310095331073,163,-19.0,12.0,-0.12,358.0,5.0
2025-02-04 07:39:48,359.0,52.0,360.0,65.0,355.0,13.0,370.0,26.0,359.5,1.0,65.0,91.0,1.2764090253527556,156,-26.0,-7.0,-0.17,358.0,
2025-02-04 07:39:49,359.0,32.0,363.87,31.0,355.0,11.0,370.75,16.0,361.44,4.8700000000000045,43.0,47.0,1.0798611021802755,90,-4.0,-66.0,-0.04,359.6,5.0
2025-02-04 07:39:50,359.0,12.0,370.0,12.0,355.0,6.0,372.0,6.0,364.5,11.0,18.0,18.0,2.315530176871361,36,0.0,-54.0,0.0,359.6,
2025-02-04 07:39:51,359.75,32.0,370.0,24.0,358.2,20.0,372.0,12.0,364.88,10.25,52.0,36.0,2.7057531299070545,88,16.0,52.0,0.18,359.6,
2025-02-04 07:39:52,359.75,32.0,370.0,24.0,358.2,20.0,372.0,12.0,364.88,10.25,52.0,36.0,2.44920395230812,88,16.0,0.0,0.18,360.0,3.0
2025-02-04 07:39:53,359.0,14.0,368.77,26.0,355.0,7.0,370.15,13.0,363.88,9.769999999999982,21.0,39.0,1.443218625157562,60,-18.0,-28.0,-0.3,360.0,
2025-02-04 07:39:54,358.2,20.0,367.5,48.0,351.0,12.0,369.25,24.0,362.85,9.300000000000011,32.0,72.0,0.8572747517579562,104,-40.0,44.0,-0.38,359.0,2.0
2025-02-04 07:39:55,349.18,33.0,362.5,56.0,343.59,17.0,367.74,38.0,355.84,13.319999999999991,50.0,94.0,3.7982074719532575,144,-44.0,40.0,-0.31,361.0,3.0
2025-02-04 07:39:56,346.0,33.0,360.8,49.0,342.0,11.0,367.33,27.0,353.4,14.800000000000011,44.0,76.0,5.189229229856919,120,-32.0,-24.0,-0.27,349.8,5.0
2025-02-04 07:39:57,346.0,27.0,365.92,52.0,342.0,9.0,377.08,26.0,355.96,19.920000000000016,36.0,78.0,4.672770056401373,114,-42.0,-6.0,-0.37,349.8,
2025-02-04 07:39:58,346.0,27.0,364.67,36.0,342.0,9.0,366.0,18.0,355.33,18.670000000000016,36.0,54.0,3.601170642999457,90,-18.0,-24.0,-0.2,349.8,
2025-02-04 07:39:59,346.45,60.0,363.36,56.0,343.5,20.0,367.0,28.0,354.9,16.910000000000025,80.0,84.0,1.0330924450410068,164,-4.0,74.0,-0.02,349.8,
2025-02-04 07:40:00,348.45,77.0,361.38,53.0,346.82,66.0,365.11,38.0,354.92,12.930000000000009,143.0,91.0,0.9432497018291562,234,52.0,70.0,0.22,349.0,1.0
2025-02-04 07:40:01,350.47,86.0,357.0,42.0,349.68,56.0,362.0,56.0,353.73,6.529999999999973,142.0,98.0,0.8146594380480616,240,44.0,6.0,0.18,356.0,1.0
2025-02-04 07:40:02,352.34,112.0,355.09,85.0,345.58,72.0,359.1,61.0,353.72,2.75,184.0,146.0,0.7457546513436927,330,38.0,90.0,0.12,354.0,2.0
2025-02-04 07:40:03,353.75,32.0,355.27,55.0,340.86,42.0,360.37,43.0,354.51,1.5199999999999818,74.0,98.0,0.5987737469201151,172,-24.0,-158.0,-0.14,353.0,4.0
2025-02-04 07:40:04,346.64,33.0,355.0,23.0,339.85,34.0,360.0,36.0,350.82,8.360000000000014,67.0,59.0,1.6056307171952118,126,8.0,-46.0,0.06,355.0,3.0
2025-02-04 07:40:05,345.0,21.0,355.0,14.0,338.0,7.0,360.0,21.0,350.0,10.0,28.0,35.0,2.006123126829679,63,-7.0,-63.0,-0.11,355.0,
2025-02-04 07:40:06,345.0,24.0,355.0,16.0,338.0,8.0,359.64,28.0,350.0,10.0,32.0,44.0,2.14886016297035,76,-12.0,13.0,-0.16,355.0,
2025-02-04 07:40:07,345.0,27.0,354.06,36.0,338.0,9.0,355.79,19.0,349.53,9.060000000000002,36.0,55.0,2.0315929710454084,91,-19.0,15.0,-0.21,354.0,2.0
2025-02-04 07:40:08,345.0,30.0,358.8,30.0,338.3,10.0,361.22,36.0,351.9,13.800000000000011,40.0,66.0,0.934184136025248,106,-26.0,15.0,-0.25,354.4,5.0
2025-02-04 07:40:09,345.0,24.0,360.0,8.0,339.0,8.0,362.0,32.0,352.5,15.0,32.0,40.0,1.3221119468491276,72,-8.0,-34.0,-0.11,360.0,2.0
2025-02-04 07:40:10,345.0,18.0,360.0,6.0,339.0,6.0,362.0,24.0,352.5,15.0,24.0,30.0,1.419676019379463,54,-6.0,-18.0,-0.11,360.0,
2025-02-04 07:40:11,345.54,26.0,361.64,39.0,344.04,25.0,365.09,35.0,353.59,16.099999999999966,51.0,74.0,1.5115323350828398,125,-23.0,71.0,-0.18,360.0,1.0
2025-02-04 07:40:12,346.94,32.0,351.79,33.0,345.0,48.0,354.76,34.0,349.36,4.850000000000023,80.0,67.0,1.5813917920619602,147,13.0,22.0,0.09,351.0,1.0
2025-02-04 07:40:13,348.0,16.0,351.0,16.0,344.5,16.0,353.0,16.0,349.5,3.0,32.0,32.0,1.9330804432307185,64,0.0,-83.0,0.0,351.0,
2025-02-04 07:40:14,349.0,18.0,351.0,18.0,342.22,9.0,353.0,18.0,350.0,2.0,27.0,36.0,1.9298445533257955,63,-9.0,-1.0,-0.14,351.0,
2025-02-04 07:40:15,349.0,10.0,351.0,8.0,336.0,4.0,353.0,8.0,350.0,2.0,14.0,16.0,1.7569291391520054,30,-2.0,-33.0,-0.07,351.0,
2025-02-04 07:40:16,350.0,18.0,351.0,18.0,349.0,13.0,353.0,18.0,350.5,1.0,31.0,36.0,0.4548846007523603,67,-5.0,37.0,-0.07,351.0,
2025-02-04 07:40:17,350.67,30.0,353.33,30.0,344.12,17.0,356.73,33.0,352.0,2.659999999999968,47.0,63.0,0.961769203084323,110,-16.0,43.0,-0.15,352.0,4.0
2025-02-04 07:40:18,351.45,29.0,356.0,18.0,337.15,26.0,360.0,27.0,353.72,4.550000000000011,55.0,45.0,1.6086267435303927,100,10.0,-10.0,0.1,352.0,
2025-02-04 07:40:19,352.0,130.0,356.0,20.0,351.0,20.0,360.0,30.0,354.0,4.0,150.0,50.0,1.816502133222228,200,100.0,100.0,0.5,352.0,
2025-02-04 07:40:20,352.48,120.0,355.97,31.0,352.73,120.0,359.83,47.0,354.23,3.490000000000009,240.0,78.0,1.5984992962152362,318,162.0,118.0,0.51,352.0,
2025-02-04 07:40:21,353.8,129.0,355.7,23.0,347.75,120.0,362.46,52.0,354.75,1.8999999999999773,249.0,75.0,1.0435276709317751,324,174.0,6.0,0.54,355.0,1.0
2025-02-04 07:40:22,352.14,103.0,355.38,16.0,337.82,34.0,359.23,26.0,353.76,3.240000000000009,137.0,42.0,0.4210344403967239,179,95.0,-145.0,0.53,355.0,4.0
2025-02-04 07:40:23,339.0,70.0,365.63,109.0,336.8,60.0,368.14,56.0,352.32,26.629999999999995,130.0,165.0,0.9108622288800228,295,-35.0,116.0,-0.12,360.67,6.0
2025-02-04 07:40:24,342.99,86.0,366.0,140.0,339.6,78.0,369.0,56.0,354.49,23.00999999999999,164.0,196.0,0.9611191393371856,360,-32.0,65.0,-0.09,360.67,
2025-02-04 07:40:25,364.55,49.0,366.0,140.0,356.93,55.0,369.0,56.0,365.28,1.4499999999999886,104.0,196.0,5.206942480957461,300,-92.0,-60.0,-0.31,360.67,
2025-02-04 07:40:26,365.0,108.0,366.0,64.0,364.0,24.0,432.4,48.0,365.5,1.0,132.0,112.0,6.546831294603432,244,20.0,-56.0,0.08,366.0,5.0
2025-02-04 07:40:27,365.0,90.0,366.0,60.0,364.0,20.0,423.41,39.0,365.5,1.0,110.0,99.0,6.629692300551978,209,11.0,-35.0,0.05,366.0,
2025-02-04 07:40:28,365.0,54.0,366.0,36.0,364.0,12.0,493.17,24.0,365.5,1.0,66.0,60.0,4.900151018080721,126,6.0,-83.0,0.05,366.0,
2025-02-04 07:40:29,365.0,69.0,366.0,54.0,364.0,18.0,369.0,18.0,365.5,1.0,87.0,72.0,0.0983869909954057,159,15.0,33.0,0.09,365.0,5.0
2025-02-04 07:40:30,365.0,24.0,366.0,36.0,364.0,12.0,369.0,12.0,365.5,1.0,36.0,48.0,0.0,84,-12.0,-75.0,-0.14,365.0,
2025-02-04 07:40:31,364.71,21.0,366.0,42.0,361.0,20.0,369.0,14.0,365.36,1.2900000000000205,41.0,56.0,0.0626099033470254,97,-15.0,13.0,-0.15,365.0,1.0
2025-02-04 07:40:32,364.64,22.0,365.94,64.0,361.33,30.0,368.31,26.0,365.29,1.3000000000000114,52.0,90.0,0.0989949493516434,142,-38.0,45.0,-0.27,365.0,2.0
2025-02-04 07:40:33,360.92,26.0,365.0,36.0,356.67,24.0,366.0,19.0,362.96,4.079999999999984,50.0,55.0,1.100554405741615,105,-5.0,-37.0,-0.05,365.0,
2025-02-04 07:40:34,359.41,58.0,365.0,60.0,350.33,21.0,366.0,15.0,362.21,5.589999999999975,79.0,75.0,1.557314997037343,154,4.0,49.0,0.03,365.0,
2025-02-04 07:40:35,363.0,21.0,365.0,28.0,359.0,28.0,366.0,7.0,364.0,2.0,49.0,35.0,1.3957900988320109,84,14.0,-70.0,0.17,365.0,
2025-02-04 07:40:36,357.56,34.0,365.0,36.0,347.18,39.0,366.0,9.0,361.28,7.439999999999998,73.0,45.0,1.5587398756680295,118,28.0,34.0,0.24,360.71,7.0
2025-02-04 07:40:37,342.0,40.0,365.0,32.0,341.0,16.0,366.0,8.0,353.5,23.0,56.0,40.0,4.195640594712284,96,16.0,-22.0,0.17,360.71,
2025-02-04 07:40:38,360.0,28.0,364.67,36.0,343.57,28.0,366.0,9.0,362.33,4.670000000000016,56.0,45.0,4.123012248344365,101,11.0,5.0,0.11,360.0,1.0
2025-02-04 07:40:39,360.0,33.0,363.36,44.0,343.0,11.0,367.73,11.0,361.68,3.3600000000000136,44.0,55.0,4.079916665815331,99,-11.0,-2.0,-0.11,360.0,
2025-02-04 07:40:40,360.0,33.0,363.0,44.0,343.0,11.0,369.0,11.0,361.5,3.0,44.0,55.0,3.68689842550588,99,-11.0,0.0,-0.11,360.0,
2025-02-04 07:40:41,360.0,30.0,362.7,40.0,345.47,17.0,369.67,12.0,361.35,2.6999999999999886,47.0,52.0,3.6928268304914815,99,-5.0,0.0,-0.05,360.0,
2025-02-04 07:40:42,360.0,53.0,362.0,44.0,346.0,22.0,368.0,11.0,361.0,2.0,75.0,55.0,0.491904462266327,130,20.0,31.0,0.15,360.0,
2025-02-04 07:40:43,360.0,56.0,362.0,28.0,345.95,19.0,368.86,7.0,361.0,2.0,75.0,35.0,0.3027870538803836,110,40.0,-20.0,0.36,360.0,
2025-02-04 07:40:44,360.0,80.0,361.12,32.0,357.0,12.0,363.36,33.0,360.56,1.1200000000000043,92.0,65.0,0.3648561360284088,157,27.0,47.0,0.17,360.43,7.0
2025-02-04 07:40:45,360.0,28.0,368.14,14.0,357.0,12.0,372.67,12.0,364.07,8.139999999999986,40.0,26.0,1.4111094925616126,66,14.0,-91.0,0.21,360.0,2.0
2025-02-04 07:40:46,359.57,42.0,370.25,12.0,358.85,52.0,373.0,12.0,364.91,10.680000000000009,94.0,24.0,2.0218976235203963,118,70.0,52.0,0.59,360.0,
2025-02-04 07:40:47,360.0,30.0,368.0,10.0,359.0,60.0,373.0,10.0,364.0,8.0,90.0,20.0,1.9814313008523337,110,70.0,-8.0,0.64,360.0,
2025-02-04 07:40:48,360.43,37.0,368.0,15.0,359.36,66.0,372.07,15.0,364.22,7.569999999999993,103.0,30.0,1.7111019841018753,133,73.0,23.0,0.55,360.0,
2025-02-04 07:40:49,361.0,28.0,367.05,58.0,360.0,42.0,370.12,17.0,364.03,6.050000000000011,70.0,75.0,0.3806967296909086,145,-5.0,12.0,-0.03,360.0,
2025-02-04 07:40:50,361.94,32.0,367.0,80.0,360.0,48.0,372.0,32.0,364.47,5.060000000000002,80.0,112.0,0.3764704503641153,192,-32.0,47.0,-0.17,360.0,
2025-02-04 07:40:51,363.16,38.0,366.26,95.0,360.0,57.0,372.0,51.0,364.71,3.099999999999966,95.0,146.0,0.3022085372674731,241,-51.0,49.0,-0.21,360.0,
2025-02-04 07:40:52,363.52,25.0,365.52,58.0,359.85,39.0,372.0,69.0,364.52,2.0,64.0,127.0,0.2665520587002736,191,-63.0,-50.0,-0.33,365.0,2.0
2025-02-04 07:40:53,360.68,47.0,363.08,39.0,359.44,54.0,372.0,65.0,361.88,2.3999999999999773,101.0,104.0,1.16836210140409,205,-3.0,14.0,-0.01,365.0,
2025-02-04 07:40:54,360.4,40.0,363.0,36.0,359.2,60.0,374.57,70.0,361.7,2.6000000000000227,100.0,106.0,1.524804905552649,206,-6.0,1.0,-0.03,361.0,4.0
2025-02-04 07:40:55,360.31,39.0,367.79,42.0,358.89,35.0,375.18,51.0,364.05,7.480000000000018,74.0,93.0,1.4653907328755058,167,-19.0,-39.0,-0.11,362.0,3.0
2025-02-04 07:40:56,360.0,36.0,375.0,72.0,357.0,12.0,378.0,12.0,367.5,15.0,48.0,84.0,2.3602330393411184,132,-36.0,-35.0,-0.27,362.0,
2025-02-04 07:40:57,360.0,14.0,375.0,48.0,357.0,8.0,378.0,8.0,367.5,15.0,22.0,56.0,2.8680794968057275,78,-34.0,-54.0,-0.44,360.0,2.0
2025-02-04 07:40:58,360.84,31.0,375.0,72.0,359.5,32.0,378.0,12.0,367.92,14.160000000000023,63.0,84.0,2.7443177658568283,147,-21.0,69.0,-0.14,360.75,4.0
2025-02-04 07:40:59,360.0,36.0,373.71,34.0,357.81,57.0,375.18,28.0,366.85,13.70999999999998,93.0,62.0,1.5646820763329103,155,31.0,8.0,0.2,360.75,
2025-02-04 07:41:00,360.0,70.0,363.43,35.0,358.0,133.0,372.58,79.0,361.71,3.430000000000007,203.0,114.0,2.5920513112200263,317,89.0,162.0,0.28,360.0,1.0
2025-02-04 07:41:01,360.0,15.0,363.0,25.0,358.0,35.0,365.0,5.0,361.5,3.0,50.0,30.0,3.210409631183718,80,20.0,-184.0,0.25,360.0,
2025-02-04 07:41:02,360.0,29.0,361.87,46.0,358.0,98.0,362.39,46.0,360.93,1.8700000000000043,127.0,92.0,3.323036262215156,219,35.0,139.0,0.16,360.0,3.0
2025-02-04 07:41:03,356.69,49.0,360.59,44.0,344.9,143.0,362.07,29.0,358.64,3.899999999999977,192.0,73.0,3.0109682827948365,265,119.0,46.0,0.45,358.25,8.0
2025-02-04 07:41:04,347.0,16.0,356.06,31.0,344.07,251.0,357.04,46.0,351.53,9.060000000000002,267.0,77.0,4.276513767076654,344,190.0,79.0,0.55,358.25,
2025-02-04 07:41:05,347.73,41.0,353.98,85.0,345.17,72.0,355.25,24.0,350.85,6.25,113.0,109.0,5.139246053653788,222,4.0,-122.0,0.02,358.25,
2025-02-04 07:41:06,348.0,90.0,353.15,71.0,346.01,86.0,355.75,32.0,350.58,5.149999999999977,176.0,103.0,4.898829452021792,279,73.0,57.0,0.26,353.0,8.0
2025-02-04 07:41:07,353.24,67.0,365.08,72.0,351.76,85.0,367.29,17.0,359.16,11.839999999999977,152.0,89.0,4.351996093747808,241,63.0,-38.0,0.26,353.0,
2025-02-04 07:41:08,360.16,31.0,365.0,77.0,356.39,41.0,367.0,11.0,362.58,4.839999999999975,72.0,88.0,5.557512932958051,160,-16.0,-81.0,-0.1,360.25,4.0
2025-02-04 07:41:09,359.6,20.0,365.0,63.0,350.17,46.0,366.75,12.0,362.3,5.399999999999977,66.0,75.0,5.976761664981772,141,-9.0,-19.0,-0.06,360.0,4.0
2025-02-04 07:41:10,348.18,77.0,364.61,69.0,345.8,69.0,365.65,51.0,356.4,16.430000000000007,146.0,120.0,4.955308264880765,266,26.0,125.0,0.1,358.0,2.0
2025-02-04 07:41:11,345.7,46.0,356.0,11.0,343.6,15.0,361.84,57.0,350.85,10.300000000000011,61.0,68.0,4.851847070961263,129,-7.0,-137.0,-0.05,358.0,
2025-02-04 07:41:12,345.0,30.0,354.88,57.0,342.0,15.0,357.32,19.0,349.94,9.879999999999995,45.0,76.0,6.03190517166803,121,-31.0,-8.0,-0.26,358.0,
2025-02-04 07:41:13,345.0,22.0,353.73,44.0,342.0,11.0,356.0,11.0,349.36,8.730000000000018,33.0,55.0,5.529945750185606,88,-22.0,-33.0,-0.25,358.0,
2025-02-04 07:41:14,345.0,18.0,353.0,36.0,343.33,18.0,356.0,9.0,349.0,8.0,36.0,45.0,3.0387168344543096,81,-9.0,-7.0,-0.11,358.0,
2025-02-04 07:41:15,345.0,18.0,352.89,36.0,344.0,36.0,356.0,9.0,348.94,7.889999999999986,54.0,45.0,0.7952483888673687,99,9.0,18.0,0.09,358.0,
2025-02-04 07:41:16,345.0,18.0,352.0,36.0,343.67,24.0,356.0,9.0,348.5,7.0,42.0,45.0,0.5378847460154768,87,-3.0,-12.0,-0.03,358.0,
2025-02-04 07:41:17,345.07,15.0,352.0,32.0,341.16,55.0,356.0,8.0,348.53,6.930000000000007,70.0,40.0,0.3585805348818637,110,30.0,23.0,0.27,358.0,
2025-02-04 07:41:18,346.0,14.0,352.0,52.0,344.39,51.0,356.0,14.0,349.0,6.0,65.0,66.0,0.2560859230730347,131,-1.0,21.0,-0.01,352.0,2.0
2025-02-04 07:41:19,346.5,14.0,352.0,28.0,344.0,130.0,356.0,14.0,349.25,5.5,144.0,42.0,0.3222266283164089,186,102.0,55.0,0.55,352.0,
2025-02-04 07:41:20,348.59,37.0,352.0,34.0,342.59,153.0,354.0,68.0,350.3,3.410000000000025,190.0,102.0,0.734186624773389,292,88.0,106.0,0.3,352.0,
2025-02-04 07:41:21,350.22,49.0,352.0,25.0,340.68,106.0,354.0,56.0,351.11,1.7799999999999727,155.0,81.0,1.0476497506304807,236,74.0,-56.0,0.31,352.0,1.0
2025-02-04 07:41:22,351.18,34.0,353.95,37.0,341.76,75.0,355.74,31.0,352.56,2.769999999999982,109.0,68.0,1.4536608958061614,177,41.0,-59.0,0.23,352.0,1.0
2025-02-04 07:41:23,352.79,28.0,354.86,49.0,340.29,112.0,357.5,42.0,353.82,2.069999999999993,140.0,91.0,1.8109583098447664,231,49.0,54.0,0.21,354.0,4.0
2025-02-04 07:41:24,335.8,182.0,356.0,32.0,332.79,144.0,357.93,45.0,345.9,20.19999999999999,326.0,77.0,3.023031590968904,403,249.0,172.0,0.62,356.0,1.0
2025-02-04 07:41:25,336.0,88.0,351.26,38.0,335.0,156.0,356.4,15.0,343.63,15.259999999999993,244.0,53.0,4.4155667812859765,297,191.0,-106.0,0.64,356.0,
2025-02-04 07:41:26,337.0,36.0,351.0,48.0,336.0,96.0,355.43,21.0,344.0,14.0,132.0,69.0,4.852094393145751,201,63.0,-96.0,0.31,356.0,
2025-02-04 07:41:27,337.02,133.0,351.0,49.0,336.31,116.0,355.0,52.0,344.01,13.980000000000018,249.0,101.0,4.311887057889707,350,148.0,149.0,0.42,351.0,3.0
2025-02-04 07:41:28,339.75,52.0,351.0,17.0,338.96,113.0,355.0,68.0,345.38,11.25,165.0,85.0,0.9932421658371908,250,80.0,-100.0,0.32,351.0,
2025-02-04 07:41:29,342.85,40.0,351.75,32.0,340.28,128.0,354.17,72.0,347.3,8.899999999999977,168.0,104.0,1.5164860698327935,272,64.0,22.0,0.24,351.75,4.0
2025-02-04 07:41:30,343.23,104.0,352.0,13.0,333.0,156.0,354.0,39.0,347.62,8.769999999999982,260.0,52.0,1.7383670498478514,312,208.0,40.0,0.67,351.75,
2025-02-04 07:41:31,345.29,112.0,352.0,14.0,333.67,126.0,354.0,42.0,348.64,6.70999999999998,238.0,56.0,1.8633303518154016,294,182.0,-18.0,0.62,351.75,
2025-02-04 07:41:32,347.44,128.0,352.0,16.0,333.28,176.0,354.0,48.0,349.72,4.560000000000002,304.0,64.0,1.6207775911568671,368,240.0,74.0,0.65,351.75,
2025-02-04 07:41:33,348.0,72.0,352.0,9.0,333.74,86.0,353.0,27.0,350.0,4.0,158.0,36.0,1.2094130807941774,194,122.0,-174.0,0.63,351.75,
2025-02-04 07:41:34,348.0,72.0,352.27,11.0,332.52,69.0,353.11,27.0,350.14,4.269999999999982,141.0,38.0,1.07251107220205,179,103.0,-15.0,0.58,352.0,1.0
2025-02-04 07:41:35,348.0,56.0,353.0,21.0,338.0,21.0,354.0,21.0,350.5,5.0,77.0,42.0,0.706682389759306,119,35.0,-60.0,0.29,352.0,
2025-02-04 07:41:36,349.62,104.0,353.0,39.0,338.0,39.0,354.0,39.0,351.31,3.3799999999999955,143.0,78.0,0.6136611442773818,221,65.0,102.0,0.29,352.0,
2025-02-04 07:41:37,351.94,32.0,353.69,48.0,346.53,83.0,355.1,70.0,352.81,1.75,115.0,118.0,1.1565336138633204,233,-3.0,12.0,-0.01,353.88,8.0
2025-02-04 07:41:38,354.0,26.0,356.33,63.0,341.0,39.0,357.47,64.0,355.17,2.329999999999984,65.0,127.0,2.054855226042862,192,-62.0,-41.0,-0.32,355.0,3.0
2025-02-04 07:41:39,354.08,24.0,357.0,84.0,341.74,35.0,359.0,24.0,355.54,2.920000000000016,59.0,108.0,2.251717122552381,167,-49.0,-25.0,-0.29,355.0,
2025-02-04 07:41:40,355.0,12.0,357.0,42.0,354.0,12.0,359.0,12.0,356.0,2.0,24.0,54.0,2.015869539428451,78,-30.0,-89.0,-0.38,355.0,
2025-02-04 07:41:41,355.42,19.0,357.0,56.0,354.6,20.0,359.0,16.0,356.21,1.579999999999984,39.0,72.0,1.3669418422139847,111,-33.0,33.0,-0.3,355.0,
2025-02-04 07:41:42,355.86,14.0,357.27,30.0,349.0,14.0,359.45,22.0,356.56,1.4099999999999682,28.0,52.0,0.5486620088864717,80,-24.0,-31.0,-0.3,357.0,7.0
2025-02-04 07:41:43,338.57,46.0,358.72,18.0,336.88,32.0,359.81,43.0,348.64,20.150000000000038,78.0,61.0,3.346580344171543,139,17.0,59.0,0.12,357.0,
2025-02-04 07:41:44,337.0,30.0,357.0,9.0,335.0,10.0,359.62,16.0,347.0,20.0,40.0,25.0,4.661482596770597,65,15.0,-74.0,0.23,357.0,
2025-02-04 07:41:45,337.45,11.0,357.0,15.0,336.8,20.0,360.0,30.0,347.23,19.55000000000001,31.0,45.0,4.841442966719217,76,-14.0,11.0,-0.18,357.0,1.0
2025-02-04 07:41:46,338.0,9.0,357.0,18.0,337.0,27.0,360.0,73.0,347.5,19.0,36.0,91.0,4.059591112414514,127,-55.0,51.0,-0.43,357.0,
2025-02-04 07:41:47,339.94,31.0,356.36,22.0,338.41,37.0,358.75,40.0,348.15,16.420000000000016,68.0,62.0,0.6776651090286321,130,6.0,3.0,0.05,356.0,2.0
2025-02-04 07:41:48,347.92,59.0,357.86,28.0,339.94,54.0,359.97,62.0,352.89,9.939999999999998,113.0,90.0,2.461854991666839,203,23.0,73.0,0.11,358.0,4.0
2025-02-04 07:41:49,348.0,48.0,358.87,15.0,342.0,24.0,360.89,37.0,353.43,10.870000000000005,72.0,52.0,3.055094106569425,124,20.0,-79.0,0.16,358.0,
2025-02-04 07:41:50,349.61,108.0,359.77,44.0,347.5,84.0,369.37,30.0,354.69,10.159999999999968,192.0,74.0,3.275457219991668,266,118.0,142.0,0.44,358.0,
