DateTime,Bid1_Price,Bid1_Volume,Ask1_Price,Ask1_Volume,Bid2_Price,Bid2_Volume,Ask2_Price,Ask2_Volume,Mid-Price,Bid_Ask_Spread,Market_Depth_Bid,Market_Depth_Ask,Historical_Volatility,Total_volume,Cumulative_Volume_Difference,Total_Volume_Change_Corrected,Order_imbalance,Weighted_Avg_Price,Trade_Volume
2025-01-09 07:30:04,316.0,3.0,367.23,26.0,0.0,0.0,371.04,23.0,341.62,51.23000000000002,3.0,49.0,,52,-46.0,29.0,-0.88,316.0,1.0
2025-01-09 07:30:05,320.67,45.0,358.96,28.0,276.85,52.0,363.81,31.0,339.82,38.28999999999997,97.0,59.0,82.8946567638711,156,38.0,104.0,0.24,316.0,
2025-01-09 07:30:06,321.0,20.0,352.25,12.0,320.0,20.0,357.14,14.0,336.62,31.25,40.0,26.0,3.96626776705787,66,14.0,-90.0,0.21,316.0,
2025-01-09 07:30:07,322.9,41.0,348.43,21.0,320.0,45.0,352.67,27.0,335.67,25.53000000000003,86.0,48.0,4.010299240705362,134,38.0,68.0,0.28,324.0,2.0
2025-01-09 07:30:08,324.0,21.0,345.62,21.0,320.0,35.0,347.15,13.0,334.81,21.620000000000005,56.0,34.0,2.8939540424826635,90,22.0,-44.0,0.24,324.0,
2025-01-09 07:30:09,324.0,18.0,341.72,18.0,320.0,30.0,343.29,21.0,332.86,17.720000000000027,48.0,39.0,2.5666963201753283,87,9.0,-3.0,0.1,324.0,
2025-01-09 07:30:10,324.0,21.0,339.0,7.0,320.0,35.0,342.0,35.0,331.5,15.0,56.0,42.0,2.087623050265885,98,14.0,11.0,0.14,324.0,
2025-01-09 07:30:11,324.0,21.0,337.31,13.0,320.0,35.0,339.67,24.0,330.65,13.310000000000002,56.0,37.0,2.13008685268967,93,19.0,-5.0,0.2,324.0,
2025-01-09 07:30:12,324.81,67.0,334.91,45.0,320.25,48.0,335.93,15.0,329.86,10.100000000000025,115.0,60.0,1.9536709037095208,175,55.0,82.0,0.31,324.0,2.0
2025-01-09 07:30:13,325.0,198.0,333.0,32.0,324.0,11.0,333.61,23.0,329.0,8.0,209.0,55.0,1.4896576787977067,264,154.0,89.0,0.58,324.0,
2025-01-09 07:30:14,325.0,144.0,330.61,23.0,324.0,8.0,332.71,17.0,327.8,5.610000000000014,152.0,40.0,1.4360431748386997,192,112.0,-72.0,0.58,324.0,
2025-01-09 07:30:15,325.0,198.0,328.16,44.0,324.0,11.0,328.96,24.0,326.58,3.160000000000025,209.0,68.0,1.621116898931322,277,141.0,85.0,0.51,324.0,
2025-01-09 07:30:16,325.0,172.0,326.0,14.0,324.0,14.0,328.35,62.0,325.5,1.0,186.0,76.0,1.7641201773123638,262,110.0,-15.0,0.42,325.0,13.0
2025-01-09 07:30:17,325.0,40.0,326.0,8.0,324.0,72.0,334.0,24.0,325.5,1.0,112.0,32.0,1.5198289377428091,144,80.0,-118.0,0.56,325.0,
2025-01-09 07:30:18,325.0,40.0,326.0,8.0,324.0,72.0,334.0,24.0,325.5,1.0,112.0,32.0,1.0212149626794094,144,80.0,0.0,0.56,325.0,
2025-01-09 07:30:19,324.01,91.0,332.3,27.0,320.61,59.0,336.25,24.0,328.15,8.29000000000002,150.0,51.0,1.162574728781031,201,99.0,57.0,0.49,325.0,5.0
2025-01-09 07:30:20,324.0,108.0,333.63,35.0,320.0,60.0,338.39,56.0,328.81,9.629999999999995,168.0,91.0,1.6488086608216126,259,77.0,58.0,0.3,325.0,
2025-01-09 07:30:21,324.0,105.0,336.13,60.0,320.0,65.0,337.73,55.0,330.07,12.129999999999995,170.0,115.0,2.0425058139453265,285,55.0,26.0,0.19,324.0,2.0
2025-01-09 07:30:22,324.0,84.0,334.17,48.0,320.0,60.0,338.0,39.0,329.08,10.170000000000016,144.0,87.0,1.7220249707831046,231,57.0,-54.0,0.25,324.0,
2025-01-09 07:30:23,324.84,43.0,332.2,40.0,323.71,68.0,339.0,20.0,328.52,7.360000000000014,111.0,60.0,0.7267943312936921,171,51.0,-60.0,0.3,324.0,
2025-01-09 07:30:24,325.89,72.0,331.5,72.0,324.0,126.0,339.0,36.0,328.69,5.610000000000014,198.0,108.0,0.6140276866727241,306,90.0,135.0,0.29,324.0,
2025-01-09 07:30:25,326.0,59.0,329.33,60.0,324.0,105.0,339.8,70.0,327.67,3.329999999999984,164.0,130.0,0.874431243723946,294,34.0,-12.0,0.12,326.0,1.0
2025-01-09 07:30:26,324.92,39.0,332.46,41.0,321.69,78.0,360.93,60.0,328.69,7.539999999999964,117.0,101.0,0.522828843887326,218,16.0,-76.0,0.07,326.0,3.0
2025-01-09 07:30:27,324.0,84.0,336.43,21.0,319.0,144.0,338.6,43.0,330.21,12.430000000000009,228.0,64.0,0.9162314118172256,292,164.0,74.0,0.56,326.0,
2025-01-09 07:30:28,324.0,79.0,333.82,22.0,319.0,144.0,335.44,18.0,328.91,9.819999999999991,223.0,40.0,0.9076783571291116,263,183.0,-29.0,0.7,324.0,1.0
2025-01-09 07:30:29,324.0,78.0,330.88,16.0,319.0,156.0,332.17,23.0,327.44,6.879999999999996,234.0,39.0,1.1074204260354523,273,195.0,10.0,0.71,324.0,
2025-01-09 07:30:30,324.0,78.0,328.0,32.0,319.0,156.0,328.64,28.0,326.0,4.0,234.0,60.0,1.5960419793979306,294,174.0,21.0,0.59,324.0,
2025-01-09 07:30:31,320.09,138.0,326.96,23.0,317.71,147.0,336.06,69.0,323.52,6.8700000000000045,285.0,92.0,2.599178716441067,377,193.0,83.0,0.51,324.0,6.0
2025-01-09 07:30:32,319.0,186.0,328.69,16.0,316.0,112.0,338.52,42.0,323.84,9.689999999999998,298.0,58.0,2.3098095159557963,356,240.0,-21.0,0.67,319.0,2.0
2025-01-09 07:30:33,319.24,42.0,327.33,15.0,316.82,77.0,335.33,60.0,323.29,8.089999999999975,119.0,75.0,1.8198956014012495,194,44.0,-162.0,0.23,319.0,7.0
2025-01-09 07:30:34,322.2,25.0,325.66,35.0,320.75,40.0,332.46,65.0,323.93,3.4600000000000364,65.0,100.0,1.0837112161454687,165,-35.0,-29.0,-0.21,319.0,
2025-01-09 07:30:35,322.54,13.0,324.4,40.0,320.83,23.0,327.85,13.0,323.47,1.8599999999999568,36.0,53.0,0.2671142077827512,89,-17.0,-76.0,-0.19,323.0,1.0
2025-01-09 07:30:36,319.28,43.0,322.41,34.0,317.02,55.0,330.0,30.0,320.85,3.1300000000000523,98.0,64.0,1.2717232403315275,162,34.0,73.0,0.21,323.0,2.0
2025-01-09 07:30:37,319.0,33.0,322.21,33.0,315.0,13.0,328.21,28.0,320.61,3.2099999999999795,46.0,61.0,1.5716233645499509,107,-15.0,-55.0,-0.14,319.0,2.0
2025-01-09 07:30:38,319.06,16.0,330.0,32.0,315.25,16.0,331.0,32.0,324.53,10.939999999999998,32.0,64.0,1.8195384030020536,96,-32.0,-11.0,-0.33,320.0,1.0
2025-01-09 07:30:39,319.0,9.0,330.56,18.0,316.78,9.0,332.58,38.0,324.78,11.560000000000002,18.0,56.0,1.996827483785021,74,-38.0,-22.0,-0.51,320.0,
2025-01-09 07:30:40,319.63,19.0,331.0,22.0,317.21,39.0,332.36,22.0,325.32,11.370000000000005,58.0,44.0,2.2906702076028305,102,14.0,28.0,0.14,320.0,
2025-01-09 07:30:41,320.88,51.0,331.0,34.0,319.0,83.0,332.0,34.0,325.94,10.120000000000005,134.0,68.0,2.098149184400197,202,66.0,100.0,0.33,320.0,
2025-01-09 07:30:42,323.08,39.0,331.0,26.0,319.0,91.0,332.0,26.0,327.04,7.920000000000016,130.0,52.0,1.0067869685287416,182,78.0,-20.0,0.43,320.0,
2025-01-09 07:30:43,324.73,45.0,330.14,42.0,319.0,15.0,331.12,48.0,327.44,5.409999999999968,60.0,90.0,1.124224176932384,150,-30.0,-32.0,-0.2,320.0,
2025-01-09 07:30:44,325.0,27.0,329.0,41.0,319.0,9.0,331.55,22.0,327.0,4.0,36.0,63.0,0.8831307943896423,99,-27.0,-51.0,-0.27,320.0,
2025-01-09 07:30:45,324.76,50.0,327.78,64.0,320.33,18.0,330.11,36.0,326.27,3.019999999999982,68.0,100.0,0.6141009688962202,168,-32.0,69.0,-0.19,324.5,4.0
2025-01-09 07:30:46,319.0,14.0,326.0,42.0,317.0,14.0,334.43,28.0,322.5,7.0,28.0,70.0,2.028891322865591,98,-42.0,-70.0,-0.43,324.5,
2025-01-09 07:30:47,319.0,18.0,324.39,54.0,317.0,18.0,333.06,36.0,321.69,5.389999999999986,36.0,90.0,2.6819116316536817,126,-54.0,28.0,-0.43,324.5,
2025-01-09 07:30:48,319.0,9.0,323.0,27.0,317.0,9.0,332.0,18.0,321.0,4.0,18.0,45.0,2.7506671917917203,63,-27.0,-63.0,-0.43,324.5,
2025-01-09 07:30:49,316.6,20.0,322.84,32.0,316.0,10.0,330.71,21.0,319.72,6.239999999999952,30.0,53.0,2.4748191853142165,83,-23.0,20.0,-0.28,318.0,2.0
2025-01-09 07:30:50,315.13,67.0,320.08,50.0,312.56,16.0,329.54,54.0,317.61,4.949999999999989,83.0,104.0,1.9122316805238928,187,-21.0,104.0,-0.11,315.0,5.0
2025-01-09 07:30:51,314.62,24.0,318.5,42.0,311.79,14.0,330.16,50.0,316.56,3.879999999999996,38.0,92.0,2.187516857077702,130,-54.0,-57.0,-0.42,316.5,4.0
2025-01-09 07:30:52,309.23,13.0,317.77,39.0,306.16,49.0,324.08,26.0,313.5,8.539999999999964,62.0,65.0,2.9118585130460986,127,-3.0,-3.0,-0.02,316.5,
2025-01-09 07:30:53,308.0,15.0,316.24,41.0,306.0,75.0,323.5,32.0,312.12,8.240000000000009,90.0,73.0,3.082226467993381,163,17.0,36.0,0.1,316.5,
2025-01-09 07:30:54,308.0,16.0,311.7,20.0,306.0,80.0,315.82,44.0,309.85,3.6999999999999886,96.0,64.0,3.1845988758395936,160,32.0,-3.0,0.2,316.5,
2025-01-09 07:30:55,308.45,22.0,311.0,42.0,306.06,62.0,312.0,14.0,309.73,2.550000000000012,84.0,56.0,2.8378636330871707,140,28.0,-20.0,0.2,316.5,
2025-01-09 07:30:56,309.05,63.0,310.69,42.0,306.0,61.0,311.5,34.0,309.87,1.6399999999999864,124.0,76.0,1.711411697984619,200,48.0,60.0,0.24,309.6,5.0
2025-01-09 07:30:57,305.54,13.0,311.04,57.0,304.0,65.0,312.98,49.0,308.29,5.5,78.0,106.0,1.3717579961488924,184,-28.0,-16.0,-0.15,309.6,
2025-01-09 07:30:58,305.0,17.0,311.0,75.0,303.82,85.0,313.0,77.0,308.0,6.0,102.0,152.0,0.9228867752862449,254,-50.0,70.0,-0.2,311.0,2.0
2025-01-09 07:31:04,303.02,102.0,312.88,16.0,301.11,190.0,316.6,40.0,307.95,9.860000000000014,292.0,56.0,1.5691621968418514,348,236.0,-42.0,0.68,313.12,8.0
2025-01-09 07:31:05,305.65,127.0,313.26,47.0,304.71,56.0,318.45,20.0,309.45,7.610000000000014,183.0,67.0,2.1994840304029517,250,116.0,-98.0,0.46,314.0,1.0
2025-01-09 07:31:06,308.79,140.0,312.23,62.0,307.21,109.0,317.18,28.0,310.51,3.4399999999999977,249.0,90.0,2.8185244366507995,339,159.0,89.0,0.47,310.0,5.0
2025-01-09 07:31:07,310.0,110.0,312.74,19.0,304.0,22.0,317.41,29.0,311.37,2.740000000000009,132.0,48.0,2.6800522382964824,180,84.0,-159.0,0.47,310.0,
2025-01-09 07:31:08,308.5,56.0,312.08,39.0,300.28,47.0,313.28,25.0,310.29,3.579999999999984,103.0,64.0,1.2931666559257884,167,39.0,-13.0,0.23,310.5,6.0
2025-01-09 07:31:09,305.77,52.0,313.0,39.0,304.0,26.0,314.0,13.0,309.38,7.230000000000018,78.0,52.0,0.8228000972279508,130,26.0,-37.0,0.2,310.5,
2025-01-09 07:31:10,307.73,30.0,313.0,36.0,306.57,42.0,314.0,12.0,310.37,5.269999999999982,72.0,48.0,0.7080112993436961,120,24.0,-10.0,0.2,313.0,3.0
2025-01-09 07:31:11,309.0,14.0,314.0,7.0,307.0,28.0,316.0,7.0,311.5,5.0,42.0,14.0,0.8715905001767498,56,28.0,-64.0,0.5,313.0,
2025-01-09 07:31:12,309.78,18.0,314.67,9.0,307.0,36.0,319.0,12.0,312.22,4.890000000000043,54.0,21.0,1.113135211912,75,33.0,19.0,0.44,314.0,1.0
2025-01-09 07:31:13,314.0,56.0,316.0,14.0,312.69,52.0,322.0,28.0,315.0,2.0,108.0,42.0,2.141933705789784,150,66.0,75.0,0.44,314.0,
2025-01-09 07:31:14,314.44,18.0,319.0,12.0,312.88,34.0,322.86,21.0,316.72,4.560000000000002,52.0,33.0,2.621186754124608,85,19.0,-65.0,0.22,315.33,3.0
2025-01-09 07:31:15,315.94,17.0,322.0,18.0,313.62,26.0,324.0,27.0,318.97,6.060000000000002,43.0,45.0,3.1075746169638965,88,-2.0,3.0,-0.02,315.33,
2025-01-09 07:31:16,318.0,25.0,322.0,30.0,317.0,44.0,324.96,23.0,320.0,4.0,69.0,53.0,3.1198589711713374,122,16.0,34.0,0.13,315.33,
2025-01-09 07:31:17,319.89,38.0,323.03,31.0,318.42,19.0,325.91,33.0,321.46,3.1399999999999864,57.0,64.0,2.5800387593984486,121,-7.0,-1.0,-0.06,321.0,4.0
2025-01-09 07:31:18,321.27,15.0,323.78,27.0,318.07,30.0,328.74,38.0,322.52,2.509999999999991,45.0,65.0,2.2516394027459627,110,-20.0,-11.0,-0.18,322.0,2.0
2025-01-09 07:31:19,319.33,24.0,322.0,32.0,315.15,54.0,324.0,20.0,320.67,2.670000000000016,78.0,52.0,1.3574719149942698,130,26.0,20.0,0.2,322.0,1.0
2025-01-09 07:31:20,319.71,28.0,321.07,30.0,316.33,24.0,323.56,9.0,320.39,1.3600000000000136,52.0,39.0,1.000334943905417,91,13.0,-39.0,0.14,322.0,
2025-01-09 07:31:21,320.09,22.0,324.4,25.0,317.33,36.0,370.68,44.0,322.25,4.310000000000002,58.0,69.0,0.937640656114202,127,-11.0,36.0,-0.09,320.4,5.0
2025-01-09 07:31:22,320.59,17.0,326.0,41.0,318.4,45.0,405.24,45.0,323.29,5.410000000000025,62.0,86.0,1.2453031759368034,148,-24.0,21.0,-0.16,320.4,
2025-01-09 07:31:23,323.67,9.0,326.0,18.0,322.67,9.0,332.0,9.0,324.83,2.329999999999984,18.0,27.0,1.8498324248423847,45,-9.0,-103.0,-0.2,320.4,
2025-01-09 07:31:24,324.55,11.0,326.0,22.0,323.0,11.0,332.0,11.0,325.27,1.4499999999999886,22.0,33.0,1.984207650423272,55,-11.0,10.0,-0.2,320.4,
2025-01-09 07:31:25,325.0,12.0,326.86,21.0,323.92,12.0,329.21,52.0,325.93,1.8600000000000136,24.0,73.0,1.508336832407859,97,-49.0,42.0,-0.51,320.4,
2025-01-09 07:31:26,324.33,9.0,327.43,21.0,320.67,18.0,333.72,29.0,325.88,3.1000000000000227,27.0,50.0,1.079027339782511,77,-23.0,-20.0,-0.3,324.0,3.0
2025-01-09 07:31:27,323.0,6.0,326.0,24.0,319.0,24.0,333.92,26.0,324.5,3.0,30.0,50.0,0.6311655884141151,80,-20.0,3.0,-0.25,324.0,
2025-01-09 07:31:28,323.0,4.0,326.0,16.0,319.0,16.0,334.0,20.0,324.5,3.0,20.0,36.0,0.7033704571547847,56,-16.0,-24.0,-0.29,324.0,
2025-01-09 07:31:29,320.88,17.0,325.62,39.0,318.18,44.0,330.8,50.0,323.25,4.740000000000009,61.0,89.0,1.1208345105313862,150,-28.0,94.0,-0.19,321.0,2.0
2025-01-09 07:31:30,319.0,45.0,323.93,45.0,316.0,60.0,326.0,60.0,321.47,4.930000000000007,105.0,105.0,1.655732466311551,210,0.0,60.0,0.0,321.0,
2025-01-09 07:31:31,319.29,51.0,325.36,50.0,316.47,57.0,333.52,65.0,322.33,6.069999999999993,108.0,115.0,1.3352715079706272,223,-7.0,13.0,-0.03,321.0,3.0
2025-01-09 07:31:32,319.64,25.0,331.0,44.0,318.0,36.0,339.0,55.0,325.32,11.360000000000014,61.0,99.0,1.564074806394553,160,-38.0,-63.0,-0.24,321.0,
2025-01-09 07:31:33,320.0,22.0,331.0,44.0,319.0,33.0,339.0,55.0,325.5,11.0,55.0,99.0,1.791460298192003,154,-44.0,-6.0,-0.29,321.0,
2025-01-09 07:31:34,316.44,18.0,331.0,20.0,316.71,7.0,339.0,25.0,323.72,14.560000000000002,25.0,45.0,1.782517882097733,70,-20.0,-84.0,-0.29,319.4,5.0
2025-01-09 07:31:35,316.0,48.0,331.0,48.0,315.0,12.0,339.0,60.0,323.5,15.0,60.0,108.0,1.3306314290584826,168,-48.0,98.0,-0.29,319.4,
2025-01-09 07:31:36,315.24,34.0,327.67,36.0,309.96,25.0,335.18,67.0,321.45,12.430000000000009,59.0,103.0,1.6409814136662877,162,-44.0,-6.0,-0.27,315.8,5.0
2025-01-09 07:31:37,308.2,40.0,314.12,16.0,305.17,120.0,327.26,43.0,311.16,5.920000000000016,160.0,59.0,5.720680029506795,219,101.0,57.0,0.46,311.0,2.0
2025-01-09 07:31:38,315.0,24.0,316.0,12.0,312.18,73.0,326.0,48.0,315.5,1.0,97.0,60.0,5.527764466762108,157,37.0,-62.0,0.24,311.0,
2025-01-09 07:31:39,315.0,12.0,316.0,6.0,313.0,60.0,326.0,24.0,315.5,1.0,72.0,30.0,4.994188622789251,102,42.0,-55.0,0.41,311.0,
2025-01-09 07:31:40,307.09,107.0,315.56,18.0,296.91,69.0,324.89,45.0,311.32,8.470000000000027,176.0,63.0,4.194923122060461,239,113.0,137.0,0.47,315.0,5.0
2025-01-09 07:31:41,306.0,42.0,313.71,14.0,302.33,94.0,317.93,14.0,309.86,7.7099999999999795,136.0,28.0,2.646529803345788,164,108.0,-75.0,0.66,315.0,
2025-01-09 07:31:42,311.5,56.0,321.2,61.0,303.91,69.0,323.32,44.0,316.35,9.699999999999989,125.0,105.0,2.911714271695888,230,20.0,66.0,0.09,317.5,4.0
2025-01-09 07:31:43,313.13,45.0,322.0,80.0,306.76,37.0,324.5,48.0,317.57,8.870000000000005,82.0,128.0,3.345422245397048,210,-46.0,-20.0,-0.22,319.0,1.0
2025-01-09 07:31:44,311.0,48.0,321.41,85.0,306.25,36.0,323.91,55.0,316.21,10.410000000000023,84.0,140.0,3.432574835309113,224,-56.0,14.0,-0.25,319.0,
2025-01-09 07:31:45,310.0,48.0,318.25,48.0,307.0,36.0,320.11,54.0,314.12,8.25,84.0,102.0,3.038382793526401,186,-18.0,-38.0,-0.1,319.0,
2025-01-09 07:31:46,309.64,50.0,316.69,65.0,306.23,39.0,319.0,52.0,313.17,7.050000000000011,89.0,117.0,1.791892853938876,206,-28.0,20.0,-0.14,310.0,4.0
2025-01-09 07:31:47,307.09,23.0,315.03,29.0,303.11,27.0,317.7,40.0,311.06,7.939999999999998,50.0,69.0,2.55286701572904,119,-19.0,-87.0,-0.16,309.0,1.0
2025-01-09 07:31:48,309.41,17.0,314.18,85.0,307.0,51.0,319.0,68.0,311.79,4.769999999999982,68.0,153.0,2.0279669622549084,221,-85.0,102.0,-0.38,309.0,
2025-01-09 07:31:49,311.5,10.0,313.0,50.0,307.0,30.0,317.55,44.0,312.25,1.5,40.0,94.0,1.1948933006748097,134,-54.0,-87.0,-0.4,309.0,
2025-01-09 07:31:50,303.4,15.0,313.0,35.0,301.0,27.0,315.0,63.0,308.2,9.600000000000025,42.0,98.0,1.891224471076295,140,-56.0,6.0,-0.4,313.0,3.0
2025-01-09 07:31:51,302.25,12.0,312.4,30.0,301.0,36.0,314.56,54.0,307.32,10.149999999999975,48.0,84.0,2.2212451463082714,132,-36.0,-8.0,-0.27,313.0,
2025-01-09 07:31:52,303.18,11.0,314.74,35.0,300.09,33.0,319.21,38.0,308.96,11.560000000000002,44.0,73.0,2.1984380819113696,117,-29.0,-15.0,-0.25,313.14,7.0
2025-01-09 07:31:53,305.0,11.0,315.0,33.0,297.44,18.0,322.0,33.0,310.0,10.0,29.0,66.0,1.8992050968755767,95,-37.0,-22.0,-0.39,313.14,
2025-01-09 07:31:54,305.64,11.0,316.2,15.0,295.77,22.0,321.66,29.0,310.92,10.560000000000002,33.0,44.0,1.42464030548003,77,-11.0,-18.0,-0.14,315.0,3.0
2025-01-09 07:31:55,307.0,14.0,317.0,14.0,294.78,54.0,322.0,42.0,312.0,10.0,68.0,56.0,1.801554883981652,124,12.0,47.0,0.1,315.0,
2025-01-09 07:31:56,307.33,9.0,317.0,9.0,294.0,45.0,322.0,27.0,312.17,9.670000000000016,54.0,36.0,1.3561342116465072,90,18.0,-34.0,0.2,315.0,
2025-01-09 07:31:57,310.0,10.0,317.0,10.0,294.64,14.0,322.0,30.0,313.5,7.0,24.0,40.0,1.3273733461230972,64,-16.0,-26.0,-0.25,315.0,
2025-01-09 07:31:58,311.77,13.0,317.0,13.0,299.09,35.0,322.0,39.0,314.38,5.230000000000018,48.0,52.0,1.3551309899777044,100,-4.0,36.0,-0.04,315.0,
2025-01-09 07:31:59,313.31,13.0,316.23,31.0,312.0,13.0,320.89,27.0,314.77,2.920000000000016,26.0,58.0,1.2563558413116396,84,-32.0,-16.0,-0.38,315.0,
2025-01-09 07:32:00,302.89,18.0,316.29,21.0,302.14,14.0,321.91,22.0,309.59,13.400000000000034,32.0,43.0,2.0937215669706264,75,-11.0,-9.0,-0.15,315.5,2.0
2025-01-09 07:32:19,302.7,46.0,310.55,31.0,299.52,42.0,312.03,58.0,306.62,7.850000000000023,88.0,89.0,1.493308407529427,177,-1.0,-1.0,-0.01,309.0,1.0
2025-01-09 07:32:20,307.0,36.0,311.0,28.0,305.61,41.0,313.0,55.0,309.0,4.0,77.0,83.0,1.2712867497138751,160,-6.0,-17.0,-0.04,309.0,
2025-01-09 07:32:21,308.79,56.0,311.51,59.0,306.7,54.0,313.15,82.0,310.15,2.7199999999999704,110.0,141.0,1.5712892795402211,251,-31.0,91.0,-0.12,311.0,4.0
2025-01-09 07:32:22,310.07,45.0,313.0,86.0,294.96,25.0,314.0,60.0,311.53,2.930000000000007,70.0,146.0,2.0723730359174986,216,-76.0,-35.0,-0.35,311.0,
2025-01-09 07:32:25,304.81,113.0,312.21,61.0,303.67,91.0,313.76,68.0,308.51,7.399999999999977,204.0,129.0,2.5875316423182078,333,75.0,-37.0,0.23,311.0,6.0
2025-01-09 07:32:26,307.67,75.0,313.0,13.0,306.38,81.0,314.0,52.0,310.33,5.329999999999984,156.0,65.0,2.619335793669449,221,91.0,-112.0,0.41,311.0,
2025-01-09 07:32:27,310.16,92.0,314.02,41.0,309.28,76.0,314.75,20.0,312.09,3.859999999999957,168.0,61.0,2.7919527216623847,229,107.0,8.0,0.47,314.33,9.0
2025-01-09 07:32:28,312.5,70.0,314.0,56.0,310.0,98.0,315.0,14.0,313.25,1.5,168.0,70.0,3.1895266106427216,238,98.0,9.0,0.41,314.0,4.0
2025-01-09 07:32:29,313.64,56.0,317.67,18.0,305.62,24.0,327.57,30.0,315.65,4.03000000000003,80.0,48.0,2.732046851720904,128,32.0,-110.0,0.25,316.0,2.0
2025-01-09 07:32:30,317.0,21.0,322.69,65.0,313.5,18.0,377.59,39.0,319.85,5.689999999999998,39.0,104.0,3.686147039931873,143,-65.0,15.0,-0.45,316.6,5.0
2025-01-09 07:32:31,311.5,14.0,321.49,55.0,305.45,22.0,324.38,61.0,316.5,9.990000000000007,36.0,116.0,3.0261559774735134,152,-80.0,9.0,-0.53,318.0,2.0
2025-01-09 07:32:32,306.0,12.0,315.08,36.0,300.76,45.0,317.0,12.0,310.54,9.079999999999984,57.0,48.0,3.500867035464006,105,9.0,-47.0,0.09,318.0,
2025-01-09 07:32:33,311.68,37.0,314.0,39.0,305.08,76.0,317.0,13.0,312.84,2.319999999999993,113.0,52.0,3.561015304656604,165,61.0,60.0,0.37,318.0,
2025-01-09 07:32:34,311.7,43.0,315.53,34.0,304.62,87.0,322.82,39.0,313.61,3.829999999999984,130.0,73.0,3.5955069183633226,203,57.0,38.0,0.28,314.25,4.0
2025-01-09 07:32:35,306.0,10.0,318.22,46.0,304.0,100.0,342.5,16.0,312.11,12.220000000000027,110.0,62.0,2.2033724151850183,172,48.0,-31.0,0.28,314.33,6.0
2025-01-09 07:32:36,313.86,14.0,324.5,70.0,304.54,41.0,477.27,33.0,319.18,10.639999999999986,55.0,103.0,3.2894574020647167,158,-48.0,-14.0,-0.3,314.33,
2025-01-09 07:32:37,318.81,16.0,328.0,60.0,315.33,12.0,433.28,39.0,323.41,9.189999999999998,28.0,99.0,4.888399533589574,127,-71.0,-31.0,-0.56,314.33,
2025-01-09 07:32:38,317.0,9.0,328.0,45.0,316.0,9.0,421.26,27.0,322.5,11.0,18.0,72.0,5.117213108714432,90,-54.0,-37.0,-0.6,314.33,
2025-01-09 07:32:39,317.86,14.0,328.0,70.0,316.0,14.0,340.0,70.0,322.93,10.139999999999986,28.0,140.0,4.727158766108773,168,-112.0,78.0,-0.67,314.33,
2025-01-09 07:32:40,319.1,10.0,328.0,50.0,316.0,10.0,340.0,50.0,323.55,8.899999999999977,20.0,100.0,1.8003416342459446,120,-80.0,-48.0,-0.67,314.33,
2025-01-09 07:32:41,320.0,9.0,327.71,42.0,316.0,9.0,336.0,45.0,323.86,7.7099999999999795,18.0,87.0,0.5367960506555916,105,-69.0,-15.0,-0.66,314.33,
2025-01-09 07:32:42,320.0,16.0,326.38,64.0,316.0,16.0,332.56,80.0,323.19,6.379999999999996,32.0,144.0,0.5293675471725077,176,-112.0,71.0,-0.64,314.33,
2025-01-09 07:32:43,321.75,16.0,326.0,36.0,320.2,10.0,337.0,45.0,323.88,4.25,26.0,81.0,0.4170971109939099,107,-55.0,-69.0,-0.51,314.33,
2025-01-09 07:32:44,320.83,58.0,324.79,48.0,320.33,60.0,327.9,58.0,322.81,3.960000000000037,118.0,106.0,0.4582248356423569,224,12.0,117.0,0.05,324.0,3.0
2025-01-09 07:32:45,320.0,59.0,322.75,16.0,316.0,7.0,325.77,26.0,321.38,2.75,66.0,42.0,1.025636387809742,108,24.0,-116.0,0.22,320.0,3.0
2025-01-09 07:32:46,320.04,98.0,321.95,42.0,316.75,16.0,329.43,49.0,321.0,1.909999999999968,114.0,91.0,1.2216259656700712,205,23.0,97.0,0.11,320.55,11.0
2025-01-09 07:32:47,317.71,14.0,336.58,60.0,311.08,61.0,434.22,45.0,327.15,18.870000000000005,75.0,105.0,2.4677783530940203,180,-30.0,-25.0,-0.17,320.4,5.0
2025-01-09 07:32:48,308.4,30.0,337.0,25.0,305.0,95.0,404.84,19.0,322.7,28.600000000000023,125.0,44.0,2.448095177888187,169,81.0,-11.0,0.48,320.4,
2025-01-09 07:32:49,314.0,30.0,337.0,45.0,305.85,123.0,558.19,21.0,325.5,23.0,153.0,66.0,2.678447311410008,219,87.0,50.0,0.4,320.4,
2025-01-09 07:32:50,316.56,36.0,337.0,60.0,311.08,71.0,426.0,60.0,326.78,20.44,107.0,120.0,2.6754214621251067,227,-13.0,8.0,-0.06,317.6,5.0
2025-01-09 07:32:51,313.4,25.0,321.0,45.0,308.24,49.0,345.56,45.0,317.2,7.600000000000023,74.0,90.0,4.115249688657976,164,-16.0,-63.0,-0.1,316.0,3.0
2025-01-09 07:32:52,311.0,18.0,319.0,30.0,308.0,54.0,335.0,30.0,315.0,8.0,72.0,60.0,5.148735767156743,132,12.0,-32.0,0.09,316.0,
2025-01-09 07:32:53,311.0,27.0,315.89,45.0,308.0,81.0,322.89,45.0,313.44,4.889999999999986,108.0,90.0,6.148713686617609,198,18.0,66.0,0.09,316.0,
2025-01-09 07:32:54,311.0,27.0,314.26,19.0,308.0,81.0,315.78,45.0,312.63,3.259999999999991,108.0,64.0,5.732765475754084,172,44.0,-26.0,0.26,314.0,2.0
2025-01-09 07:32:55,311.0,30.0,313.5,16.0,308.0,90.0,314.95,42.0,312.25,2.5,120.0,58.0,2.0272469015878007,178,62.0,6.0,0.35,314.0,
2025-01-09 07:32:56,311.0,21.0,313.0,28.0,308.0,63.0,314.0,7.0,312.0,2.0,84.0,35.0,1.211664144883887,119,49.0,-59.0,0.41,314.0,
2025-01-09 07:32:57,311.0,24.0,313.0,32.0,308.0,72.0,314.0,8.0,312.0,2.0,96.0,40.0,0.6034318519908667,136,56.0,17.0,0.41,314.0,
2025-01-09 07:32:58,311.0,21.0,313.0,28.0,308.0,63.0,314.0,7.0,312.0,2.0,84.0,35.0,0.2759166540770637,119,49.0,-17.0,0.41,314.0,
2025-01-09 07:32:59,311.0,24.0,313.0,32.0,308.0,81.0,314.0,8.0,312.0,2.0,105.0,40.0,0.1118033988618301,145,65.0,26.0,0.45,314.0,
2025-01-09 07:33:00,311.56,27.0,313.0,18.0,308.54,39.0,314.0,9.0,312.28,1.4399999999999975,66.0,27.0,0.1252198067282229,93,39.0,-52.0,0.42,313.0,3.0
2025-01-09 07:33:01,310.84,25.0,312.73,11.0,306.82,33.0,313.73,11.0,311.78,1.8900000000000432,58.0,22.0,0.1775387281610732,80,36.0,-13.0,0.45,312.0,3.0
2025-01-09 07:33:06,308.0,27.0,312.0,27.0,304.0,25.0,314.0,36.0,310.0,4.0,52.0,63.0,0.802851169269091,115,-11.0,-52.0,-0.1,312.0,
2025-01-09 07:33:07,308.0,21.0,312.29,21.0,304.0,35.0,314.15,34.0,310.14,4.2900000000000205,56.0,55.0,0.9989244215638862,111,1.0,-4.0,0.01,313.33,9.0
2025-01-09 07:33:08,308.57,28.0,310.67,36.0,305.5,32.0,314.36,28.0,309.62,2.1000000000000227,60.0,64.0,0.8137444316225809,124,-4.0,13.0,-0.03,313.33,
2025-01-09 07:33:09,308.36,33.0,310.0,22.0,306.25,16.0,314.0,40.0,309.18,1.6399999999999864,49.0,62.0,0.583849295620662,111,-13.0,-13.0,-0.12,310.0,4.0
2025-01-09 07:33:10,307.48,31.0,310.0,13.0,303.36,25.0,314.0,65.0,308.74,2.519999999999982,56.0,78.0,0.5804136455983351,134,-22.0,23.0,-0.16,310.0,
2025-01-09 07:33:11,304.0,12.0,310.0,12.0,303.0,48.0,314.0,60.0,307.0,6.0,60.0,72.0,1.2003666106639177,132,-12.0,-2.0,-0.09,310.0,
2025-01-09 07:33:12,306.0,24.0,310.0,6.0,304.0,6.0,314.0,30.0,308.0,4.0,30.0,36.0,1.0336924107280805,66,-6.0,-66.0,-0.09,310.0,
2025-01-09 07:33:13,307.73,44.0,313.11,27.0,304.0,11.0,314.14,35.0,310.42,5.379999999999996,55.0,62.0,1.281140117238099,117,-7.0,51.0,-0.06,312.67,3.0
2025-01-09 07:33:14,308.54,52.0,311.67,36.0,304.0,13.0,313.95,21.0,310.1,3.1299999999999955,65.0,57.0,1.4304265098203572,122,8.0,5.0,0.07,312.67,
2025-01-09 07:33:15,309.6,60.0,312.44,43.0,299.07,71.0,313.89,19.0,311.02,2.839999999999975,131.0,62.0,1.7199186027242046,193,69.0,71.0,0.36,310.0,4.0
2025-01-09 07:33:16,310.0,40.0,318.67,18.0,299.0,41.0,317.33,24.0,314.33,8.670000000000016,81.0,42.0,2.290213963802635,123,39.0,-70.0,0.32,313.4,5.0
2025-01-09 07:33:17,315.43,28.0,324.0,65.0,311.64,50.0,327.88,68.0,319.71,8.569999999999993,78.0,133.0,4.053162962427758,211,-55.0,88.0,-0.26,313.4,
2025-01-09 07:33:18,319.95,43.0,324.0,60.0,318.77,109.0,328.0,48.0,321.98,4.050000000000011,152.0,108.0,5.25090182730509,260,44.0,49.0,0.17,321.0,2.0
2025-01-09 07:33:19,321.92,26.0,324.0,55.0,320.12,114.0,328.0,52.0,322.96,2.079999999999984,140.0,107.0,5.137007883972502,247,33.0,-13.0,0.13,324.0,2.0
2025-01-09 07:33:20,323.25,16.0,326.76,29.0,320.0,104.0,388.91,22.0,325.0,3.509999999999991,120.0,51.0,4.0849394120348,171,69.0,-76.0,0.4,324.0,
2025-01-09 07:33:21,324.0,18.0,328.0,36.0,320.0,117.0,466.92,26.0,326.0,4.0,135.0,62.0,2.4890560459730158,197,73.0,26.0,0.37,324.0,
2025-01-09 07:33:22,324.0,20.0,328.0,40.0,320.0,130.0,477.2,40.0,326.0,4.0,150.0,80.0,1.8309341877835532,230,70.0,33.0,0.3,324.0,
2025-01-09 07:33:23,320.18,90.0,328.0,36.0,318.95,40.0,494.0,36.0,324.09,7.819999999999993,130.0,72.0,1.304722192650461,202,58.0,-28.0,0.29,322.67,3.0
2025-01-09 07:33:24,320.0,48.0,328.0,16.0,317.0,8.0,494.0,16.0,324.0,8.0,56.0,32.0,0.9780695271782092,88,24.0,-114.0,0.27,322.67,
2025-01-09 07:33:25,320.0,120.0,328.0,40.0,313.0,28.0,435.0,40.0,324.0,8.0,148.0,80.0,1.0796388284952627,228,68.0,140.0,0.3,322.67,
2025-01-09 07:33:26,320.0,132.0,328.0,44.0,317.0,11.0,385.36,44.0,324.0,8.0,143.0,88.0,0.8852231357091012,231,55.0,3.0,0.24,322.67,
2025-01-09 07:33:27,320.0,64.0,328.0,24.0,317.0,6.0,447.0,24.0,324.0,8.0,70.0,48.0,0.040249223528805,118,22.0,-113.0,0.19,320.0,4.0
2025-01-09 07:33:28,320.0,28.0,328.0,24.0,317.0,6.0,447.0,24.0,324.0,8.0,34.0,48.0,0.0,82,-14.0,-36.0,-0.17,320.0,4.0
2025-01-09 07:33:29,320.0,20.0,328.0,20.0,317.0,5.0,447.0,20.0,324.0,8.0,25.0,40.0,0.0,65,-15.0,-17.0,-0.23,320.0,
2025-01-09 07:33:30,318.82,68.0,327.8,40.0,312.62,32.0,371.81,64.0,323.31,8.980000000000018,100.0,104.0,0.3085773808863598,204,-4.0,139.0,-0.02,319.4,5.0
2025-01-09 07:33:31,316.4,55.0,327.0,10.0,312.79,56.0,329.0,40.0,321.7,10.600000000000025,111.0,50.0,0.9972562358765876,161,61.0,-43.0,0.38,320.0,2.0
2025-01-09 07:33:32,317.15,52.0,325.14,74.0,316.0,98.0,327.8,20.0,321.14,7.990000000000009,150.0,94.0,1.332403842682396,244,56.0,83.0,0.23,317.0,4.0
2025-01-09 07:33:33,318.92,24.0,324.5,62.0,316.0,84.0,326.43,46.0,321.71,5.579999999999984,108.0,108.0,1.2183882796526115,216,0.0,-28.0,0.0,317.0,
2025-01-09 07:33:34,319.64,22.0,321.71,21.0,316.0,77.0,327.79,38.0,320.68,2.069999999999993,99.0,59.0,0.9932119612624908,158,40.0,-58.0,0.25,321.0,1.0
2025-01-09 07:33:35,320.71,34.0,325.07,43.0,317.36,53.0,350.8,59.0,322.89,4.360000000000014,87.0,102.0,0.8278466041452824,189,-15.0,31.0,-0.08,321.25,4.0
2025-01-09 07:33:36,322.0,18.0,333.0,36.0,320.78,18.0,471.0,39.0,327.5,11.0,36.0,75.0,2.762920556222141,111,-39.0,-78.0,-0.35,321.25,
2025-01-09 07:33:37,324.0,18.0,333.0,32.0,320.67,21.0,462.0,32.0,328.5,9.0,39.0,64.0,3.523879963902702,103,-25.0,-8.0,-0.24,321.25,
2025-01-09 07:33:38,324.0,48.0,333.0,48.0,316.0,84.0,432.25,48.0,328.5,9.0,132.0,96.0,3.604841189289057,228,36.0,125.0,0.16,321.25,
2025-01-09 07:33:39,319.23,47.0,333.0,44.0,315.59,41.0,472.04,53.0,326.12,13.769999999999982,88.0,97.0,2.34374059998009,185,-9.0,-43.0,-0.05,320.38,8.0
2025-01-09 07:33:40,316.22,72.0,331.92,48.0,291.22,65.0,416.15,84.0,324.07,15.699999999999989,137.0,132.0,1.8768377660296085,269,5.0,84.0,0.02,316.0,1.0
2025-01-09 07:33:41,316.0,64.0,331.0,32.0,310.38,16.0,334.0,50.0,323.5,15.0,80.0,82.0,2.366119185500817,162,-2.0,-107.0,-0.01,316.0,
2025-01-09 07:33:42,316.0,80.0,329.1,40.0,313.0,20.0,334.0,50.0,322.55,13.100000000000025,100.0,90.0,2.377408252697694,190,10.0,28.0,0.05,316.0,
2025-01-09 07:33:43,316.0,28.0,328.57,28.0,313.0,14.0,334.0,35.0,322.29,12.569999999999991,42.0,63.0,1.5283749539936955,105,-21.0,-85.0,-0.2,316.0,4.0
2025-01-09 07:33:44,316.0,52.0,325.47,38.0,313.0,26.0,329.53,55.0,320.74,9.470000000000027,78.0,93.0,1.277164828828051,171,-15.0,66.0,-0.09,316.0,
2025-01-09 07:33:45,318.05,183.0,321.14,42.0,316.71,153.0,322.43,60.0,319.6,3.089999999999975,336.0,102.0,1.5520728075691363,438,234.0,185.5,0.53,320.0,2.0
2025-01-09 07:33:46,320.0,131.0,322.0,36.0,317.0,108.0,326.0,18.0,321.0,2.0,239.0,54.0,1.2057901973376923,293,185.0,-145.0,0.63,320.0,
2025-01-09 07:33:47,320.21,171.0,323.65,34.0,317.96,104.0,328.22,45.0,321.93,3.4399999999999977,275.0,79.0,1.0599386774694517,354,196.0,61.0,0.55,322.0,4.0
2025-01-09 07:33:48,321.75,170.0,326.0,28.0,320.44,126.0,328.0,70.0,323.88,4.25,296.0,98.0,1.601749044012693,394,198.0,40.0,0.5,322.0,
2025-01-09 07:33:49,324.58,151.0,327.67,60.0,323.11,72.0,369.46,63.0,326.12,3.090000000000032,223.0,123.0,2.549192028858423,346,100.0,-48.0,0.29,326.0,2.0
2025-01-09 07:33:50,325.0,81.0,328.0,55.0,324.0,88.0,609.55,11.0,326.5,3.0,169.0,66.0,2.448403561505969,235,103.0,-111.0,0.44,325.0,5.0
2025-01-09 07:33:51,326.0,38.0,328.0,40.0,324.0,64.0,398.88,8.0,327.0,2.0,102.0,48.0,2.129948356180241,150,54.0,-85.0,0.36,326.0,5.0
2025-01-09 07:33:52,326.0,10.0,327.0,30.0,324.0,80.0,329.8,50.0,326.5,1.0,90.0,80.0,1.2256426885494542,170,10.0,20.0,0.06,326.0,
2025-01-09 07:33:53,324.0,88.0,330.07,28.0,320.0,22.0,333.09,47.0,327.04,6.069999999999993,110.0,75.0,0.3869366873204878,185,35.0,15.0,0.19,326.0,1.0
2025-01-09 07:33:54,324.0,94.0,329.0,26.0,320.0,26.0,331.0,65.0,326.5,5.0,120.0,91.0,0.285166617952614,211,29.0,26.0,0.14,324.0,2.0
2025-01-09 07:33:55,324.0,60.0,328.38,32.0,320.0,20.0,336.89,38.0,326.19,4.379999999999996,80.0,70.0,0.3643899010600485,150,10.0,-61.0,0.07,324.0,
2025-01-09 07:33:56,324.0,67.0,326.25,60.0,320.0,24.0,329.0,24.0,325.12,2.25,91.0,84.0,0.7119691004493691,175,7.0,25.0,0.04,324.0,5.0
2025-01-09 07:33:57,323.27,11.0,325.0,20.0,319.57,21.0,327.3,50.0,324.14,1.7300000000000182,32.0,70.0,1.1616453847861203,102,-38.0,-73.0,-0.37,324.0,1.0
2025-01-09 07:33:58,320.0,20.0,323.59,34.0,317.0,30.0,332.24,29.0,321.79,3.589999999999975,50.0,63.0,1.8978066287151731,113,-13.0,11.0,-0.12,324.0,
2025-01-09 07:33:59,320.0,11.0,322.46,26.0,317.0,30.0,323.35,34.0,321.23,2.4599999999999795,41.0,60.0,2.130664215683832,101,-19.0,-12.0,-0.19,320.0,1.0
2025-01-09 07:34:00,320.0,12.0,321.27,37.0,317.0,36.0,322.59,34.0,320.64,1.2699999999999818,48.0,71.0,1.9426348087059413,119,-23.0,18.0,-0.19,321.0,1.0
2025-01-09 07:34:01,316.27,92.0,319.48,31.0,312.94,143.0,373.35,48.0,317.88,3.2100000000000364,235.0,79.0,2.253226575379501,314,156.0,185.5,0.5,317.4,5.0
2025-01-09 07:34:02,316.0,126.0,318.0,27.0,308.0,99.0,319.0,9.0,317.0,2.0,225.0,36.0,2.132761121175303,261,189.0,-53.0,0.72,317.4,
2025-01-09 07:34:03,316.09,138.0,318.07,45.0,311.07,146.0,321.77,13.0,317.08,1.9800000000000184,284.0,58.0,2.0204900395689283,342,226.0,81.0,0.66,317.0,3.0
2025-01-09 07:34:04,316.0,168.0,317.78,32.0,308.0,25.0,318.12,40.0,316.89,1.7799999999999727,193.0,72.0,1.581967129872649,265,121.0,-77.0,0.46,317.0,
2025-01-09 07:34:05,314.5,32.0,329.0,12.0,307.31,78.0,415.25,12.0,321.75,14.5,110.0,24.0,2.0666034936575044,134,86.0,-131.0,0.64,316.0,10.0
2025-01-09 07:34:06,318.32,19.0,333.0,11.0,313.08,24.0,539.73,11.0,325.66,14.680000000000009,43.0,22.0,3.929749355874584,65,21.0,-69.0,0.32,318.0,5.0
2025-01-09 07:34:07,315.97,30.0,361.7,10.0,314.09,11.0,572.0,13.0,338.83,45.72999999999996,41.0,23.0,9.030181061307372,64,18.0,-1.0,0.28,318.0,
2025-01-09 07:34:09,316.0,8.0,329.0,24.0,315.0,8.0,330.12,16.0,322.5,13.0,16.0,40.0,10.04903726732024,56,-24.0,-70.0,-0.43,318.0,
2025-01-09 07:34:10,316.38,13.0,328.08,39.0,315.38,13.0,332.62,26.0,322.23,11.699999999999989,26.0,65.0,9.94679998793536,91,-39.0,35.0,-0.43,318.0,
2025-01-09 07:34:11,317.22,9.0,327.56,27.0,316.22,9.0,334.0,18.0,322.39,10.339999999999977,18.0,45.0,10.444250571486274,63,-27.0,-28.0,-0.43,318.0,
2025-01-09 07:34:12,318.64,11.0,326.0,33.0,317.0,11.0,334.0,22.0,322.32,7.360000000000014,22.0,55.0,9.4814424008161,77,-33.0,14.0,-0.43,318.0,
2025-01-09 07:34:13,317.29,7.0,326.0,21.0,316.14,7.0,331.86,14.0,321.64,8.70999999999998,14.0,35.0,0.3367937053984774,49,-21.0,-28.0,-0.43,319.0,1.0
2025-01-09 07:34:14,317.0,18.0,324.56,54.0,316.0,73.0,325.94,48.0,320.78,7.560000000000002,91.0,102.0,0.6788740678478354,193,-11.0,144.0,-0.06,319.0,
2025-01-09 07:34:15,317.0,11.0,320.27,33.0,316.0,66.0,322.0,33.0,318.64,3.269999999999982,77.0,66.0,1.547863043036014,143,11.0,-50.0,0.08,319.0,
2025-01-09 07:34:16,316.78,9.0,318.62,24.0,315.93,43.0,322.0,24.0,317.7,1.840000000000032,52.0,48.0,1.974001013170257,100,4.0,-43.0,0.04,316.2,5.0
2025-01-09 07:34:17,316.0,22.0,317.91,33.0,313.0,11.0,322.0,33.0,316.95,1.910000000000025,33.0,66.0,2.0037015745858207,99,-33.0,-1.0,-0.33,316.2,
2025-01-09 07:34:18,314.29,14.0,320.64,33.0,309.48,42.0,328.4,25.0,317.46,6.349999999999966,56.0,58.0,1.512772289539332,114,-2.0,15.0,-0.02,316.0,2.0
2025-01-09 07:34:19,313.0,12.0,320.38,34.0,310.6,50.0,323.94,16.0,316.69,7.3799999999999955,62.0,50.0,0.7581358717264728,112,12.0,-2.0,0.11,316.0,
2025-01-09 07:34:20,309.32,38.0,320.0,30.0,307.55,29.0,321.0,10.0,314.66,10.680000000000009,67.0,40.0,1.2043130822169064,107,27.0,-5.0,0.25,313.0,1.0
2025-01-09 07:34:21,309.57,47.0,318.06,17.0,307.04,53.0,319.85,33.0,313.82,8.490000000000009,100.0,50.0,1.5829497781038857,150,50.0,43.0,0.33,313.0,
2025-01-09 07:34:22,310.0,30.0,314.74,23.0,307.0,50.0,315.43,23.0,312.37,4.740000000000009,80.0,46.0,2.0816219637579527,126,34.0,-24.0,0.27,313.0,
2025-01-09 07:34:23,310.69,39.0,312.94,34.0,305.36,77.0,314.42,36.0,311.82,2.25,116.0,70.0,1.9385226333473764,186,46.0,60.0,0.25,313.0,
2025-01-09 07:34:24,304.46,84.0,314.71,34.0,278.69,90.0,318.95,20.0,309.59,10.25,174.0,54.0,1.9585632489150693,228,120.0,42.0,0.53,311.83,6.0
2025-01-09 07:34:25,306.27,49.0,319.12,42.0,304.98,45.0,320.66,29.0,312.69,12.850000000000025,94.0,71.0,1.561175838911455,165,23.0,-63.0,0.14,311.83,
2025-01-09 07:34:26,309.31,58.0,317.93,15.0,307.79,47.0,320.0,75.0,313.62,8.620000000000005,105.0,90.0,1.506343254374952,195,15.0,30.0,0.08,311.83,
2025-01-09 07:34:27,313.49,77.0,317.9,20.0,311.57,51.0,320.68,79.0,315.7,4.409999999999968,128.0,99.0,2.252316585207476,227,29.0,32.0,0.13,318.8,5.0
2025-01-09 07:34:28,318.39,18.0,321.88,32.0,316.47,38.0,325.8,41.0,320.13,3.490000000000009,56.0,73.0,3.910783808905825,129,-17.0,-98.0,-0.13,320.0,2.0
2025-01-09 07:34:29,321.19,21.0,325.06,47.0,320.84,19.0,326.06,34.0,323.13,3.870000000000005,40.0,81.0,4.445495472947735,121,-41.0,-8.0,-0.34,320.0,2.0
2025-01-09 07:34:30,324.0,8.0,326.0,24.0,323.0,16.0,328.0,8.0,325.0,2.0,24.0,32.0,4.817595873461967,56,-8.0,-65.0,-0.14,320.0,
2025-01-09 07:34:31,322.61,23.0,326.0,30.0,320.38,13.0,328.0,10.0,324.3,3.3899999999999864,36.0,40.0,3.81275097534533,76,-4.0,20.0,-0.05,324.67,3.0
2025-01-09 07:34:32,316.0,36.0,326.0,18.0,309.0,18.0,328.0,6.0,321.0,10.0,54.0,24.0,2.093387207373772,78,30.0,2.0,0.38,324.67,
2025-01-09 07:34:33,316.0,48.0,324.0,24.0,309.0,24.0,327.81,31.0,320.0,8.0,72.0,55.0,2.133888469437005,127,17.0,49.0,0.13,324.67,
2025-01-09 07:34:34,316.0,50.0,323.0,18.0,309.0,18.0,327.56,9.0,319.5,7.0,68.0,27.0,2.5264599739549976,95,41.0,-32.0,0.43,316.0,5.0
2025-01-09 07:34:35,316.0,40.0,323.0,24.0,309.0,36.0,327.0,8.0,319.5,7.0,76.0,32.0,2.018167485615949,108,44.0,13.0,0.41,316.0,
2025-01-09 07:34:36,316.73,41.0,322.18,49.0,313.29,51.0,325.11,19.0,319.46,5.449999999999989,92.0,68.0,0.6582704611312502,160,24.0,52.0,0.15,321.0,1.0
2025-01-09 07:34:37,316.0,45.0,321.56,36.0,310.0,27.0,332.0,9.0,318.78,5.560000000000002,72.0,45.0,0.4348792935956019,117,27.0,-43.0,0.23,321.0,
2025-01-09 07:34:38,316.85,67.0,320.8,20.0,314.29,21.0,332.0,5.0,318.83,3.9499999999999886,88.0,25.0,0.3741390115964158,113,63.0,-4.0,0.56,321.0,
2025-01-09 07:34:39,318.0,266.0,319.83,48.0,316.0,70.0,324.62,26.0,318.92,1.829999999999984,336.0,74.0,0.3525904139343639,410,262.0,185.5,0.64,321.0,
2025-01-09 07:34:40,318.0,138.0,319.0,16.0,316.0,40.0,320.77,26.0,318.5,1.0,178.0,42.0,0.3511694747533232,220,136.0,-186.5,0.62,318.0,6.0
2025-01-09 07:34:41,318.51,138.0,328.59,41.0,316.0,65.0,335.5,30.0,323.55,10.079999999999984,203.0,71.0,2.149006747313273,274,132.0,54.0,0.48,318.0,3.0
2025-01-09 07:34:42,320.48,230.0,329.13,92.0,316.59,61.0,330.13,92.0,324.8,8.649999999999977,291.0,184.0,3.008147270330539,475,107.0,185.5,0.23,318.0,
2025-01-09 07:34:43,321.3,100.0,328.5,40.0,316.21,38.0,330.9,40.0,324.9,7.199999999999989,138.0,80.0,3.174079394091472,218,58.0,-186.5,0.27,318.0,
2025-01-09 07:34:44,323.0,142.0,327.0,60.0,316.0,75.0,331.13,60.0,325.0,4.0,217.0,120.0,2.7744368798001644,337,97.0,119.0,0.29,323.0,4.0
2025-01-09 07:34:45,324.24,102.0,326.82,68.0,317.0,34.0,333.0,68.0,325.53,2.579999999999984,136.0,136.0,0.7307051388859519,272,0.0,-65.0,0.0,323.0,
2025-01-09 07:34:46,318.22,92.0,332.46,52.0,316.47,38.0,335.7,40.0,325.34,14.239999999999952,130.0,92.0,0.3088365263276095,222,38.0,-50.0,0.17,325.0,6.0
2025-01-09 07:34:47,319.56,160.0,333.0,64.0,317.0,32.0,340.69,48.0,326.28,13.439999999999998,192.0,112.0,0.5487257967271988,304,80.0,82.0,0.26,325.0,
2025-01-09 07:34:48,321.57,140.0,333.0,56.0,317.0,44.0,339.38,16.0,327.29,11.430000000000009,184.0,72.0,0.9132743289908064,256,112.0,-48.0,0.44,325.0,
2025-01-09 07:34:49,322.0,120.0,323.8,50.0,317.0,60.0,333.5,48.0,322.9,1.8000000000000114,180.0,98.0,1.6274120559937977,278,82.0,22.0,0.29,325.0,
2025-01-09 07:34:50,322.0,175.0,323.0,87.0,317.0,90.0,324.89,72.0,322.5,1.0,265.0,159.0,2.095404495555554,424,106.0,146.0,0.25,322.0,5.0
2025-01-09 07:34:51,317.57,44.0,325.5,24.0,316.33,15.0,332.11,36.0,321.53,7.930000000000007,59.0,60.0,2.5265292398852366,119,-1.0,-186.5,-0.01,322.0,5.0
2025-01-09 07:34:52,317.0,16.0,326.0,16.0,316.0,4.0,337.0,16.0,321.5,9.0,20.0,32.0,2.396420246950831,52,-12.0,-67.0,-0.23,322.0,
2025-01-09 07:34:53,317.0,90.0,326.0,60.0,313.02,303.0,337.0,60.0,321.5,9.0,393.0,120.0,0.6670682124017083,513,273.0,185.5,0.53,322.0,
2025-01-09 07:34:54,317.0,84.0,325.5,32.0,314.0,20.0,329.67,48.0,321.25,8.5,104.0,80.0,0.4852112941771684,184,24.0,-186.5,0.13,322.0,
2025-01-09 07:34:55,317.0,49.0,328.33,30.0,314.0,14.0,331.86,28.0,322.67,11.329999999999984,63.0,58.0,0.5594193418152887,121,5.0,-63.0,0.04,322.0,
2025-01-09 07:34:56,317.75,64.0,328.0,96.0,316.33,33.0,332.67,48.0,322.88,10.25,97.0,144.0,0.7546191092179052,241,-47.0,120.0,-0.2,317.0,2.0
2025-01-09 07:34:57,322.26,76.0,327.29,84.0,320.84,50.0,328.1,120.0,324.77,5.03000000000003,126.0,204.0,1.3985456731892203,330,-78.0,89.0,-0.24,317.0,
2025-01-09 07:34:58,324.17,116.0,327.27,60.0,322.26,94.0,328.6,60.0,325.72,3.099999999999966,210.0,120.0,1.7796263652788673,330,90.0,0.0,0.27,325.0,4.0
2025-01-09 07:34:59,324.0,140.0,329.0,56.0,317.0,70.0,330.0,56.0,326.5,5.0,210.0,112.0,1.6981077704300305,322,98.0,-8.0,0.3,325.0,
2025-01-09 07:35:00,324.0,60.0,329.0,24.0,317.0,30.0,330.83,24.0,326.5,5.0,90.0,48.0,1.5157770284557757,138,42.0,-184.0,0.3,325.0,
2025-01-09 07:35:01,322.22,54.0,329.0,56.0,318.67,92.0,331.0,56.0,325.61,6.779999999999973,146.0,112.0,0.7213528956022575,258,34.0,120.0,0.13,325.0,
2025-01-09 07:35:02,324.02,124.0,329.0,56.0,320.16,50.0,331.0,56.0,326.51,4.980000000000018,174.0,112.0,0.460836196487917,286,62.0,28.0,0.22,325.0,
2025-01-09 07:35:03,325.0,104.0,329.0,36.0,321.72,39.0,331.0,36.0,327.0,4.0,143.0,72.0,0.5033189843362174,215,71.0,-71.0,0.33,325.0,4.0
2025-01-09 07:35:04,324.84,49.0,329.0,44.0,319.57,28.0,331.0,44.0,326.92,4.160000000000025,77.0,88.0,0.5518786098347854,165,-11.0,-50.0,-0.07,324.56,9.0
2025-01-09 07:35:05,321.0,6.0,329.0,24.0,317.0,30.0,331.0,24.0,325.0,8.0,36.0,48.0,0.8721066448510805,84,-12.0,-81.0,-0.14,324.56,
2025-01-09 07:35:06,321.0,6.0,329.0,24.0,317.0,30.0,331.0,24.0,325.0,8.0,36.0,48.0,1.0086525665428734,84,-12.0,0.0,-0.14,324.56,
2025-01-09 07:35:07,321.0,11.0,328.07,14.0,317.0,55.0,330.0,44.0,324.54,7.069999999999993,66.0,58.0,1.172996163673988,124,8.0,40.0,0.06,324.56,
2025-01-09 07:35:08,321.75,16.0,326.44,16.0,318.5,32.0,331.37,70.0,324.09,4.689999999999998,48.0,86.0,1.0799999999974574,134,-38.0,10.0,-0.28,324.56,
2025-01-09 07:35:09,322.62,16.0,325.19,16.0,321.0,16.0,334.0,80.0,323.91,2.569999999999993,32.0,96.0,0.5043510682005908,128,-64.0,-6.0,-0.5,324.56,
2025-01-09 07:35:10,320.43,14.0,332.37,38.0,313.96,28.0,334.89,38.0,326.4,11.939999999999998,42.0,76.0,0.9953743014538864,118,-34.0,-10.0,-0.29,320.67,3.0
2025-01-09 07:35:11,317.0,64.0,332.0,72.0,315.58,129.0,333.0,74.0,324.5,15.0,193.0,146.0,0.9938661881736924,339,47.0,185.5,0.14,316.78,9.0
2025-01-09 07:35:12,316.0,18.0,332.0,12.0,310.0,9.0,333.0,15.0,324.0,16.0,27.0,27.0,1.0421372270459444,54,0.0,-186.5,0.0,316.78,
2025-01-09 07:35:13,316.0,60.0,331.24,34.0,310.0,30.0,332.12,16.0,323.62,15.240000000000007,90.0,50.0,1.1159659492991236,140,40.0,86.0,0.29,316.78,
2025-01-09 07:35:14,316.03,105.0,326.89,37.0,311.5,72.0,328.17,46.0,321.46,10.860000000000014,177.0,83.0,1.7752408287315788,260,94.0,120.0,0.36,316.25,4.0
2025-01-09 07:35:15,316.0,36.0,319.83,30.0,310.88,25.0,322.33,24.0,317.92,3.829999999999984,61.0,54.0,2.709354166586062,115,7.0,-145.0,0.06,316.25,
2025-01-09 07:35:16,316.0,39.0,318.0,52.0,311.0,26.0,319.0,13.0,317.0,2.0,65.0,65.0,3.215680332371175,130,0.0,15.0,0.0,316.25,
2025-01-09 07:35:17,317.47,38.0,325.33,54.0,311.58,48.0,323.1,20.0,321.4,7.859999999999957,86.0,74.0,2.744558252251044,160,12.0,30.0,0.07,316.8,5.0
2025-01-09 07:35:18,313.04,92.0,325.95,58.0,311.62,52.0,327.23,26.0,319.5,12.909999999999968,144.0,84.0,2.011735569104486,228,60.0,68.0,0.26,320.0,3.0
2025-01-09 07:35:19,312.0,88.0,324.62,21.0,311.0,25.0,325.28,47.0,318.31,12.620000000000005,113.0,68.0,1.695665061266762,181,45.0,-47.0,0.25,320.0,
2025-01-09 07:35:20,311.93,86.0,322.73,15.0,310.69,29.0,324.78,45.0,317.33,10.800000000000011,115.0,60.0,1.7922527723513104,175,55.0,-6.0,0.31,320.0,
2025-01-09 07:35:21,311.89,36.0,322.7,10.0,310.73,22.0,324.84,38.0,317.29,10.810000000000002,58.0,48.0,1.7266528313476628,106,10.0,-69.0,0.09,320.0,
2025-01-09 07:35:22,313.48,54.0,319.82,39.0,311.6,30.0,325.7,27.0,316.65,6.339999999999975,84.0,66.0,1.112690433140355,150,18.0,44.0,0.12,314.0,1.0
2025-01-09 07:35:23,314.0,33.0,315.24,51.0,312.0,22.0,325.56,27.0,314.62,1.240000000000009,55.0,78.0,1.3754999091251336,133,-23.0,-17.0,-0.17,314.0,
2025-01-09 07:35:24,314.0,36.0,325.0,14.0,312.0,24.0,326.17,24.0,319.5,11.0,60.0,38.0,1.746387700369813,98,22.0,-35.0,0.22,314.0,
2025-01-09 07:35:25,315.83,54.0,320.52,50.0,310.21,156.0,322.18,34.0,318.18,4.689999999999998,210.0,84.0,1.8169947715947772,294,126.0,185.5,0.43,314.0,
2025-01-09 07:35:26,311.25,72.0,317.86,50.0,308.72,199.0,322.12,33.0,314.56,6.610000000000014,271.0,83.0,2.175941175676275,354,188.0,60.0,0.53,317.0,6.0
2025-01-09 07:35:27,309.0,33.0,321.09,22.0,308.0,154.0,323.21,29.0,315.05,12.089999999999977,187.0,51.0,2.299634753608464,238,136.0,-116.0,0.57,317.0,
2025-01-09 07:35:28,309.21,42.0,319.86,28.0,308.05,162.0,323.83,60.0,314.54,10.650000000000034,204.0,88.0,2.315184657862928,292,116.0,54.0,0.4,317.0,
2025-01-09 07:35:29,310.41,37.0,318.24,42.0,309.71,55.0,323.56,90.0,314.32,7.829999999999984,92.0,132.0,1.615394688614919,224,-40.0,-68.0,-0.18,311.5,2.0
2025-01-09 07:35:30,310.38,24.0,321.43,28.0,308.09,92.0,324.43,28.0,315.9,11.050000000000011,116.0,56.0,0.6325978185276186,172,60.0,-52.0,0.35,314.5,4.0
2025-01-09 07:35:31,315.8,10.0,324.0,40.0,309.16,49.0,327.0,10.0,319.9,8.199999999999989,59.0,50.0,2.2945413485061548,109,9.0,-63.0,0.08,314.5,
2025-01-09 07:35:32,318.92,13.0,324.0,52.0,317.89,45.0,327.0,13.0,321.46,5.079999999999984,58.0,65.0,3.25939871755555,123,-7.0,14.0,-0.06,314.5,
2025-01-09 07:35:33,319.67,9.0,324.0,36.0,318.0,45.0,327.0,9.0,321.83,4.329999999999984,54.0,45.0,3.386638451326182,99,9.0,-24.0,0.09,314.5,
2025-01-09 07:35:34,320.94,36.0,324.0,36.0,318.82,17.0,327.0,9.0,322.47,3.0600000000000023,53.0,45.0,2.6417172445208954,98,8.0,-1.0,0.08,321.0,3.0
2025-01-09 07:35:35,322.03,29.0,324.26,57.0,321.29,42.0,327.35,34.0,323.15,2.230000000000018,71.0,91.0,1.2237932831966774,162,-20.0,64.0,-0.12,324.0,4.0
2025-01-09 07:35:36,323.0,8.0,327.0,40.0,318.0,40.0,328.0,24.0,325.0,4.0,48.0,64.0,1.396986041446396,112,-16.0,-50.0,-0.14,324.0,
2025-01-09 07:35:37,322.84,19.0,327.0,85.0,317.86,87.0,328.0,51.0,324.92,4.160000000000025,106.0,136.0,1.4348623627356032,242,-30.0,130.0,-0.12,320.0,4.0
2025-01-09 07:35:38,318.0,16.0,327.0,40.0,317.0,48.0,328.0,24.0,322.5,9.0,64.0,64.0,1.264068827238067,128,0.0,-114.0,0.0,320.0,
2025-01-09 07:35:39,318.0,28.0,325.36,14.0,317.0,84.0,327.0,70.0,321.68,7.360000000000014,112.0,84.0,1.4738385257534905,196,28.0,68.0,0.14,320.0,
2025-01-09 07:35:40,318.0,22.0,324.36,11.0,317.0,66.0,327.06,53.0,321.18,6.360000000000014,88.0,64.0,1.801077455301617,152,24.0,-44.0,0.16,320.0,
2025-01-09 07:35:41,318.0,22.0,323.45,11.0,317.0,66.0,327.69,26.0,320.73,5.449999999999989,88.0,37.0,1.6553005769336593,125,51.0,-27.0,0.41,320.0,
2025-01-09 07:35:42,321.35,74.0,323.33,12.0,317.25,48.0,326.4,20.0,322.34,1.9799999999999611,122.0,32.0,0.7517180322418852,154,90.0,29.0,0.58,322.0,1.0
2025-01-09 07:35:43,322.0,140.0,324.0,14.0,318.03,37.0,328.0,42.0,323.0,2.0,177.0,56.0,0.9047541102407134,233,121.0,79.0,0.52,322.0,
2025-01-09 07:35:44,322.0,135.0,326.79,24.0,319.0,14.0,329.35,60.0,324.4,4.7900000000000205,149.0,84.0,1.4676852523605637,233,65.0,0.0,0.28,322.0,1.0
2025-01-09 07:35:45,322.0,90.0,329.0,30.0,319.0,10.0,330.0,35.0,325.5,7.0,100.0,65.0,1.8446083595157865,165,35.0,-68.0,0.21,322.0,
2025-01-09 07:35:46,322.05,76.0,329.0,30.0,321.08,26.0,330.0,20.0,325.53,6.949999999999989,102.0,50.0,1.4480953007293054,152,52.0,-13.0,0.34,322.0,
2025-01-09 07:35:47,325.12,32.0,329.0,48.0,322.0,144.0,330.0,32.0,327.06,3.879999999999996,176.0,80.0,1.5071894373279888,256,96.0,104.0,0.38,322.0,
2025-01-09 07:35:48,322.61,62.0,329.0,39.0,321.4,45.0,330.0,26.0,325.81,6.389999999999986,107.0,65.0,0.9503420436833996,172,42.0,-84.0,0.24,324.0,5.0
2025-01-09 07:35:49,322.0,60.0,329.0,30.0,319.0,10.0,330.0,20.0,325.5,7.0,70.0,50.0,0.67242099907131,120,20.0,-52.0,0.17,324.0,
2025-01-09 07:35:50,321.45,22.0,328.79,19.0,318.13,23.0,329.62,16.0,325.12,7.340000000000032,45.0,35.0,0.7437943264049224,80,10.0,-40.0,0.12,324.0,
2025-01-09 07:35:51,319.0,9.0,328.0,18.0,318.0,45.0,329.0,27.0,323.5,9.0,54.0,45.0,1.2866701208906055,99,9.0,19.0,0.09,324.0,
2025-01-09 07:35:52,319.0,9.0,327.0,18.0,318.0,45.0,328.89,27.0,323.0,8.0,54.0,45.0,1.256335942331349,99,9.0,0.0,0.09,324.0,
2025-01-09 07:35:53,318.35,17.0,325.7,40.0,314.2,137.0,327.62,48.0,322.03,7.349999999999966,154.0,88.0,1.4569488666368955,242,66.0,143.0,0.27,318.2,5.0
2025-01-09 07:35:54,318.0,13.0,321.83,36.0,316.0,91.0,322.6,35.0,319.92,3.829999999999984,104.0,71.0,1.921114260005329,175,33.0,-67.0,0.19,318.2,
2025-01-09 07:35:55,316.99,79.0,319.09,44.0,313.19,145.0,320.3,23.0,318.04,2.099999999999966,224.0,67.0,2.2800701743581064,291,157.0,116.0,0.54,318.0,3.0
2025-01-09 07:35:56,314.51,37.0,317.7,66.0,310.51,39.0,321.47,30.0,316.11,3.1899999999999977,76.0,96.0,2.825729994178328,172,-20.0,-119.0,-0.12,315.0,7.0
2025-01-09 07:35:57,313.0,12.0,317.06,16.0,310.0,12.0,318.02,56.0,315.03,4.060000000000002,24.0,72.0,2.8313653949995348,96,-48.0,-76.0,-0.5,315.0,
2025-01-09 07:35:58,310.44,27.0,316.28,43.0,303.76,76.0,319.32,82.0,313.36,5.839999999999975,103.0,125.0,2.561263360141397,228,-22.0,132.0,-0.1,314.0,1.0
2025-01-09 07:35:59,308.89,9.0,312.0,18.0,307.4,10.0,318.0,45.0,310.44,3.1100000000000136,19.0,63.0,2.878442287072071,82,-44.0,-146.0,-0.54,314.0,
2025-01-09 07:36:00,310.11,18.0,312.0,36.0,304.45,40.0,317.33,90.0,311.06,1.8899999999999864,58.0,126.0,2.4515199366935603,184,-68.0,102.0,-0.37,314.0,
2025-01-09 07:36:01,312.33,12.0,315.86,57.0,302.2,49.0,320.81,16.0,314.1,3.5300000000000296,61.0,73.0,1.973175106270696,134,-12.0,-50.0,-0.09,312.0,2.0
2025-01-09 07:36:02,314.93,28.0,316.0,87.0,308.24,25.0,323.0,15.0,315.46,1.0699999999999932,53.0,102.0,2.100066665609994,155,-49.0,21.0,-0.32,316.0,1.0
2025-01-09 07:36:03,306.3,46.0,315.61,41.0,303.61,23.0,321.38,13.0,310.96,9.310000000000002,69.0,54.0,2.2340725144915887,123,15.0,-32.0,0.12,316.0,3.0
2025-01-09 07:36:04,305.0,35.0,312.0,28.0,301.0,7.0,316.0,21.0,308.5,7.0,42.0,49.0,2.7656608613507148,91,-7.0,-32.0,-0.08,316.0,
2025-01-09 07:36:05,305.0,50.0,312.0,40.0,301.0,10.0,316.29,28.0,308.5,7.0,60.0,68.0,3.1911251934086984,128,-8.0,37.0,-0.06,316.0,
2025-01-09 07:36:06,305.0,55.0,311.9,40.0,301.0,11.0,314.77,26.0,308.45,6.899999999999977,66.0,66.0,3.038762906185488,132,0.0,4.0,0.0,316.0,
2025-01-09 07:36:07,305.0,60.0,311.0,24.0,301.0,12.0,312.0,48.0,308.0,6.0,72.0,72.0,1.180516835970799,144,0.0,12.0,0.0,316.0,
2025-01-09 07:36:08,305.0,60.0,311.0,24.0,301.0,12.0,312.0,48.0,308.0,6.0,72.0,72.0,0.2655183609680113,144,0.0,0.0,0.0,316.0,
2025-01-09 07:36:09,305.0,70.0,310.13,75.0,301.0,14.0,311.53,38.0,307.57,5.129999999999996,84.0,113.0,0.3818769435450893,197,-29.0,53.0,-0.15,316.0,
2025-01-09 07:36:12,306.11,9.0,310.0,36.0,305.0,45.0,311.0,18.0,308.06,3.8899999999999855,54.0,54.0,0.3532987404616977,108,0.0,-82.0,0.0,316.0,
2025-01-09 07:36:13,307.0,27.0,314.27,30.0,304.86,57.0,316.35,51.0,310.63,7.269999999999982,84.0,81.0,1.3879373184734205,165,3.0,57.0,0.02,310.33,6.0
2025-01-09 07:36:14,307.0,22.0,316.97,29.0,299.5,32.0,317.71,63.0,311.98,9.970000000000027,54.0,92.0,2.0998095151727747,146,-38.0,-19.0,-0.26,315.2,5.0
2025-01-09 07:36:15,307.43,7.0,318.0,28.0,299.0,14.0,320.0,28.0,312.71,10.569999999999991,21.0,56.0,2.296577888948837,77,-35.0,-69.0,-0.45,315.2,
2025-01-09 07:36:16,308.0,17.0,317.47,76.0,300.88,34.0,319.06,68.0,312.74,9.470000000000027,51.0,144.0,1.964797699511924,195,-93.0,118.0,-0.48,315.2,
2025-01-09 07:36:17,308.93,15.0,316.16,62.0,301.0,30.0,317.11,73.0,312.55,7.230000000000018,45.0,135.0,0.8884086897403956,180,-90.0,-15.0,-0.5,315.2,
2025-01-09 07:36:18,309.33,9.0,316.0,36.0,298.5,28.0,317.0,45.0,312.67,6.670000000000016,37.0,81.0,0.3158322339562102,118,-44.0,-62.0,-0.37,315.2,
2025-01-09 07:36:19,311.7,10.0,316.0,40.0,296.6,50.0,317.0,50.0,313.85,4.300000000000011,60.0,90.0,0.5337415104761406,150,-30.0,32.0,-0.2,315.2,
2025-01-09 07:36:20,312.0,9.0,316.0,36.0,298.95,19.0,317.0,45.0,314.0,4.0,28.0,81.0,0.7018333135475019,109,-53.0,-41.0,-0.49,315.2,
2025-01-09 07:36:22,306.07,45.0,316.0,52.0,303.05,38.0,317.0,87.0,311.03,9.930000000000009,83.0,139.0,2.3407114303148,222,-56.0,28.0,-0.25,316.0,1.0
2025-01-09 07:36:23,308.5,18.0,316.22,9.0,306.55,22.0,317.07,60.0,312.36,7.720000000000027,40.0,69.0,2.322096035913765,109,-29.0,-113.0,-0.27,316.86,7.0
2025-01-09 07:36:24,310.06,36.0,315.3,23.0,308.62,39.0,317.17,41.0,312.68,5.240000000000009,75.0,64.0,2.1305398376952858,139,11.0,30.0,0.08,316.86,
2025-01-09 07:36:25,311.27,45.0,314.0,60.0,310.0,30.0,316.0,15.0,312.63,2.730000000000018,75.0,75.0,1.8254396730670028,150,0.0,11.0,0.0,316.86,
2025-01-09 07:36:26,311.76,37.0,315.43,21.0,297.52,170.0,319.48,69.0,313.59,3.670000000000016,207.0,90.0,0.9231847052490308,297,117.0,147.0,0.39,314.0,4.0
2025-01-09 07:36:27,313.23,26.0,315.15,13.0,300.24,169.0,316.95,21.0,314.19,1.919999999999959,195.0,34.0,0.7701623205564788,229,161.0,-68.0,0.7,314.0,
2025-01-09 07:36:30,303.95,22.0,316.0,12.0,301.1,97.0,323.0,62.0,309.98,12.050000000000011,119.0,74.0,2.5317089090191858,193,45.0,-50.0,0.23,314.0,
2025-01-09 07:36:31,305.14,21.0,316.0,9.0,304.2,15.0,323.0,63.0,310.57,10.860000000000014,36.0,72.0,2.136429263984133,108,-36.0,-85.0,-0.33,314.0,
2025-01-09 07:36:32,307.91,33.0,321.98,41.0,306.0,11.0,323.32,62.0,314.94,14.069999999999991,44.0,103.0,2.4575556962168017,147,-59.0,39.0,-0.4,316.0,1.0
2025-01-09 07:36:33,308.17,36.0,323.0,84.0,306.0,12.0,324.0,48.0,315.58,14.829999999999984,48.0,132.0,3.014319160275882,180,-84.0,33.0,-0.47,316.0,
2025-01-09 07:36:34,309.0,36.0,320.97,63.0,306.0,12.0,322.59,56.0,314.98,11.970000000000027,48.0,119.0,2.6993147278531997,167,-71.0,-13.0,-0.43,316.0,
2025-01-09 07:36:35,310.12,16.0,313.0,26.0,309.0,28.0,314.63,38.0,311.56,2.8799999999999955,44.0,64.0,2.287767470702592,108,-20.0,-59.0,-0.19,311.0,2.0
2025-01-09 07:36:36,311.73,15.0,314.0,17.0,310.73,15.0,317.0,60.0,312.87,2.269999999999982,30.0,77.0,1.7007292553503184,107,-47.0,-1.0,-0.44,314.0,2.0
2025-01-09 07:36:37,312.73,15.0,315.59,29.0,302.44,64.0,317.15,54.0,314.16,2.859999999999957,79.0,83.0,1.6254537827956246,162,-4.0,55.0,-0.02,314.0,1.0
2025-01-09 07:36:42,316.41,87.0,318.39,59.0,302.41,29.0,319.78,49.0,317.4,1.9799999999999611,116.0,108.0,4.012651243256586,224,8.0,143.0,0.04,315.33,6.0
2025-01-09 07:36:43,318.15,75.0,321.62,65.0,314.71,136.0,322.41,27.0,319.88,3.4700000000000277,211.0,92.0,5.650053097096148,303,119.0,79.0,0.39,318.67,3.0
2025-01-09 07:36:44,318.0,160.0,321.97,62.0,312.26,38.0,322.79,19.0,319.98,3.9700000000000273,198.0,81.0,5.928657520889792,279,117.0,-24.0,0.42,318.67,
2025-01-09 07:36:45,318.04,111.0,320.15,26.0,317.39,36.0,323.85,52.0,319.09,2.109999999999957,147.0,78.0,5.003760585799511,225,69.0,-54.0,0.31,318.0,3.0
2025-01-09 07:36:46,318.1,100.0,320.0,22.0,313.92,98.0,325.0,44.0,319.05,1.8999999999999773,198.0,66.0,1.0336101779674844,264,132.0,39.0,0.5,318.4,5.0
2025-01-09 07:36:47,318.21,95.0,323.69,32.0,314.5,100.0,326.36,22.0,320.95,5.480000000000018,195.0,54.0,0.779005776613415,249,141.0,-15.0,0.57,319.0,2.0
2025-01-09 07:36:48,319.29,28.0,325.0,28.0,318.0,105.0,333.43,7.0,322.14,5.70999999999998,133.0,35.0,1.3153212535333385,168,98.0,-81.0,0.58,319.0,
2025-01-09 07:36:49,320.92,48.0,328.75,40.0,318.0,180.0,338.71,17.0,324.83,7.829999999999984,228.0,57.0,2.40815697162693,285,171.0,117.0,0.6,319.0,
2025-01-09 07:36:50,322.0,37.0,328.0,50.0,318.0,150.0,333.03,31.0,325.0,6.0,187.0,81.0,2.5523185537847755,268,106.0,-17.0,0.4,322.0,1.0
2025-01-09 07:36:51,322.0,10.0,328.0,40.0,318.0,120.0,332.0,8.0,325.0,6.0,130.0,48.0,1.909562777180328,178,82.0,-90.0,0.46,322.0,2.0
2025-01-09 07:36:52,322.54,13.0,328.0,65.0,318.0,195.0,332.0,13.0,325.27,5.45999999999998,208.0,78.0,1.2997961378584089,286,130.0,108.0,0.45,322.0,
2025-01-09 07:36:53,323.46,13.0,328.0,65.0,318.0,195.0,332.0,13.0,325.73,4.5400000000000205,208.0,78.0,0.3524627639777561,286,130.0,0.0,0.45,322.0,
2025-01-09 07:36:54,324.0,13.0,328.0,65.0,318.0,195.0,332.0,13.0,326.0,4.0,208.0,78.0,0.4488318170435057,286,130.0,0.0,0.45,322.0,
2025-01-09 07:36:55,324.99,146.0,327.64,70.0,320.22,68.0,329.41,37.0,326.32,2.6499999999999773,214.0,107.0,0.5347242279813753,321,107.0,35.0,0.33,326.0,1.0
2025-01-09 07:36:56,325.0,156.0,327.94,51.0,319.58,124.0,329.84,57.0,326.47,2.9399999999999977,280.0,108.0,0.4796561268137451,388,172.0,67.0,0.44,326.0,
2025-01-09 07:36:57,325.0,155.0,326.75,48.0,322.0,84.0,329.0,60.0,325.88,1.75,239.0,108.0,0.3076524012417656,347,131.0,-41.0,0.38,325.0,1.0
2025-01-09 07:36:58,323.95,111.0,328.81,64.0,322.4,149.0,334.49,41.0,326.38,4.860000000000014,260.0,105.0,0.255734237030726,365,155.0,18.0,0.42,326.0,4.0
2025-01-09 07:36:59,325.26,95.0,334.4,50.0,323.62,168.0,335.96,78.0,329.83,9.139999999999986,263.0,128.0,1.6115303285972629,391,135.0,26.0,0.35,326.0,1.0
2025-01-09 07:37:00,328.0,26.0,335.0,39.0,326.0,188.0,336.0,65.0,331.5,7.0,214.0,104.0,2.5028923268865637,318,110.0,-73.0,0.35,326.0,
2025-01-09 07:37:01,328.0,20.0,333.5,30.0,326.0,200.0,335.29,34.0,330.75,5.5,220.0,64.0,2.57454267783362,284,156.0,-34.0,0.55,326.0,
2025-01-09 07:37:02,328.0,18.0,332.22,27.0,326.0,180.0,336.0,45.0,330.11,4.220000000000027,198.0,72.0,1.9716059443980527,270,126.0,-14.0,0.47,326.0,
2025-01-09 07:37:03,326.52,46.0,332.0,24.0,325.58,134.0,336.0,40.0,329.26,5.480000000000018,180.0,64.0,0.8632207133665635,244,116.0,-26.0,0.48,326.8,5.0
2025-01-09 07:37:04,326.0,221.0,332.0,39.0,322.0,91.0,342.62,53.0,329.0,6.0,312.0,92.0,1.0362576899522984,404,220.0,160.0,0.54,326.8,
2025-01-09 07:37:05,326.0,238.0,329.93,42.0,322.0,98.0,331.7,44.0,327.96,3.930000000000007,336.0,86.0,1.069873824329825,422,250.0,18.0,0.59,326.8,
2025-01-09 07:37:06,326.0,241.0,328.73,33.0,322.0,77.0,329.82,33.0,327.36,2.730000000000018,318.0,66.0,1.0871614415471471,384,252.0,-38.0,0.66,326.8,
2025-01-09 07:37:07,326.0,223.0,327.0,28.0,322.0,77.0,337.16,49.0,326.5,1.0,300.0,77.0,1.1453733015867145,377,223.0,-7.0,0.59,326.25,4.0
2025-01-09 07:37:08,326.02,207.0,340.2,60.0,322.8,82.0,345.38,55.0,333.11,14.180000000000009,289.0,115.0,2.5828433943983,404,174.0,27.0,0.43,326.15,13.0
2025-01-09 07:37:09,327.0,13.0,347.0,24.0,326.0,56.0,350.0,40.0,337.0,20.0,69.0,64.0,4.508556309949476,133,5.0,-186.5,0.04,327.0,1.0
2025-01-09 07:37:10,327.0,10.0,347.0,30.0,326.0,70.0,350.0,50.0,337.0,20.0,80.0,80.0,5.070096646020008,160,0.0,27.0,0.0,327.0,
2025-01-09 07:37:11,327.0,10.0,341.38,48.0,326.0,70.0,347.47,32.0,334.19,14.379999999999995,80.0,80.0,4.304364064525909,160,0.0,0.0,0.0,327.0,
2025-01-09 07:37:12,327.0,9.0,341.0,45.0,326.0,63.0,347.0,27.0,334.0,14.0,72.0,72.0,1.8172919413183175,144,0.0,-16.0,0.0,327.0,
2025-01-09 07:37:13,326.25,28.0,341.0,50.0,324.8,70.0,347.8,30.0,333.62,14.75,98.0,80.0,1.6903609082028608,178,18.0,34.0,0.1,327.0,1.0
2025-01-09 07:37:14,326.0,42.0,341.0,30.0,322.0,42.0,348.0,18.0,333.5,15.0,84.0,48.0,1.445966804591663,132,36.0,-46.0,0.27,327.0,
2025-01-09 07:37:15,326.0,76.0,341.0,55.0,321.27,77.0,348.0,33.0,333.5,15.0,153.0,88.0,0.3151507575456913,241,65.0,109.0,0.27,327.0,
2025-01-09 07:37:16,326.0,74.0,340.14,70.0,320.58,69.0,342.67,45.0,333.07,14.139999999999986,143.0,115.0,0.3324454842253363,258,28.0,17.0,0.11,327.0,
2025-01-09 07:37:17,326.0,56.0,339.62,64.0,322.0,40.0,341.12,33.0,332.81,13.620000000000005,96.0,97.0,0.3447462834927071,193,-1.0,-65.0,-0.01,327.0,
2025-01-09 07:37:18,326.0,111.0,335.78,68.0,322.0,80.0,337.52,42.0,330.89,9.779999999999973,191.0,110.0,1.0828804181360585,301,81.0,108.0,0.27,326.0,1.0
2025-01-09 07:37:19,326.0,60.0,329.6,47.0,322.0,50.0,330.55,40.0,327.8,3.6000000000000227,110.0,87.0,2.3546825688367305,197,23.0,-104.0,0.12,326.0,
2025-01-09 07:37:20,326.0,35.0,327.6,50.0,322.0,55.0,330.81,37.0,326.8,1.6000000000000227,90.0,87.0,2.8643376197621744,177,3.0,-20.0,0.02,326.0,5.0
2025-01-09 07:37:21,326.0,10.0,327.3,50.0,322.0,50.0,340.0,20.0,326.65,1.3000000000000114,60.0,70.0,2.733596532040925,130,-10.0,-47.0,-0.08,326.0,
2025-01-09 07:37:22,322.92,39.0,333.03,73.0,321.03,87.0,343.17,63.0,327.98,10.109999999999957,126.0,136.0,1.7067600885851455,262,-10.0,132.0,-0.04,326.0,1.0
2025-01-09 07:37:23,322.0,45.0,338.44,36.0,319.92,61.0,341.7,57.0,330.22,16.439999999999998,106.0,93.0,1.4292305622212935,199,13.0,-63.0,0.07,326.0,
2025-01-09 07:37:24,322.0,10.0,335.6,40.0,319.0,50.0,337.3,46.0,328.8,13.600000000000025,60.0,86.0,1.4824641648239547,146,-26.0,-53.0,-0.18,322.0,4.0
2025-01-09 07:37:25,322.0,14.0,334.21,56.0,319.0,70.0,336.0,64.0,328.11,12.20999999999998,84.0,120.0,1.3022941295985755,204,-36.0,58.0,-0.18,322.0,
2025-01-09 07:37:26,322.0,10.0,333.57,28.0,319.88,82.0,335.39,57.0,327.79,11.569999999999991,92.0,85.0,0.9928494347012724,177,7.0,-27.0,0.04,322.0,
2025-01-09 07:37:27,322.0,10.0,331.73,22.0,320.0,90.0,332.14,28.0,326.86,9.730000000000018,100.0,50.0,1.2540454537164425,150,50.0,-27.0,0.33,322.0,
2025-01-09 07:37:28,322.0,10.0,329.39,28.0,320.0,90.0,332.41,17.0,325.7,7.389999999999986,100.0,45.0,1.2025265069793143,145,55.0,-5.0,0.38,322.0,
2025-01-09 07:37:29,321.62,190.0,328.86,42.0,319.88,102.0,331.0,62.0,325.24,7.240000000000009,292.0,104.0,1.2575173955014198,396,188.0,185.5,0.47,322.0,
2025-01-09 07:37:30,323.33,132.0,326.08,36.0,321.86,256.0,327.11,44.0,324.7,2.75,388.0,80.0,1.253443257586676,468,308.0,72.0,0.66,322.0,
2025-01-09 07:37:31,324.0,68.0,325.5,16.0,322.0,170.0,326.32,38.0,324.75,1.5,238.0,54.0,0.887017474455966,292,184.0,-176.0,0.63,324.0,1.0
2025-01-09 07:37:32,325.0,32.0,326.98,43.0,322.0,238.0,337.46,74.0,325.99,1.9800000000000184,270.0,117.0,0.5699385931751335,387,153.0,95.0,0.4,325.0,4.0
2025-01-09 07:37:33,325.0,20.0,327.0,30.0,322.0,170.0,340.0,90.0,326.0,2.0,190.0,120.0,0.6375186271712968,310,70.0,-77.0,0.23,325.0,
2025-01-09 07:37:34,323.3,88.0,337.55,92.0,321.97,292.0,340.07,96.0,330.42,14.25,380.0,188.0,2.350376565571796,568,192.0,185.5,0.34,324.29,7.0
2025-01-09 07:37:35,322.04,260.0,335.72,36.0,320.96,130.0,339.17,106.0,328.88,13.680000000000009,390.0,142.0,2.35037656557156,532,248.0,-36.0,0.47,324.0,1.0
2025-01-09 07:37:36,323.0,80.0,329.05,22.0,322.0,272.0,332.2,70.0,326.02,6.050000000000011,352.0,92.0,2.0702705137222144,444,260.0,-88.0,0.59,324.0,
2025-01-09 07:37:37,323.23,26.0,327.0,10.0,322.31,98.0,337.0,50.0,325.12,3.769999999999982,124.0,60.0,2.2533796839387508,184,64.0,-186.5,0.35,324.0,
2025-01-09 07:37:38,324.77,22.0,326.64,14.0,322.08,182.0,337.0,70.0,325.71,1.8700000000000043,204.0,84.0,2.298107917393781,288,120.0,104.0,0.42,325.0,5.0
2025-01-09 07:37:39,322.0,302.0,323.54,52.0,319.0,54.0,330.09,44.0,322.77,1.5400000000000205,356.0,96.0,2.187247128239073,452,260.0,164.0,0.58,322.5,6.0
2025-01-09 07:37:40,322.0,192.0,324.75,32.0,319.0,48.0,336.46,74.0,323.38,2.75,240.0,106.0,1.4453546277615206,346,134.0,-106.0,0.39,322.5,
2025-01-09 07:37:41,322.0,210.0,323.5,36.0,319.0,54.0,337.06,54.0,322.75,1.5,264.0,90.0,1.3805542365269934,354,174.0,8.0,0.49,322.0,2.0
2025-01-09 07:37:42,322.0,110.0,335.92,52.0,318.5,60.0,337.82,44.0,328.96,13.920000000000016,170.0,96.0,2.6662951824566417,266,74.0,-88.0,0.28,322.4,5.0
2025-01-09 07:37:43,322.0,70.0,336.17,48.0,318.0,120.0,337.16,38.0,329.08,14.170000000000016,190.0,86.0,3.3254728987003546,276,104.0,10.0,0.38,322.4,
2025-01-09 07:37:44,322.0,84.0,335.67,60.0,318.36,66.0,337.89,37.0,328.83,13.670000000000016,150.0,97.0,3.2358847321851294,247,53.0,-29.0,0.21,322.4,
2025-01-09 07:37:45,322.11,55.0,334.23,65.0,321.0,63.0,338.0,39.0,328.17,12.120000000000005,118.0,104.0,2.710695482710584,222,14.0,-25.0,0.06,322.4,
2025-01-09 07:37:46,323.0,14.0,333.5,70.0,322.0,98.0,337.16,43.0,328.25,10.5,112.0,113.0,0.419368572959619,225,-1.0,3.0,-0.0,322.4,
2025-01-09 07:37:47,324.15,13.0,333.0,73.0,322.0,91.0,335.0,52.0,328.58,8.850000000000023,104.0,125.0,0.3838880044834452,229,-21.0,4.0,-0.09,322.4,
2025-01-09 07:37:48,322.53,78.0,332.28,90.0,321.11,84.0,335.0,72.0,327.4,9.75,162.0,162.0,0.5417840898242988,324,0.0,95.0,0.0,323.33,3.0
2025-01-09 07:37:49,325.05,55.0,332.0,145.0,323.05,83.0,336.72,67.0,328.53,6.949999999999989,138.0,212.0,0.4732124258584378,350,-74.0,26.0,-0.21,323.33,
2025-01-09 07:37:50,327.0,75.0,331.4,91.0,326.0,45.0,333.2,60.0,329.2,4.399999999999977,120.0,151.0,0.654117726396814,271,-31.0,-79.0,-0.11,323.33,
2025-01-09 07:37:51,326.45,44.0,330.58,60.0,322.92,52.0,332.0,48.0,328.52,4.129999999999996,96.0,108.0,0.6505997233218452,204,-12.0,-67.0,-0.06,327.0,5.0
2025-01-09 07:37:52,326.0,11.0,330.0,45.0,322.0,45.0,333.0,40.0,328.0,4.0,56.0,85.0,0.672086303971911,141,-29.0,-63.0,-0.21,326.0,2.0
2025-01-09 07:37:53,326.0,9.0,329.89,45.0,319.52,29.0,337.0,72.0,327.94,3.8899999999999855,38.0,117.0,0.5088418221672283,155,-79.0,14.0,-0.51,326.0,
2025-01-09 07:37:54,326.0,14.0,329.0,70.0,320.41,34.0,337.25,96.0,327.5,3.0,48.0,166.0,0.6509377850353678,214,-118.0,59.0,-0.55,326.0,
2025-01-09 07:37:55,326.0,18.0,327.75,80.0,322.0,36.0,329.68,82.0,326.88,1.75,54.0,162.0,0.6142637869737992,216,-108.0,2.0,-0.5,326.0,
2025-01-09 07:37:56,326.0,91.0,327.0,75.0,322.0,30.0,332.04,46.0,326.5,1.0,121.0,121.0,0.658695680863283,242,0.0,26.0,0.0,326.0,7.0
2025-01-09 07:37:57,325.2,40.0,329.19,53.0,320.71,28.0,337.67,36.0,327.19,3.990000000000009,68.0,89.0,0.5545448584092741,157,-21.0,-85.0,-0.13,326.0,4.0
2025-01-09 07:37:58,322.0,30.0,335.0,15.0,319.0,45.0,336.0,60.0,328.5,13.0,75.0,75.0,0.7595261680732506,150,0.0,-7.0,0.0,326.0,
2025-01-09 07:37:59,318.0,14.0,332.55,31.0,314.46,84.0,334.24,34.0,325.27,14.550000000000011,98.0,65.0,1.1679340734770112,163,33.0,13.0,0.2,319.38,8.0
2025-01-09 07:38:00,315.0,14.0,330.69,29.0,313.0,168.0,331.12,41.0,322.84,15.689999999999998,182.0,70.0,2.1457283145798494,252,112.0,89.0,0.44,319.38,
2025-01-09 07:38:01,315.0,15.0,329.6,15.0,313.0,180.0,331.81,42.0,322.3,14.600000000000025,195.0,57.0,2.684799806315304,252,138.0,0.0,0.55,319.38,
2025-01-09 07:38:02,315.0,14.0,327.31,16.0,313.0,168.0,328.08,38.0,321.16,12.310000000000002,182.0,54.0,2.922461291444606,236,128.0,-16.0,0.54,319.38,
2025-01-09 07:38:03,315.55,29.0,324.71,31.0,313.05,160.0,327.11,37.0,320.13,9.159999999999968,189.0,68.0,1.9437721059821,257,121.0,21.0,0.47,319.38,
2025-01-09 07:38:04,317.18,68.0,321.4,45.0,315.0,17.0,323.39,23.0,319.29,4.21999999999997,85.0,68.0,1.4729663947271872,153,17.0,-104.0,0.11,319.38,
2025-01-09 07:38:05,318.6,45.0,324.0,25.0,316.48,23.0,330.77,57.0,321.3,5.399999999999977,68.0,82.0,1.1567324669066883,150,-14.0,-3.0,-0.09,318.75,4.0
2025-01-09 07:38:06,320.9,61.0,326.06,18.0,320.67,18.0,329.67,36.0,323.48,5.160000000000025,79.0,54.0,1.574887297553621,133,25.0,-17.0,0.19,321.83,6.0
2025-01-09 07:38:07,318.73,74.0,325.58,19.0,317.94,132.0,331.58,48.0,322.15,6.849999999999966,206.0,67.0,1.6491967741890254,273,139.0,140.0,0.51,319.0,5.0
2025-01-09 07:38:08,319.0,45.0,323.03,29.0,318.0,150.0,324.12,16.0,321.02,4.029999999999973,195.0,45.0,1.539795440958073,240,150.0,-33.0,0.62,319.0,
2025-01-09 07:38:09,319.0,39.0,323.0,26.0,318.0,130.0,324.0,13.0,321.0,4.0,169.0,39.0,1.0538975282231542,208,130.0,-32.0,0.62,319.0,
2025-01-09 07:38:10,319.0,21.0,323.0,14.0,318.0,70.0,324.0,7.0,321.0,4.0,91.0,21.0,1.096448813212434,112,70.0,-96.0,0.62,319.0,
2025-01-09 07:38:11,319.0,35.0,321.18,17.0,318.0,130.0,325.79,24.0,320.09,2.180000000000007,165.0,41.0,0.7310061559219847,206,124.0,94.0,0.6,319.0,2.0
2025-01-09 07:38:12,318.03,103.0,332.06,33.0,315.95,40.0,339.14,29.0,325.04,14.03000000000003,143.0,62.0,1.9471517660406323,205,81.0,-1.0,0.4,319.0,1.0
2025-01-09 07:38:13,318.0,132.0,331.12,32.0,310.0,14.0,336.11,38.0,324.56,13.120000000000005,146.0,70.0,2.284298579431818,216,76.0,11.0,0.35,318.0,4.0
2025-01-09 07:38:14,319.0,14.0,325.0,40.0,318.0,84.0,333.95,38.0,322.0,6.0,98.0,78.0,2.1792246327521987,176,20.0,-40.0,0.11,318.0,
2025-01-09 07:38:15,319.0,15.0,329.73,56.0,318.0,90.0,335.7,54.0,324.37,10.730000000000018,105.0,110.0,2.104488061261695,215,-5.0,39.0,-0.02,318.0,
2025-01-09 07:38:16,319.36,11.0,327.0,87.0,318.0,66.0,335.0,36.0,323.18,7.639999999999986,77.0,123.0,1.23085336250591,200,-46.0,-15.0,-0.23,318.0,
2025-01-09 07:38:17,320.8,15.0,326.88,123.0,318.0,90.0,332.86,63.0,323.84,6.079999999999984,105.0,186.0,1.037786105125919,291,-81.0,91.0,-0.28,318.0,
2025-01-09 07:38:18,319.9,29.0,324.79,70.0,317.52,69.0,327.0,101.0,322.34,4.890000000000043,98.0,171.0,0.992965256186248,269,-73.0,-22.0,-0.27,323.0,1.0
2025-01-09 07:38:19,318.0,70.0,323.33,60.0,307.5,12.0,327.83,48.0,320.67,5.329999999999984,82.0,108.0,1.4497758447406222,190,-26.0,-79.0,-0.14,318.0,4.0
2025-01-09 07:38:20,318.25,32.0,322.4,50.0,315.27,22.0,332.0,40.0,320.32,4.149999999999977,54.0,90.0,1.5378881623819562,144,-36.0,-46.0,-0.25,318.0,
2025-01-09 07:38:21,319.05,20.0,321.21,70.0,317.77,44.0,332.0,56.0,320.13,2.159999999999968,64.0,126.0,1.591493009722443,190,-62.0,46.0,-0.33,319.33,3.0
2025-01-09 07:38:22,317.48,23.0,321.62,65.0,315.4,25.0,331.87,78.0,319.55,4.139999999999986,48.0,143.0,1.0528865086022354,191,-95.0,1.0,-0.5,318.25,4.0
2025-01-09 07:38:23,309.0,12.0,329.12,51.0,308.0,12.0,331.64,42.0,319.06,20.120000000000005,24.0,93.0,0.6402577605914139,117,-69.0,-74.0,-0.59,318.25,
2025-01-09 07:38:24,309.0,9.0,314.0,18.0,308.0,9.0,323.67,30.0,311.5,5.0,18.0,48.0,3.729365897843758,66,-30.0,-51.0,-0.45,318.25,
2025-01-09 07:38:25,308.07,14.0,312.35,31.0,306.14,14.0,314.36,28.0,310.21,4.28000000000003,28.0,59.0,4.815511395480526,87,-31.0,21.0,-0.36,318.25,
2025-01-09 07:38:26,308.0,12.0,310.42,36.0,306.0,12.0,312.0,24.0,309.21,2.420000000000016,24.0,60.0,4.998002601040317,84,-36.0,-3.0,-0.43,318.25,
2025-01-09 07:38:27,309.0,16.0,310.0,48.0,306.2,20.0,311.06,32.0,309.5,1.0,36.0,80.0,4.101149838765746,116,-44.0,32.0,-0.38,318.25,
2025-01-09 07:38:28,306.75,8.0,310.0,18.0,304.12,8.0,311.0,16.0,308.38,3.25,16.0,34.0,1.1730941991208854,50,-18.0,-66.0,-0.36,310.0,1.0
2025-01-09 07:38:29,306.38,16.0,310.0,32.0,302.56,32.0,311.0,32.0,308.19,3.620000000000005,48.0,64.0,0.8292587051167357,112,-16.0,62.0,-0.14,310.0,
2025-01-09 07:38:30,309.0,3.0,310.67,6.0,306.0,3.0,313.67,6.0,309.83,1.670000000000016,6.0,12.0,0.7108234661376714,18,-6.0,-94.0,-0.33,310.0,
2025-01-09 07:38:31,309.75,12.0,311.0,24.0,308.25,12.0,315.0,24.0,310.38,1.25,24.0,48.0,0.9428838740861256,72,-24.0,54.0,-0.33,310.0,
2025-01-09 07:38:32,306.0,20.0,310.55,40.0,302.75,20.0,313.8,40.0,308.27,4.550000000000011,40.0,80.0,1.0205635698044513,120,-40.0,48.0,-0.33,310.0,1.0
2025-01-09 07:38:34,306.24,102.0,310.0,16.0,305.56,41.0,311.0,26.0,308.12,3.759999999999991,143.0,42.0,1.14767155580862,185,101.0,92.0,0.55,310.0,1.0
2025-01-09 07:38:35,307.1,60.0,310.0,10.0,306.0,80.0,311.0,20.0,308.55,2.8999999999999773,140.0,30.0,1.0182484961995049,170,110.0,-15.0,0.65,310.0,
2025-01-09 07:38:36,308.0,60.0,315.25,24.0,306.0,80.0,315.85,13.0,311.62,7.25,140.0,37.0,1.5598301189591788,177,103.0,7.0,0.58,312.4,5.0
2025-01-09 07:38:37,313.39,101.0,320.83,30.0,306.76,118.0,323.65,34.0,317.11,7.439999999999998,219.0,64.0,3.924455376228624,283,155.0,106.0,0.55,317.0,4.0
2025-01-09 07:38:38,322.78,100.0,324.83,59.0,317.05,63.0,326.38,50.0,323.81,2.050000000000012,163.0,109.0,6.628059293639829,272,54.0,-11.0,0.2,322.0,4.0
2025-01-09 07:38:39,323.31,48.0,326.0,45.0,322.0,27.0,357.16,37.0,324.66,2.6899999999999977,75.0,82.0,7.164115437372617,157,-7.0,-115.0,-0.04,323.0,1.0
2025-01-09 07:38:40,324.0,45.0,325.5,28.0,322.0,27.0,341.24,37.0,324.75,1.5,72.0,65.0,5.844018309348099,137,7.0,-20.0,0.05,323.0,
2025-01-09 07:38:41,324.0,55.0,325.0,22.0,322.0,33.0,328.73,22.0,324.5,1.0,88.0,44.0,3.294333012916554,132,44.0,-5.0,0.33,323.0,
2025-01-09 07:38:42,322.38,26.0,328.5,16.0,319.2,10.0,329.95,44.0,325.44,6.1200000000000045,36.0,60.0,0.5832409450555142,96,-24.0,-36.0,-0.25,325.0,2.0
2025-01-09 07:38:43,323.24,72.0,327.11,76.0,321.69,39.0,329.74,38.0,325.17,3.870000000000005,111.0,114.0,0.3887544211823563,225,-3.0,129.0,-0.01,323.83,6.0
2025-01-09 07:38:44,324.0,54.0,326.28,72.0,322.45,44.0,332.28,58.0,325.14,2.2799999999999727,98.0,130.0,0.3723573552230202,228,-32.0,3.0,-0.14,323.83,
2025-01-09 07:38:45,324.22,23.0,326.73,44.0,322.91,33.0,333.76,42.0,325.47,2.509999999999991,56.0,86.0,0.3902947603907331,142,-30.0,-86.0,-0.21,325.0,1.0
2025-01-09 07:38:46,323.78,27.0,333.06,35.0,321.56,27.0,334.1,40.0,328.42,9.28000000000003,54.0,75.0,1.401203054516811,129,-21.0,-13.0,-0.16,323.2,5.0
2025-01-09 07:38:47,319.26,19.0,331.0,65.0,313.48,23.0,333.54,78.0,325.13,11.740000000000007,42.0,143.0,1.4346532682105926,185,-101.0,56.0,-0.55,320.0,2.0
2025-01-09 07:38:48,309.0,14.0,326.55,49.0,305.0,28.0,328.53,30.0,317.78,17.55000000000001,42.0,79.0,3.94364932517962,121,-37.0,-64.0,-0.31,320.0,
2025-01-09 07:38:53,308.03,29.0,312.64,22.0,304.0,10.0,314.76,21.0,310.34,4.610000000000014,39.0,43.0,1.2104875051040709,82,-4.0,-9.0,-0.05,309.5,4.0
2025-01-09 07:38:54,310.85,20.0,315.0,56.0,306.6,25.0,316.0,14.0,312.93,4.149999999999977,45.0,70.0,2.291512600884358,115,-25.0,33.0,-0.22,309.5,
2025-01-09 07:38:55,313.0,12.0,315.0,48.0,312.0,36.0,316.0,12.0,314.0,2.0,48.0,60.0,2.5392577655704467,108,-12.0,-7.0,-0.11,309.5,
2025-01-09 07:38:56,312.75,16.0,315.0,37.0,310.67,27.0,316.0,10.0,313.88,2.25,43.0,47.0,2.417664161956397,90,-4.0,-18.0,-0.04,315.0,1.0
2025-01-09 07:38:57,312.0,24.0,315.64,25.0,306.0,16.0,317.8,10.0,313.82,3.6399999999999855,40.0,35.0,1.5433016555446757,75,5.0,-15.0,0.07,315.25,4.0
2025-01-09 07:38:58,314.69,39.0,319.0,53.0,307.77,31.0,322.0,45.0,316.85,4.310000000000002,70.0,98.0,1.4896408963253909,168,-28.0,93.0,-0.17,319.0,1.0
2025-01-09 07:38:59,317.6,15.0,321.0,27.0,302.78,27.0,323.14,21.0,319.3,3.3999999999999773,42.0,48.0,2.446160256402536,90,-6.0,-78.0,-0.07,319.0,3.0
2025-01-09 07:39:00,317.8,20.0,321.3,50.0,308.5,16.0,323.14,28.0,319.55,3.5,36.0,78.0,2.7906002938439163,114,-42.0,24.0,-0.37,319.0,
2025-01-09 07:39:01,318.0,20.0,321.0,50.0,317.0,10.0,325.2,30.0,319.5,3.0,30.0,80.0,2.497264503411703,110,-50.0,-4.0,-0.45,319.0,
2025-01-09 07:39:02,317.72,25.0,322.7,82.0,307.26,23.0,341.88,57.0,320.21,4.979999999999961,48.0,139.0,1.2937812798143846,187,-91.0,77.0,-0.49,318.0,2.0
2025-01-09 07:39:03,321.93,73.0,324.0,39.0,316.74,124.0,326.0,52.0,322.97,2.069999999999993,197.0,91.0,1.5280150522806772,288,106.0,101.0,0.37,318.0,
2025-01-09 07:39:04,319.42,93.0,323.38,39.0,316.5,112.0,326.0,52.0,321.4,3.95999999999998,205.0,91.0,1.4698741442707588,296,114.0,8.0,0.39,322.0,6.0
2025-01-09 07:39:05,317.0,132.0,321.81,31.0,303.0,11.0,324.68,25.0,319.4,4.810000000000002,143.0,56.0,1.5010762805386586,199,87.0,-97.0,0.44,322.0,
2025-01-09 07:39:06,317.0,77.0,320.52,23.0,303.0,11.0,321.19,21.0,318.76,3.519999999999982,88.0,44.0,1.674894026497196,132,44.0,-67.0,0.33,317.0,5.0
2025-01-09 07:39:07,317.0,82.0,318.65,23.0,303.0,13.0,323.28,32.0,317.83,1.6499999999999773,95.0,55.0,2.0833554665483023,150,40.0,18.0,0.27,317.0,3.0
2025-01-09 07:39:08,309.59,17.0,316.82,11.0,302.05,38.0,326.35,23.0,313.2,7.230000000000018,55.0,34.0,3.045360405600533,89,21.0,-61.0,0.24,317.0,4.0
2025-01-09 07:39:09,303.0,16.0,315.25,16.0,302.0,64.0,316.5,16.0,309.12,12.25,80.0,32.0,4.391175241322404,112,48.0,23.0,0.43,317.0,
2025-01-09 07:39:10,303.0,9.0,314.0,9.0,302.0,36.0,315.56,9.0,308.5,11.0,45.0,18.0,4.761545967435989,63,27.0,-49.0,0.43,317.0,
2025-01-09 07:39:11,303.0,7.0,312.0,7.0,302.0,28.0,314.0,7.0,307.5,9.0,35.0,14.0,4.279567735181804,49,21.0,-14.0,0.43,317.0,
2025-01-09 07:39:12,303.0,8.0,311.12,8.0,302.0,32.0,312.25,8.0,307.06,8.120000000000005,40.0,16.0,2.443824870978342,56,24.0,7.0,0.43,317.0,
2025-01-09 07:39:13,304.18,78.0,310.0,12.0,303.59,54.0,312.0,12.0,307.09,5.819999999999993,132.0,24.0,0.9164496712936152,156,108.0,100.0,0.69,317.0,
2025-01-09 07:39:14,308.33,164.0,315.45,66.0,306.67,96.0,316.29,42.0,311.89,7.1200000000000045,260.0,108.0,2.0317160234671894,368,152.0,185.5,0.41,311.0,2.0
2025-01-09 07:39:15,311.76,98.0,316.78,23.0,308.77,138.0,318.86,43.0,314.27,5.019999999999982,236.0,66.0,3.324435290393182,302,170.0,-66.0,0.56,315.5,2.0
2025-01-09 07:39:16,311.69,166.0,319.0,27.0,307.84,88.0,321.04,56.0,315.34,7.310000000000002,254.0,83.0,3.9066545790496106,337,171.0,35.0,0.51,315.5,
2025-01-09 07:39:17,313.46,148.0,317.0,16.0,308.51,90.0,320.5,48.0,315.23,3.5400000000000205,238.0,64.0,3.462048526523997,302,174.0,-35.0,0.58,315.5,
2025-01-09 07:39:18,315.92,78.0,318.96,23.0,314.88,66.0,320.91,44.0,317.44,3.039999999999964,144.0,67.0,2.011797703548712,211,77.0,-91.0,0.36,315.4,5.0
2025-01-09 07:39:19,317.27,75.0,320.0,30.0,316.73,75.0,322.0,40.0,318.63,2.730000000000018,150.0,70.0,1.792085377430964,220,80.0,9.0,0.36,315.4,
2025-01-09 07:39:20,319.0,51.0,321.51,37.0,317.22,98.0,324.69,26.0,320.26,2.509999999999991,149.0,63.0,2.158969661667348,212,86.0,-8.0,0.41,320.0,3.0
2025-01-09 07:39:21,319.66,70.0,322.5,40.0,317.71,115.0,362.69,32.0,321.08,2.839999999999975,185.0,72.0,2.322901203236625,257,113.0,45.0,0.44,322.0,4.0
2025-01-09 07:39:22,317.38,48.0,322.71,14.0,316.1,58.0,345.5,28.0,320.04,5.329999999999984,106.0,42.0,1.446167348544643,148,64.0,-109.0,0.43,317.0,5.0
2025-01-09 07:39:23,320.22,45.0,322.0,13.0,317.42,38.0,328.26,46.0,321.11,1.7799999999999727,83.0,59.0,1.011647171693515,142,24.0,-6.0,0.17,317.0,
2025-01-09 07:39:24,323.53,68.0,327.83,70.0,320.64,84.0,329.62,42.0,325.68,4.300000000000011,152.0,112.0,2.3119429058680083,264,40.0,122.0,0.15,322.0,1.0
2025-01-09 07:39:25,326.15,40.0,327.81,52.0,324.0,90.0,330.33,51.0,326.98,1.660000000000025,130.0,103.0,3.124119075834239,233,27.0,-31.0,0.12,326.0,2.0
2025-01-09 07:39:26,327.0,20.0,329.14,28.0,319.0,10.0,331.36,44.0,328.07,2.1399999999999864,30.0,72.0,3.591466274377248,102,-42.0,-131.0,-0.41,326.0,
2025-01-09 07:39:27,327.0,22.0,330.0,44.0,319.0,19.0,333.0,55.0,328.5,3.0,41.0,99.0,2.97853487473066,140,-58.0,38.0,-0.41,326.0,
2025-01-09 07:39:28,327.0,14.0,330.0,28.0,326.0,7.0,333.0,35.0,328.5,3.0,21.0,63.0,1.2141993246517584,84,-42.0,-56.0,-0.5,326.0,
2025-01-09 07:39:29,326.76,21.0,330.35,48.0,323.31,13.0,349.25,48.0,328.56,3.590000000000032,34.0,96.0,0.6679221511403617,130,-62.0,46.0,-0.48,326.0,
2025-01-09 07:39:30,327.27,124.0,329.23,57.0,325.22,18.0,331.78,54.0,328.25,1.9600000000000364,142.0,111.0,0.2086384432064552,253,31.0,123.0,0.12,327.0,4.0
2025-01-09 07:39:31,328.0,44.0,331.64,55.0,326.0,11.0,335.36,55.0,329.82,3.6399999999999855,55.0,110.0,0.6231211760028279,165,-55.0,-88.0,-0.33,328.0,2.0
2025-01-09 07:39:32,328.0,35.0,336.0,45.0,326.0,9.0,343.0,45.0,332.0,8.0,44.0,90.0,1.5629395381723032,134,-46.0,-31.0,-0.34,328.0,1.0
2025-01-09 07:39:33,328.0,15.0,336.0,45.0,326.0,14.0,343.0,45.0,332.0,8.0,29.0,90.0,1.8089444435862048,119,-61.0,-15.0,-0.51,328.0,2.0
2025-01-09 07:39:34,328.0,5.0,336.0,25.0,326.0,30.0,343.0,25.0,332.0,8.0,35.0,50.0,1.7162400764405232,85,-15.0,-34.0,-0.18,328.0,
2025-01-09 07:39:35,326.67,18.0,336.0,50.0,323.71,84.0,343.0,50.0,331.33,9.329999999999984,102.0,100.0,0.9456214887468616,202,2.0,117.0,0.01,326.5,4.0
2025-01-09 07:39:36,326.09,33.0,336.0,55.0,322.1,123.0,343.0,55.0,331.05,9.910000000000023,156.0,110.0,0.4545657267981604,266,46.0,64.0,0.17,326.5,
2025-01-09 07:39:37,327.0,24.0,336.0,40.0,326.0,24.0,343.0,40.0,331.5,9.0,48.0,80.0,0.4190823307891285,128,-32.0,-138.0,-0.25,326.5,
2025-01-09 07:39:38,327.0,34.0,336.0,60.0,326.0,36.0,343.0,60.0,331.5,9.0,70.0,120.0,0.3458757001868657,190,-50.0,62.0,-0.26,327.0,2.0
2025-01-09 07:39:39,327.0,11.0,335.74,47.0,326.0,33.0,340.45,55.0,331.37,8.740000000000009,44.0,102.0,0.1842552576723417,146,-58.0,-44.0,-0.4,327.0,
2025-01-09 07:39:40,326.62,16.0,334.75,36.0,324.22,54.0,336.75,60.0,330.69,8.129999999999995,70.0,96.0,0.3496712741705492,166,-26.0,20.0,-0.16,327.0,1.0
2025-01-09 07:39:41,322.71,102.0,334.0,39.0,320.28,127.0,337.23,65.0,328.35,11.29000000000002,229.0,104.0,1.3462800600100535,333,125.0,167.0,0.38,326.0,3.0
2025-01-09 07:39:42,322.0,156.0,333.62,39.0,318.0,117.0,340.0,71.0,327.81,11.620000000000005,273.0,110.0,1.739678131144247,383,163.0,50.0,0.43,326.0,
2025-01-09 07:39:43,322.0,96.0,332.75,24.0,319.0,48.0,340.0,64.0,327.38,10.75,144.0,88.0,1.7933209417119116,232,56.0,-151.0,0.24,326.0,
2025-01-09 07:39:44,322.0,144.0,330.25,36.0,319.0,72.0,336.92,59.0,326.12,8.25,216.0,95.0,1.6799553565448353,311,121.0,79.0,0.39,326.0,
2025-01-09 07:39:45,322.01,182.0,330.0,51.0,319.63,114.0,338.0,85.0,326.01,7.990000000000009,296.0,136.0,1.03534052368518,432,160.0,121.0,0.37,326.0,
2025-01-09 07:39:46,323.0,13.0,328.77,39.0,322.0,156.0,337.51,49.0,325.88,5.769999999999982,169.0,88.0,0.8890163103032375,257,81.0,-175.0,0.32,326.0,
2025-01-09 07:39:47,322.08,72.0,326.89,37.0,321.0,108.0,335.0,37.0,324.49,4.810000000000002,180.0,74.0,1.0259775825941893,254,106.0,-3.0,0.42,322.5,2.0
2025-01-09 07:39:48,322.0,56.0,324.08,39.0,319.0,66.0,330.14,44.0,323.04,2.079999999999984,122.0,83.0,1.3315667463505816,205,39.0,-49.0,0.19,322.0,8.0
2025-01-09 07:39:49,322.0,27.0,324.0,36.0,319.0,54.0,335.0,45.0,323.0,2.0,81.0,81.0,1.4632942287821915,162,0.0,-43.0,0.0,322.0,
2025-01-09 07:39:50,322.0,36.0,324.0,48.0,319.0,72.0,335.0,60.0,323.0,2.0,108.0,108.0,1.2870975098988635,216,0.0,54.0,0.0,322.0,
2025-01-09 07:39:51,322.0,30.0,323.5,40.0,319.13,45.0,335.0,50.0,322.75,1.5,75.0,90.0,0.6993782953370049,165,-15.0,-51.0,-0.09,322.0,
2025-01-09 07:39:52,322.0,23.0,323.0,18.0,319.0,48.0,335.5,40.0,322.5,1.0,71.0,58.0,0.2309112383339688,129,13.0,-36.0,0.1,322.67,3.0
2025-01-09 07:39:53,319.78,27.0,333.0,26.0,318.89,27.0,337.33,27.0,326.39,13.220000000000027,54.0,53.0,1.6132792690628996,107,1.0,-22.0,0.01,322.0,2.0
2025-01-09 07:39:54,319.17,54.0,334.2,50.0,318.17,72.0,336.26,54.0,326.68,15.029999999999973,126.0,104.0,2.0831778608624054,230,22.0,123.0,0.1,320.2,5.0
2025-01-09 07:39:55,319.0,32.0,331.0,24.0,318.0,40.0,334.0,40.0,325.0,12.0,72.0,64.0,1.9686619821561004,136,8.0,-94.0,0.06,320.2,
2025-01-09 07:39:56,319.0,36.0,329.11,27.0,318.0,45.0,331.0,27.0,324.06,10.110000000000014,81.0,54.0,1.721969802286458,135,27.0,-1.0,0.2,320.2,
2025-01-09 07:39:57,319.0,48.0,327.67,36.0,318.0,60.0,331.54,46.0,323.33,8.670000000000016,108.0,82.0,1.4478155959880643,190,26.0,55.0,0.14,320.2,
2025-01-09 07:39:58,322.35,62.0,326.71,42.0,319.21,33.0,333.0,70.0,324.53,4.359999999999957,95.0,112.0,1.2573583419163945,207,-17.0,17.0,-0.08,320.2,
2025-01-09 07:39:59,324.09,55.0,326.0,42.0,323.33,30.0,334.0,70.0,325.05,1.910000000000025,85.0,112.0,0.71758623174301,197,-27.0,-10.0,-0.14,325.0,2.0
2025-01-09 07:40:00,322.7,30.0,332.43,63.0,319.07,45.0,338.32,57.0,327.56,9.730000000000018,75.0,120.0,1.612863912419937,195,-45.0,-2.0,-0.23,322.88,8.0
2025-01-09 07:40:01,318.45,40.0,333.93,41.0,316.25,60.0,336.56,54.0,326.19,15.480000000000018,100.0,95.0,1.6148436456778283,195,5.0,0.0,0.03,318.0,1.0
2025-01-09 07:40:02,318.0,36.0,325.67,30.0,312.56,27.0,334.15,13.0,321.83,7.670000000000016,63.0,43.0,2.135233008359133,106,20.0,-89.0,0.19,318.0,
2025-01-09 07:40:03,318.78,72.0,321.88,51.0,316.64,44.0,328.0,33.0,320.33,3.1000000000000227,116.0,84.0,3.0234781295698654,200,32.0,94.0,0.16,318.0,
2025-01-09 07:40:04,319.0,72.0,320.08,24.0,318.0,48.0,324.5,60.0,319.54,1.079999999999984,120.0,84.0,3.584640846722084,204,36.0,4.0,0.18,319.0,3.0
2025-01-09 07:40:05,319.0,16.0,320.0,8.0,318.0,16.0,325.0,20.0,319.5,1.0,32.0,28.0,2.7979045730671603,60,4.0,-144.0,0.07,319.0,
2025-01-09 07:40:06,319.0,28.0,322.27,22.0,318.0,32.0,326.17,36.0,320.64,3.269999999999982,60.0,58.0,0.9554946362964464,118,2.0,58.0,0.02,319.0,2.0
2025-01-09 07:40:07,319.0,18.0,325.0,45.0,318.0,36.0,332.78,23.0,322.0,6.0,54.0,68.0,1.021283506178016,122,-14.0,4.0,-0.11,319.0,
2025-01-09 07:40:08,318.0,23.0,325.0,30.0,311.0,36.0,336.5,6.0,321.5,7.0,59.0,36.0,1.1290172717859737,95,23.0,-27.0,0.24,318.67,3.0
2025-01-09 07:40:09,318.0,36.0,324.54,39.0,311.0,54.0,326.43,21.0,321.27,6.5400000000000205,90.0,60.0,0.9618835688329194,150,30.0,55.0,0.2,318.67,
2025-01-09 07:40:10,318.0,36.0,323.0,27.0,311.0,54.0,325.0,54.0,320.5,5.0,90.0,81.0,0.619854821704729,171,9.0,21.0,0.05,318.67,
2025-01-09 07:40:11,318.0,48.0,321.45,58.0,311.0,72.0,324.8,60.0,319.72,3.4499999999999886,120.0,118.0,0.8960022321349177,238,2.0,67.0,0.01,318.67,
2025-01-09 07:40:12,318.52,42.0,320.75,60.0,315.97,59.0,327.95,20.0,319.64,2.230000000000018,101.0,80.0,0.8569597423398833,181,21.0,-57.0,0.12,319.0,2.0
2025-01-09 07:40:13,316.4,30.0,328.05,22.0,308.77,26.0,329.17,23.0,322.22,11.650000000000034,56.0,45.0,1.0902751946142393,101,11.0,-80.0,0.11,318.0,4.0
2025-01-09 07:40:14,310.93,80.0,323.94,51.0,308.57,56.0,328.0,30.0,317.43,13.009999999999993,136.0,81.0,1.7279525456423726,217,55.0,116.0,0.25,318.0,
2025-01-09 07:40:15,311.9,80.0,321.67,45.0,310.3,66.0,328.0,15.0,316.78,9.77000000000004,146.0,60.0,2.154349089630751,206,86.0,-11.0,0.42,318.0,
2025-01-09 07:40:16,314.0,48.0,321.0,36.0,313.0,48.0,326.0,48.0,317.5,7.0,96.0,84.0,2.2367565804068588,180,12.0,-26.0,0.07,318.0,
2025-01-09 07:40:17,316.0,60.0,321.0,45.0,314.0,60.0,325.0,15.0,318.5,5.0,120.0,60.0,2.176046874493673,180,60.0,0.0,0.33,318.0,
2025-01-09 07:40:18,317.96,46.0,321.08,49.0,316.65,68.0,325.24,21.0,319.52,3.1200000000000045,114.0,70.0,1.073443058571017,184,44.0,4.0,0.24,321.0,3.0
2025-01-09 07:40:19,320.62,52.0,325.0,18.0,319.69,64.0,326.0,90.0,322.81,4.379999999999996,116.0,108.0,2.356505887960599,224,8.0,40.0,0.04,321.0,3.0
2025-01-09 07:40:20,321.09,11.0,325.0,9.0,319.96,23.0,326.0,45.0,323.05,3.910000000000025,34.0,54.0,2.5272574067536766,88,-20.0,-136.0,-0.23,320.75,4.0
2025-01-09 07:40:21,322.33,54.0,324.13,47.0,320.6,30.0,325.77,39.0,323.23,1.8000000000000114,84.0,86.0,2.236150710482152,170,-2.0,82.0,-0.01,324.0,4.0
2025-01-09 07:40:22,318.67,18.0,323.17,18.0,310.89,18.0,324.12,17.0,320.92,4.5,36.0,35.0,1.6235855382421878,71,1.0,-99.0,0.01,319.6,5.0
2025-01-09 07:40:23,318.0,11.0,321.0,11.0,311.14,21.0,322.5,14.0,319.5,3.0,32.0,25.0,1.6309414459106557,57,7.0,-14.0,0.12,319.6,
2025-01-09 07:40:24,310.71,21.0,323.33,27.0,308.0,21.0,326.07,82.0,317.02,12.620000000000005,42.0,109.0,2.5954055559759093,151,-67.0,94.0,-0.44,319.0,2.0
2025-01-09 07:40:25,309.0,10.0,326.0,25.0,306.0,10.0,331.25,40.0,317.5,17.0,20.0,65.0,2.549015496224359,85,-45.0,-66.0,-0.53,319.0,
2025-01-09 07:40:26,317.68,114.0,325.73,15.0,308.4,15.0,331.0,75.0,321.71,8.050000000000011,129.0,90.0,2.055869645671201,219,39.0,134.0,0.18,319.0,
2025-01-09 07:40:27,318.0,75.0,324.0,26.0,312.0,11.0,331.0,55.0,321.0,6.0,86.0,81.0,2.07158876227696,167,5.0,-52.0,0.03,318.0,5.0
2025-01-09 07:40:28,318.0,76.0,323.09,33.0,312.0,18.0,327.5,30.0,320.55,5.089999999999975,94.0,63.0,2.1430888922282154,157,31.0,-10.0,0.2,318.0,1.0
2025-01-09 07:40:29,316.12,16.0,323.0,26.0,309.92,13.0,327.69,13.0,319.56,6.879999999999996,29.0,39.0,1.631695437264986,68,-10.0,-89.0,-0.15,318.0,4.0
2025-01-09 07:40:30,319.0,16.0,322.38,32.0,312.46,28.0,331.02,46.0,320.69,3.3799999999999955,44.0,78.0,0.779788432839706,122,-34.0,54.0,-0.28,318.0,
2025-01-09 07:40:31,319.0,17.0,320.48,58.0,313.0,34.0,324.69,32.0,319.74,1.4800000000000182,51.0,90.0,0.6255957160907556,141,-39.0,19.0,-0.28,319.0,1.0
2025-01-09 07:40:32,313.0,30.0,320.61,31.0,308.0,135.0,326.85,27.0,316.81,7.610000000000014,165.0,58.0,1.5661577187474216,223,107.0,82.0,0.48,319.0,
2025-01-09 07:40:33,313.0,18.0,317.07,30.0,308.0,81.0,318.43,21.0,315.03,4.069999999999993,99.0,51.0,2.3592647159641773,150,48.0,-73.0,0.32,319.0,
2025-01-09 07:40:34,313.29,34.0,315.4,40.0,307.88,116.0,319.0,72.0,314.35,2.109999999999957,150.0,112.0,2.8079494297431373,262,38.0,112.0,0.15,314.0,4.0
2025-01-09 07:40:35,312.4,20.0,316.0,40.0,305.0,118.0,325.0,100.0,314.2,3.6000000000000227,138.0,140.0,2.3207606511651537,278,-2.0,16.0,-0.01,314.0,
2025-01-09 07:40:36,312.0,20.0,315.9,31.0,305.0,130.0,323.68,82.0,313.95,3.899999999999977,150.0,113.0,1.157030682392649,263,37.0,-15.0,0.14,314.0,
2025-01-09 07:40:37,312.0,28.0,315.88,34.0,305.0,182.0,321.57,56.0,313.94,3.879999999999996,210.0,90.0,0.4464638843162056,300,120.0,37.0,0.4,315.5,2.0
2025-01-09 07:40:38,312.0,14.0,316.0,21.0,305.01,79.0,323.0,28.0,314.0,4.0,93.0,49.0,0.180194339530923,142,44.0,-158.0,0.31,315.5,
2025-01-09 07:40:39,312.44,27.0,316.0,36.0,305.34,123.0,323.0,48.0,314.22,3.5600000000000023,150.0,84.0,0.1371860051135673,234,66.0,92.0,0.28,315.5,
2025-01-09 07:40:40,313.73,37.0,318.98,47.0,308.86,63.0,323.87,46.0,316.35,5.25,100.0,93.0,1.0448301297332865,193,7.0,-41.0,0.04,316.0,3.0
2025-01-09 07:40:41,311.6,72.0,323.0,60.0,309.08,37.0,327.0,30.0,317.3,11.399999999999975,109.0,90.0,1.558306773391419,199,19.0,6.0,0.1,316.0,
2025-01-09 07:40:42,313.85,41.0,321.9,42.0,312.02,43.0,323.53,60.0,317.88,8.049999999999955,84.0,102.0,1.767964931777931,186,-18.0,-13.0,-0.1,316.0,
2025-01-09 07:40:43,316.1,48.0,321.0,40.0,314.47,47.0,323.08,48.0,318.55,4.899999999999977,95.0,88.0,1.682245523101608,183,7.0,-3.0,0.04,315.0,3.0
2025-01-09 07:40:44,318.0,44.0,321.0,22.0,317.0,121.0,323.0,22.0,319.5,3.0,165.0,44.0,1.1983446916451284,209,121.0,26.0,0.58,317.8,5.0
2025-01-09 07:40:45,317.4,50.0,321.0,26.0,316.55,106.0,323.0,26.0,319.2,3.6000000000000227,156.0,52.0,0.9104833880930246,208,104.0,-1.0,0.5,317.8,
2025-01-09 07:40:46,318.0,32.0,320.44,32.0,317.0,160.0,323.0,32.0,319.22,2.4399999999999977,192.0,64.0,0.6539877674642709,256,128.0,48.0,0.5,317.8,
2025-01-09 07:40:47,317.0,170.0,319.0,26.0,311.0,51.0,323.0,26.0,318.0,2.0,221.0,52.0,0.6092454349380645,273,169.0,17.0,0.62,317.8,
2025-01-09 07:40:48,317.0,102.0,318.8,20.0,311.0,63.0,323.71,34.0,317.9,1.8000000000000114,165.0,54.0,0.7533126840781569,219,111.0,-54.0,0.51,317.0,3.0
2025-01-09 07:40:49,317.0,110.0,320.33,36.0,311.0,87.0,326.0,26.0,318.67,3.329999999999984,197.0,62.0,0.6323132135209854,259,135.0,40.0,0.52,317.67,6.0
2025-01-09 07:40:50,319.43,46.0,325.0,18.0,315.85,78.0,328.0,18.0,322.22,5.569999999999993,124.0,36.0,1.7700056497064094,160,88.0,-99.0,0.55,317.67,
2025-01-09 07:40:51,318.33,48.0,325.0,16.0,316.09,44.0,328.0,16.0,321.67,6.670000000000016,92.0,32.0,2.0869762816074524,124,60.0,-36.0,0.48,320.2,5.0
2025-01-09 07:40:52,321.0,72.0,325.0,18.0,317.0,72.0,328.0,18.0,323.0,4.0,144.0,36.0,2.263950087787033,180,108.0,56.0,0.6,320.2,
2025-01-09 07:40:53,317.0,64.0,325.0,16.0,314.0,16.0,328.0,16.0,321.0,8.0,80.0,32.0,1.6492028377340904,112,48.0,-68.0,0.43,320.2,
2025-01-09 07:40:54,317.72,29.0,325.0,30.0,316.89,108.0,329.5,48.0,321.36,7.279999999999973,137.0,78.0,0.7833262410959849,215,59.0,103.0,0.27,320.2,
2025-01-09 07:40:55,322.5,24.0,325.0,28.0,317.95,42.0,326.97,67.0,323.75,2.5,66.0,95.0,1.1682593890010762,161,-29.0,-54.0,-0.18,320.2,
2025-01-09 07:40:56,323.65,26.0,327.0,75.0,318.02,43.0,330.0,60.0,325.33,3.3500000000000227,69.0,135.0,1.7761109199563452,204,-66.0,43.0,-0.32,324.5,4.0
2025-01-09 07:40:57,323.67,12.0,327.0,60.0,317.0,96.0,330.0,48.0,325.33,3.329999999999984,108.0,108.0,2.090653008030628,216,0.0,12.0,0.0,324.5,
2025-01-09 07:40:58,324.55,11.0,327.0,55.0,317.0,88.0,330.0,44.0,325.77,2.4499999999999886,99.0,99.0,1.818548872036764,198,0.0,-18.0,0.0,324.5,
2025-01-09 07:40:59,326.0,9.0,327.0,45.0,317.0,72.0,330.0,36.0,326.5,1.0,81.0,81.0,1.0073132581202149,162,0.0,-36.0,0.0,324.5,
2025-01-09 07:41:00,318.17,46.0,326.93,54.0,316.43,53.0,329.67,45.0,322.55,8.759999999999991,99.0,99.0,1.5014259888469823,198,0.0,36.0,0.0,326.0,1.0
2025-01-09 07:41:01,317.0,112.0,323.07,42.0,311.0,14.0,324.3,46.0,320.04,6.069999999999993,126.0,88.0,2.689269417515992,214,38.0,16.0,0.18,326.0,
2025-01-09 07:41:02,317.93,114.0,320.11,54.0,316.94,105.0,321.14,42.0,319.02,2.180000000000007,219.0,96.0,3.334535949722075,315,123.0,101.0,0.39,318.0,4.0
2025-01-09 07:41:03,317.21,101.0,319.9,58.0,315.64,50.0,321.66,47.0,318.55,2.6899999999999977,151.0,105.0,3.2766553068626685,256,46.0,-59.0,0.18,319.0,3.0
2025-01-09 07:41:04,317.04,77.0,318.78,23.0,313.11,18.0,326.26,46.0,317.91,1.7399999999999525,95.0,69.0,1.815910240070868,164,26.0,-92.0,0.16,317.5,6.0
2025-01-09 07:41:05,317.25,32.0,329.71,42.0,316.22,45.0,333.27,75.0,323.48,12.45999999999998,77.0,117.0,2.1990338787735584,194,-40.0,30.0,-0.21,318.0,1.0
2025-01-09 07:41:06,318.0,15.0,326.73,30.0,317.0,75.0,331.7,80.0,322.37,8.730000000000018,90.0,110.0,2.490206818718681,200,-20.0,6.0,-0.1,318.0,
2025-01-09 07:41:07,318.87,46.0,325.12,32.0,317.25,40.0,330.88,80.0,322.0,6.25,86.0,112.0,2.473998787386903,198,-26.0,-2.0,-0.13,318.0,
2025-01-09 07:41:08,319.44,25.0,324.62,26.0,318.9,40.0,332.0,65.0,322.03,5.180000000000007,65.0,91.0,2.1259985888966475,156,-26.0,-42.0,-0.17,318.0,
2025-01-09 07:41:09,322.96,46.0,330.19,32.0,320.74,19.0,334.74,57.0,326.57,7.230000000000018,65.0,89.0,1.9295465788591677,154,-24.0,-2.0,-0.16,324.0,2.0
2025-01-09 07:41:10,324.59,79.0,333.95,44.0,317.69,58.0,334.89,70.0,329.27,9.360000000000014,137.0,114.0,3.3133095237216623,251,23.0,97.0,0.09,325.0,1.0
2025-01-09 07:41:11,323.7,37.0,331.5,10.0,316.71,42.0,334.86,72.0,327.6,7.800000000000011,79.0,82.0,3.3188296129784245,161,-3.0,-90.0,-0.02,322.33,6.0
2025-01-09 07:41:12,317.0,18.0,329.58,12.0,311.0,34.0,336.57,99.0,323.29,12.579999999999984,52.0,111.0,3.015596126801788,163,-59.0,2.0,-0.36,322.33,
2025-01-09 07:41:13,317.0,90.0,328.0,26.0,313.86,84.0,333.42,76.0,322.5,11.0,174.0,102.0,2.87460084185295,276,72.0,113.0,0.26,322.33,
2025-01-09 07:41:14,317.0,91.0,327.0,13.0,316.0,104.0,328.0,39.0,322.0,10.0,195.0,52.0,3.2842000548053587,247,143.0,-29.0,0.58,322.33,
2025-01-09 07:41:15,317.67,54.0,326.0,39.0,316.14,81.0,327.0,13.0,321.83,8.329999999999984,135.0,52.0,2.3915120739788382,187,83.0,-60.0,0.44,319.0,6.0
2025-01-09 07:41:16,317.0,33.0,325.91,33.0,314.0,11.0,327.0,11.0,321.45,8.910000000000025,44.0,44.0,0.710021126438493,88,0.0,-99.0,0.0,319.0,
2025-01-09 07:41:17,317.0,21.0,325.0,21.0,314.0,7.0,326.57,7.0,321.0,8.0,28.0,28.0,0.5665068401968878,56,0.0,-32.0,0.0,319.0,
2025-01-09 07:41:18,317.57,42.0,322.73,45.0,315.29,21.0,326.82,33.0,320.15,5.160000000000025,63.0,78.0,0.742448651416897,141,-15.0,85.0,-0.11,319.0,
2025-01-09 07:41:19,321.0,28.0,322.0,40.0,318.93,42.0,327.0,76.0,321.5,1.0,70.0,116.0,0.6501768989982313,186,-46.0,45.0,-0.25,322.0,1.0
2025-01-09 07:41:20,318.6,45.0,322.0,26.0,318.22,41.0,328.14,42.0,320.3,3.3999999999999773,86.0,68.0,0.6310705190321501,154,18.0,-32.0,0.12,321.0,2.0
2025-01-09 07:41:21,318.0,50.0,321.0,40.0,317.0,30.0,322.0,20.0,319.5,3.0,80.0,60.0,0.7765307463276855,140,20.0,-14.0,0.14,321.0,
2025-01-09 07:41:22,318.0,64.0,320.44,32.0,317.0,42.0,323.8,40.0,319.22,2.4399999999999977,106.0,72.0,0.8847485518455968,178,34.0,38.0,0.19,318.75,4.0
2025-01-09 07:41:23,318.0,39.0,321.0,24.0,317.0,36.0,326.33,48.0,319.5,3.0,75.0,72.0,0.9284826331133658,147,3.0,-31.0,0.02,318.0,3.0
2025-01-09 07:41:24,318.0,9.0,321.0,18.0,317.0,27.0,329.0,36.0,319.5,3.0,36.0,54.0,0.4075291400549088,90,-18.0,-57.0,-0.2,318.0,
2025-01-09 07:41:25,317.83,18.0,319.85,47.0,316.89,46.0,321.94,34.0,318.84,2.0200000000000387,64.0,81.0,0.290379062596566,145,-17.0,55.0,-0.12,318.0,1.0
2025-01-09 07:41:26,314.58,31.0,318.27,22.0,310.88,16.0,319.51,35.0,316.43,3.6899999999999977,47.0,57.0,1.2964258559576902,104,-10.0,-41.0,-0.1,317.0,3.0
2025-01-09 07:41:27,313.29,42.0,318.0,14.0,309.6,35.0,319.0,42.0,315.64,4.70999999999998,77.0,56.0,1.819236103422812,133,21.0,29.0,0.16,317.0,
2025-01-09 07:41:28,315.45,29.0,318.65,23.0,310.45,31.0,320.38,29.0,317.05,3.1999999999999886,60.0,52.0,1.6280571243042958,112,8.0,-21.0,0.07,318.4,5.0
2025-01-09 07:41:29,317.0,10.0,327.0,10.0,309.0,20.0,328.0,20.0,322.0,10.0,30.0,30.0,2.5319103459634875,60,0.0,-52.0,0.0,318.4,
2025-01-09 07:41:30,317.71,17.0,327.0,11.0,312.0,16.0,328.0,22.0,322.35,9.29000000000002,33.0,33.0,3.219134976976827,66,0.0,6.0,0.0,318.4,
2025-01-09 07:41:31,319.25,16.0,327.0,8.0,317.0,8.0,328.0,16.0,323.12,7.75,24.0,24.0,3.426509886165933,48,0.0,-18.0,0.0,318.4,
2025-01-09 07:41:32,315.09,22.0,326.67,9.0,307.94,53.0,327.8,15.0,320.88,11.58000000000004,75.0,24.0,2.392791257086727,99,51.0,51.0,0.52,317.0,4.0
2025-01-09 07:41:33,311.0,42.0,321.65,17.0,307.0,38.0,323.0,23.0,316.32,10.649999999999975,80.0,40.0,2.702402634692138,120,40.0,21.0,0.33,317.0,
2025-01-09 07:41:34,311.0,18.0,319.0,6.0,307.0,12.0,322.5,12.0,315.0,8.0,30.0,18.0,3.656771800371735,48,12.0,-72.0,0.25,317.0,
2025-01-09 07:41:35,311.89,81.0,319.0,7.0,309.67,18.0,323.0,14.0,315.44,7.110000000000014,99.0,21.0,3.6321233459227167,120,78.0,72.0,0.65,317.0,
2025-01-09 07:41:36,312.22,162.0,318.11,9.0,311.0,27.0,323.0,18.0,315.17,5.889999999999986,189.0,27.0,2.466783330574485,216,162.0,96.0,0.75,317.0,
2025-01-09 07:41:37,315.86,221.0,322.7,44.0,314.98,276.0,324.67,54.0,319.28,6.839999999999975,497.0,98.0,1.7727436362883398,595,399.0,185.5,0.67,317.0,2.0
2025-01-09 07:41:38,318.6,180.0,324.0,55.0,316.69,117.0,329.0,22.0,321.3,5.399999999999977,297.0,77.0,2.880437466774552,374,220.0,-186.5,0.59,317.0,
2025-01-09 07:41:39,319.0,249.0,324.0,75.0,317.0,135.0,329.0,30.0,321.5,5.0,384.0,105.0,3.0778921358611018,489,279.0,115.0,0.57,319.0,3.0
2025-01-09 07:41:40,320.73,99.0,324.0,55.0,319.0,165.0,329.0,22.0,322.36,3.269999999999982,264.0,77.0,2.8864545726535265,341,187.0,-148.0,0.55,319.0,
2025-01-09 07:41:41,322.37,180.0,324.83,84.0,321.36,274.0,329.8,35.0,323.6,2.4599999999999795,454.0,119.0,1.585849929844758,573,335.0,185.5,0.58,323.0,5.0
2025-01-09 07:41:42,324.5,240.0,329.0,40.0,315.86,116.0,330.87,31.0,326.75,4.5,356.0,71.0,2.2315958415414783,427,285.0,-146.0,0.67,325.33,6.0
2025-01-09 07:41:43,325.0,146.0,329.0,28.0,314.89,66.0,330.0,28.0,327.0,4.0,212.0,56.0,2.518396315114589,268,156.0,-159.0,0.58,325.0,4.0
2025-01-09 07:41:44,325.0,78.0,329.0,12.0,318.6,15.0,330.0,12.0,327.0,4.0,93.0,24.0,2.202684725506656,117,69.0,-151.0,0.59,325.0,
2025-01-09 07:41:45,325.0,156.0,329.0,24.0,321.0,44.0,330.0,24.0,327.0,4.0,200.0,48.0,1.4964959071037531,248,152.0,131.0,0.61,325.0,
2025-01-09 07:41:46,325.0,125.0,326.65,37.0,321.0,20.0,328.08,24.0,325.82,1.6499999999999773,145.0,61.0,0.5113511513405714,206,84.0,-42.0,0.41,325.0,5.0
2025-01-09 07:41:47,324.77,73.0,326.67,54.0,320.58,38.0,329.78,36.0,325.72,1.900000000000034,111.0,90.0,0.6746258221990739,201,21.0,-5.0,0.1,325.0,5.0
2025-01-09 07:41:48,324.56,16.0,327.23,26.0,321.9,20.0,331.75,16.0,325.9,2.670000000000016,36.0,42.0,0.653084986795959,78,-6.0,-123.0,-0.08,325.0,3.0
2025-01-09 07:41:49,321.8,10.0,330.0,12.0,318.6,20.0,337.0,6.0,325.9,8.199999999999989,30.0,18.0,0.5262318880292081,48,12.0,-30.0,0.25,325.0,1.0
2025-01-09 07:41:50,319.38,26.0,330.0,20.0,317.6,40.0,337.0,10.0,324.69,10.620000000000005,66.0,30.0,0.5173780049246594,96,36.0,48.0,0.38,319.5,4.0
2025-01-09 07:41:51,318.0,8.0,330.0,8.0,317.0,16.0,337.0,4.0,324.0,12.0,24.0,12.0,0.8575663239543979,36,12.0,-60.0,0.33,319.5,
2025-01-09 07:41:52,318.0,16.0,330.0,16.0,317.0,32.0,337.0,8.0,324.0,12.0,48.0,24.0,0.957089337513194,72,24.0,36.0,0.33,319.5,
2025-01-09 07:41:53,318.0,16.0,332.6,15.0,317.0,32.0,334.65,20.0,325.3,14.600000000000025,48.0,35.0,0.8291079543592274,83,13.0,11.0,0.16,319.5,
2025-01-09 07:41:54,318.0,18.0,324.0,18.0,317.0,42.0,330.56,9.0,321.0,6.0,60.0,27.0,1.6554516000125468,87,33.0,4.0,0.38,319.5,
2025-01-09 07:41:55,318.0,20.0,324.0,20.0,317.0,60.0,331.0,10.0,321.0,6.0,80.0,30.0,1.95397031706878,110,50.0,23.0,0.45,319.5,
2025-01-09 07:41:56,317.52,31.0,324.0,26.0,316.05,63.0,331.0,13.0,320.76,6.480000000000018,94.0,39.0,2.096358747921599,133,55.0,23.0,0.41,317.29,7.0
2025-01-09 07:41:57,314.35,17.0,324.0,26.0,309.83,53.0,328.46,13.0,319.18,9.649999999999975,70.0,39.0,2.2834447661350783,109,31.0,-24.0,0.28,317.0,1.0
2025-01-09 07:41:58,312.73,44.0,323.71,34.0,307.37,70.0,327.0,16.0,318.22,10.97999999999996,114.0,50.0,1.2662227292198371,164,64.0,55.0,0.39,317.0,
2025-01-09 07:41:59,311.74,39.0,322.87,75.0,312.33,36.0,325.81,31.0,317.31,11.129999999999995,75.0,106.0,1.5939196968463318,181,-31.0,17.0,-0.17,317.0,
2025-01-09 07:42:00,311.0,44.0,321.14,35.0,310.0,11.0,322.34,53.0,316.07,10.139999999999986,55.0,88.0,1.787811511316859,143,-33.0,-38.0,-0.23,317.0,
2025-01-09 07:42:01,311.15,80.0,319.19,59.0,310.32,25.0,320.46,93.0,315.17,8.04000000000002,105.0,152.0,1.6101397454878676,257,-47.0,114.0,-0.18,317.0,
2025-01-09 07:42:02,312.0,108.0,316.46,78.0,311.0,72.0,317.39,66.0,314.23,4.45999999999998,180.0,144.0,1.602435646134369,324,36.0,67.0,0.11,317.0,
2025-01-09 07:42:03,313.0,84.0,315.12,56.0,311.44,72.0,317.07,60.0,314.06,2.1200000000000045,156.0,116.0,1.351784006416714,272,40.0,-52.0,0.15,313.33,3.0
2025-01-09 07:42:04,308.25,113.0,317.12,57.0,307.21,89.0,326.68,57.0,312.69,8.870000000000005,202.0,114.0,1.2689286820015575,316,88.0,44.0,0.28,316.0,5.0
2025-01-09 07:42:05,304.0,90.0,322.0,10.0,303.0,40.0,327.86,42.0,313.0,18.0,130.0,52.0,0.9996249296649448,182,78.0,-134.0,0.43,316.0,
2025-01-09 07:42:06,304.0,108.0,319.19,16.0,303.0,48.0,324.45,22.0,311.59,15.189999999999998,156.0,38.0,1.0788558754575883,194,118.0,12.0,0.61,313.0,1.0
2025-01-09 07:42:07,315.3,69.0,320.0,65.0,307.68,72.0,321.0,13.0,317.65,4.699999999999989,141.0,78.0,2.326278143302672,219,63.0,25.0,0.29,313.0,
2025-01-09 07:42:08,317.0,35.0,320.0,35.0,305.0,28.0,321.0,7.0,318.5,3.0,63.0,42.0,3.1521310251963914,105,21.0,-114.0,0.2,313.0,
2025-01-09 07:42:09,317.0,48.0,319.4,75.0,305.0,48.0,320.09,44.0,318.2,2.3999999999999773,96.0,119.0,3.241754154775311,215,-23.0,110.0,-0.11,317.0,2.0
2025-01-09 07:42:10,309.0,54.0,318.77,60.0,304.23,105.0,320.35,60.0,313.88,9.769999999999982,159.0,120.0,3.071991210925344,279,39.0,64.0,0.14,317.0,3.0
2025-01-09 07:42:11,310.1,146.0,318.0,42.0,307.09,152.0,320.0,105.0,314.05,7.899999999999977,298.0,147.0,2.2950882335982894,445,151.0,166.0,0.34,317.0,
2025-01-09 07:42:12,320.06,90.0,322.21,28.0,314.84,94.0,323.87,30.0,321.13,2.1499999999999773,184.0,58.0,3.125231191448026,242,126.0,-186.5,0.52,320.4,10.0
2025-01-09 07:42:13,323.0,98.0,330.59,17.0,322.63,76.0,376.28,53.0,326.79,7.589999999999975,174.0,70.0,5.394381336167824,244,104.0,2.0,0.43,324.0,1.0
2025-01-09 07:42:14,325.18,111.0,331.0,12.0,324.7,93.0,385.4,50.0,328.09,5.819999999999993,204.0,62.0,6.756132029496671,266,142.0,22.0,0.53,324.0,
2025-01-09 07:42:15,326.0,40.0,331.0,10.0,325.0,130.0,460.12,43.0,328.5,5.0,170.0,53.0,6.156031189003476,223,117.0,-43.0,0.52,324.0,
2025-01-09 07:42:19,325.0,120.0,335.44,52.0,321.0,12.0,383.19,43.0,330.22,10.439999999999998,132.0,95.0,48.35425658615644,227,37.0,-117.0,0.16,324.0,
