DateTime,Bid1_Price,Bid1_Volume,Ask1_Price,Ask1_Volume,Bid2_Price,Bid2_Volume,Ask2_Price,Ask2_Volume,Mid-Price,Bid_Ask_Spread,Market_Depth_Bid,Market_Depth_Ask,Historical_Volatility,Total_volume,Cumulative_Volume_Difference,Total_Volume_Change_Corrected,Order_imbalance,Weighted_Avg_Price,Trade_Volume
2025-04-01 07:30:02,133.0,1.0,376.0,2.0,0.0,0.0,0.0,0.0,254.5,243.0,1.0,2.0,,3,-1.0,2.0,-0.33,,
2025-04-01 07:30:03,133.0,4.0,360.5,8.0,122.0,12.0,0.0,0.0,246.75,227.5,16.0,8.0,,24,8.0,21.0,0.33,,
2025-04-01 07:30:04,133.67,6.0,151.4,10.0,123.22,9.0,165.0,4.0,142.53,17.730000000000018,15.0,14.0,111.23547963666988,29,1.0,5.0,0.03,,
2025-04-01 07:30:05,146.0,12.0,147.62,26.0,134.0,24.0,320.0,16.0,146.81,1.6200000000000043,36.0,42.0,79.09706992044649,78,-6.0,49.0,-0.08,146.0,3.0
2025-04-01 07:30:06,146.0,5.0,147.33,9.0,135.0,5.0,233.15,13.0,146.67,1.3300000000000125,10.0,22.0,57.75945134780973,32,-12.0,-46.0,-0.38,147.38,8.0
2025-04-01 07:30:07,146.0,2.0,148.0,2.0,135.0,2.0,404.67,3.0,147.0,2.0,4.0,5.0,45.20590912701568,9,-1.0,-23.0,-0.11,147.38,
2025-04-01 07:30:08,146.0,2.0,147.0,8.0,135.0,2.0,149.0,2.0,146.5,1.0,4.0,10.0,1.8939297769451189,14,-6.0,5.0,-0.43,147.38,
2025-04-01 07:30:09,135.0,5.0,142.0,20.0,0.0,0.0,146.57,14.0,138.5,7.0,5.0,34.0,3.6918464215077167,39,-29.0,25.0,-0.74,146.0,1.0
2025-04-01 07:30:10,135.9,20.0,138.2,20.0,135.0,3.0,140.4,20.0,137.05,2.299999999999983,23.0,40.0,4.931219930199744,63,-17.0,24.0,-0.27,146.0,
2025-04-01 07:30:11,136.0,36.0,138.95,21.0,135.0,6.0,161.22,9.0,137.48,2.9499999999999886,42.0,30.0,5.0006179618122335,72,12.0,9.0,0.17,138.0,8.0
2025-04-01 07:30:12,139.39,36.0,272.9,10.0,136.55,44.0,553.15,13.0,206.14,133.51,80.0,23.0,29.88119274727833,103,57.0,31.0,0.55,143.5,2.0
2025-04-01 07:30:13,144.87,63.0,219.13,15.0,140.25,24.0,449.67,12.0,182.0,74.25999999999999,87.0,27.0,32.04968299375205,114,60.0,11.0,0.53,143.5,
2025-04-01 07:30:28,148.05,38.0,152.75,32.0,145.24,49.0,163.41,34.0,150.4,4.699999999999989,87.0,66.0,0.1888915032463467,153,21.0,21.0,0.14,149.0,2.0
2025-04-01 07:30:29,148.0,51.0,151.72,46.0,144.94,64.0,157.86,72.0,149.86,3.719999999999999,115.0,118.0,0.2732764168358498,233,-3.0,80.0,-0.01,148.0,1.0
2025-04-01 07:30:30,148.0,18.0,151.5,18.0,144.0,12.0,152.78,36.0,149.75,3.5,30.0,54.0,0.3379053121787665,84,-24.0,-149.0,-0.29,148.0,
2025-04-01 07:30:31,148.0,33.0,150.27,33.0,144.91,22.0,152.0,44.0,149.14,2.2700000000000102,55.0,77.0,0.5493632677915209,132,-22.0,48.0,-0.17,148.0,
2025-04-01 07:30:32,147.17,29.0,150.54,37.0,144.64,22.0,152.3,40.0,148.86,3.3700000000000045,51.0,77.0,0.6101803012212699,128,-26.0,-4.0,-0.2,148.0,3.0
2025-04-01 07:30:43,147.9,31.0,152.26,34.0,146.58,24.0,189.58,57.0,150.08,4.359999999999985,55.0,91.0,0.3926576116652472,146,-36.0,-4.0,-0.25,148.2,5.0
2025-04-01 07:30:44,146.0,42.0,151.0,14.0,145.0,14.0,153.0,37.0,148.5,5.0,56.0,51.0,0.7624434405242625,107,5.0,-39.0,0.05,148.2,
2025-04-01 07:30:45,146.0,32.0,150.72,25.0,144.93,28.0,153.6,45.0,148.36,4.719999999999999,60.0,70.0,0.8538032560246498,130,-10.0,23.0,-0.08,148.2,
2025-04-01 07:30:46,146.0,12.0,149.0,12.0,145.0,18.0,150.0,18.0,147.5,3.0,30.0,30.0,1.0658423898485625,60,0.0,-70.0,0.0,148.2,
2025-04-01 07:30:47,146.0,18.0,147.78,18.0,145.0,27.0,150.0,27.0,146.89,1.7800000000000011,45.0,45.0,1.207716854232752,90,0.0,30.0,0.0,146.0,2.0
2025-04-01 07:30:48,145.0,18.0,150.0,30.0,144.0,10.0,153.8,10.0,147.5,5.0,28.0,40.0,0.6706713054825061,68,-12.0,-22.0,-0.18,145.0,2.0
2025-04-01 07:30:49,145.0,15.0,149.93,45.0,143.68,19.0,152.0,15.0,147.47,4.930000000000007,34.0,60.0,0.5250999904756406,94,-26.0,26.0,-0.28,145.0,
2025-04-01 07:30:50,145.0,18.0,148.82,40.0,143.0,54.0,150.03,32.0,146.91,3.819999999999993,72.0,72.0,0.3234656086779069,144,0.0,50.0,0.0,145.0,
2025-04-01 07:30:51,145.0,11.0,148.0,11.0,143.0,33.0,149.0,33.0,146.5,3.0,44.0,44.0,0.4261807128405351,88,0.0,-56.0,0.0,145.0,
2025-04-01 07:30:52,145.97,69.0,147.67,12.0,144.25,16.0,149.06,34.0,146.82,1.6999999999999886,85.0,46.0,0.4339930874993961,131,39.0,43.0,0.3,146.0,3.0
2025-04-01 07:30:53,146.0,56.0,147.0,14.0,145.0,14.0,151.0,14.0,146.5,1.0,70.0,28.0,0.3979321550178503,98,42.0,-33.0,0.43,146.0,
2025-04-01 07:30:54,144.7,10.0,146.25,20.0,143.88,24.0,149.5,8.0,145.47,1.5500000000000114,34.0,28.0,0.5730183243116452,62,6.0,-36.0,0.1,145.8,5.0
2025-04-01 07:30:55,144.23,43.0,145.77,47.0,143.37,41.0,147.25,16.0,145.0,1.5400000000000205,84.0,63.0,0.7804614019903249,147,21.0,85.0,0.14,146.0,2.0
2025-04-01 07:30:56,143.71,14.0,145.22,18.0,142.71,14.0,149.0,8.0,144.47,1.509999999999991,28.0,26.0,0.9923053965370056,54,2.0,-93.0,0.04,144.0,3.0
2025-04-01 07:30:57,143.0,18.0,145.0,27.0,141.0,12.0,151.0,18.0,144.0,2.0,30.0,45.0,0.9634676953567944,75,-15.0,21.0,-0.2,144.0,
2025-04-01 07:30:58,143.0,22.0,149.5,24.0,141.0,13.0,260.6,25.0,146.25,6.5,35.0,49.0,0.874225371398078,84,-14.0,9.0,-0.17,145.0,3.0
2025-04-01 07:30:59,134.0,19.0,151.0,18.0,129.94,17.0,226.22,45.0,142.5,17.0,36.0,63.0,1.3736557064984471,99,-27.0,15.0,-0.27,142.33,3.0
2025-04-01 07:31:00,142.83,90.0,151.0,38.0,141.0,84.0,183.42,95.0,146.92,8.169999999999987,174.0,133.0,1.7770678096223491,307,41.0,169.5,0.13,143.0,6.0
2025-04-01 07:31:01,143.0,22.0,151.0,22.0,141.0,66.0,231.46,39.0,147.0,8.0,88.0,61.0,1.996316608155204,149,27.0,-158.0,0.18,143.0,
2025-04-01 07:31:02,143.0,24.0,147.15,39.0,141.0,72.0,180.25,16.0,145.08,4.150000000000006,96.0,55.0,1.8703475612827776,151,41.0,2.0,0.27,143.0,
2025-04-01 07:31:03,143.0,20.0,145.0,50.0,141.0,60.0,150.0,20.0,144.0,2.0,80.0,70.0,1.929559535229776,150,10.0,-1.0,0.07,143.0,
2025-04-01 07:31:04,143.0,30.0,145.0,75.0,141.0,90.0,150.0,33.0,144.0,2.0,120.0,108.0,1.4910399055680374,228,12.0,78.0,0.05,143.0,
2025-04-01 07:31:05,141.34,35.0,145.0,45.0,139.4,30.0,150.0,54.0,143.17,3.6599999999999966,65.0,99.0,1.4784113094791425,164,-34.0,-64.0,-0.21,142.0,4.0
2025-04-01 07:31:06,141.0,31.0,144.65,23.0,136.14,14.0,147.37,38.0,142.83,3.6500000000000057,45.0,61.0,0.8739164719784436,106,-16.0,-58.0,-0.15,142.0,
2025-04-01 07:31:07,141.0,90.0,144.22,36.0,136.0,18.0,147.14,29.0,142.61,3.219999999999999,108.0,65.0,0.6502845530957144,173,43.0,67.0,0.25,143.62,8.0
2025-04-01 07:31:08,143.12,49.0,148.0,15.0,141.1,201.0,150.0,75.0,145.56,4.879999999999996,250.0,90.0,1.1993456549281902,340,160.0,167.0,0.47,143.62,
2025-04-01 07:31:09,146.0,20.0,148.83,18.0,144.0,20.0,153.73,44.0,147.42,2.8300000000000125,40.0,62.0,2.0984684891595644,102,-22.0,-170.5,-0.22,143.62,
2025-04-01 07:31:10,146.0,16.0,148.11,44.0,141.76,55.0,171.91,22.0,147.06,2.1100000000000136,71.0,66.0,2.2797214742148246,137,5.0,35.0,0.04,143.62,
2025-04-01 07:31:11,146.64,28.0,147.89,92.0,145.55,33.0,284.47,34.0,147.27,1.25,61.0,126.0,2.027148243221721,187,-65.0,50.0,-0.35,148.0,2.0
2025-04-01 07:31:12,145.14,14.0,147.0,25.0,140.17,87.0,148.0,25.0,146.07,1.8600000000000136,101.0,50.0,0.8164741269614534,151,51.0,-36.0,0.34,146.0,2.0
2025-04-01 07:31:13,145.0,21.0,146.71,35.0,140.0,147.0,148.71,35.0,145.86,1.710000000000008,168.0,70.0,0.7191870410383564,238,98.0,87.0,0.41,146.0,
2025-04-01 07:31:14,142.5,38.0,147.58,38.0,139.93,191.0,206.33,33.0,145.04,5.0800000000000125,229.0,71.0,0.9144123796171862,300,158.0,62.0,0.53,144.12,8.0
2025-04-01 07:31:15,140.0,171.0,148.0,45.0,137.35,43.0,362.0,16.0,144.0,8.0,214.0,61.0,1.218552419880539,275,153.0,-25.0,0.56,144.12,
2025-04-01 07:31:16,140.0,239.0,146.62,32.0,138.0,39.0,148.0,65.0,143.31,6.6200000000000045,278.0,97.0,1.187278400374627,375,181.0,100.0,0.48,142.33,6.0
2025-04-01 07:31:17,140.0,120.0,146.0,16.0,138.0,24.0,147.0,40.0,143.0,6.0,144.0,56.0,1.1962942781756054,200,88.0,-170.5,0.44,142.33,
2025-04-01 07:31:18,140.0,45.0,146.0,6.0,138.0,9.0,147.0,15.0,143.0,6.0,54.0,21.0,0.8679285684866361,75,33.0,-125.0,0.44,142.33,
2025-04-01 07:31:19,140.0,105.0,144.29,28.0,138.0,21.0,146.0,39.0,142.14,4.289999999999992,126.0,67.0,0.6699253689739318,193,59.0,118.0,0.31,142.33,
2025-04-01 07:31:20,140.0,129.0,142.67,30.0,138.0,27.0,145.28,50.0,141.33,2.6699999999999875,156.0,80.0,0.812237649948877,236,76.0,43.0,0.32,140.67,3.0
2025-04-01 07:31:21,140.0,154.0,143.71,49.0,138.0,33.0,189.5,40.0,141.86,3.710000000000008,187.0,89.0,0.7304656049358352,276,98.0,40.0,0.36,142.0,8.0
2025-04-01 07:31:22,141.57,122.0,146.0,75.0,140.66,164.0,311.19,27.0,143.79,4.430000000000007,286.0,102.0,0.9738223657291816,388,184.0,112.0,0.47,142.0,
2025-04-01 07:31:23,143.79,58.0,145.83,24.0,142.4,50.0,236.0,26.0,144.81,2.0400000000000205,108.0,50.0,1.4576796630242992,158,58.0,-170.5,0.37,144.0,4.0
2025-04-01 07:31:24,144.0,48.0,146.41,32.0,143.0,32.0,185.27,22.0,145.2,2.4099999999999966,80.0,54.0,1.734695938772859,134,26.0,-24.0,0.19,144.0,
2025-04-01 07:31:25,144.0,36.0,147.0,30.0,143.0,24.0,361.5,8.0,145.5,3.0,60.0,38.0,1.4748457546454443,98,22.0,-36.0,0.22,144.0,
2025-04-01 07:31:26,144.0,54.0,147.0,45.0,143.0,36.0,356.89,37.0,145.5,3.0,90.0,82.0,0.7127762622284047,172,8.0,74.0,0.05,144.0,
2025-04-01 07:31:27,144.0,42.0,147.0,35.0,143.0,28.0,299.0,15.0,145.5,3.0,70.0,50.0,0.3041710045296376,120,20.0,-52.0,0.17,144.0,
2025-04-01 07:31:28,144.0,38.0,147.0,45.0,143.0,36.0,358.5,16.0,145.5,3.0,74.0,61.0,0.1341640786376067,135,13.0,15.0,0.1,144.0,2.0
2025-04-01 07:31:29,144.0,52.0,278.48,23.0,143.0,44.0,446.14,28.0,211.24,134.48000000000002,96.0,51.0,29.39982176816736,147,45.0,12.0,0.31,144.0,
2025-04-01 07:31:30,144.0,36.0,310.64,11.0,143.0,36.0,476.57,30.0,227.32,166.64,72.0,41.0,40.80891226190696,113,31.0,-34.0,0.27,144.0,
2025-04-01 07:31:31,144.0,34.0,146.44,9.0,143.0,36.0,269.36,11.0,145.22,2.4399999999999977,70.0,20.0,40.85969505515209,90,50.0,-23.0,0.56,144.0,1.0
2025-04-01 07:31:32,144.0,18.0,145.61,18.0,143.0,24.0,333.67,12.0,144.81,1.6100000000000136,42.0,30.0,40.98502433816552,72,12.0,-18.0,0.17,144.0,
2025-04-01 07:31:33,143.5,24.0,145.0,33.0,141.94,34.0,147.0,7.0,144.25,1.5,58.0,40.0,41.21175160072694,98,18.0,26.0,0.18,145.0,1.0
2025-04-01 07:31:34,143.2,35.0,145.62,32.0,141.8,70.0,296.0,30.0,144.41,2.420000000000016,105.0,62.0,36.96300001352717,167,43.0,69.0,0.26,144.0,4.0
2025-04-01 07:31:35,144.0,10.0,307.03,34.0,143.0,40.0,376.12,32.0,225.51,163.02999999999997,50.0,66.0,36.153586267478495,116,-16.0,-51.0,-0.14,146.5,2.0
2025-04-01 07:31:36,148.05,41.0,291.17,30.0,144.0,26.0,320.97,34.0,219.61,143.12,67.0,64.0,42.81203475659642,131,3.0,15.0,0.02,146.5,
2025-04-01 07:31:41,146.05,57.0,185.55,33.0,144.96,23.0,268.94,34.0,165.8,39.5,80.0,67.0,26.78046545525382,147,13.0,-6.0,0.09,146.5,
2025-04-01 07:31:42,147.0,64.0,156.28,36.0,145.0,32.0,201.1,60.0,151.64,9.28,96.0,96.0,33.813519929164904,192,0.0,45.0,0.0,147.0,1.0
2025-04-01 07:31:43,146.86,42.0,154.53,30.0,145.2,25.0,353.95,44.0,150.7,7.6699999999999875,67.0,74.0,33.96308878768275,141,-7.0,-51.0,-0.05,148.0,2.0
2025-04-01 07:31:44,146.74,19.0,155.0,24.0,145.41,17.0,239.0,48.0,150.87,8.259999999999991,36.0,72.0,31.550347066237062,108,-36.0,-33.0,-0.33,148.0,
2025-04-01 07:31:45,147.0,20.0,154.1,20.0,146.0,90.0,283.29,42.0,150.55,7.099999999999994,110.0,62.0,6.658833982012455,172,48.0,64.0,0.28,148.0,
2025-04-01 07:31:50,147.57,28.0,161.29,70.0,144.84,32.0,167.14,70.0,154.43,13.72,60.0,140.0,24.65759659820911,200,-80.0,14.0,-0.4,147.67,3.0
2025-04-01 07:31:51,145.0,22.0,158.18,55.0,144.0,11.0,160.18,55.0,151.59,13.180000000000009,33.0,110.0,24.497760509891783,143,-77.0,-57.0,-0.54,147.67,
2025-04-01 07:31:52,145.0,34.0,156.06,85.0,144.0,17.0,159.76,85.0,150.53,11.060000000000002,51.0,170.0,7.732422000900156,221,-119.0,78.0,-0.54,147.67,
2025-04-01 07:31:53,145.0,18.0,154.78,45.0,144.0,9.0,156.0,45.0,149.89,9.78,27.0,90.0,2.458824922600644,117,-63.0,-104.0,-0.54,147.67,
2025-04-01 07:31:54,145.0,32.0,152.69,65.0,143.97,70.0,153.92,65.0,148.85,7.689999999999998,102.0,130.0,2.131412677076197,232,-28.0,115.0,-0.12,147.67,
2025-04-01 07:31:55,145.0,52.0,149.67,58.0,144.0,104.0,151.21,61.0,147.34,4.669999999999988,156.0,119.0,1.6256690930198752,275,37.0,43.0,0.13,147.67,
2025-04-01 07:31:56,144.38,29.0,146.23,65.0,143.79,43.0,147.64,70.0,145.31,1.8499999999999943,72.0,135.0,2.099399914261008,207,-63.0,-68.0,-0.3,145.0,4.0
2025-04-01 07:31:57,142.17,41.0,145.17,60.0,140.97,59.0,148.0,60.0,143.67,3.0,100.0,120.0,2.541381514058469,220,-20.0,13.0,-0.09,143.67,3.0
2025-04-01 07:31:58,141.0,129.0,142.67,60.0,140.0,96.0,194.22,58.0,141.83,1.6699999999999875,225.0,118.0,2.802320467040998,343,107.0,123.0,0.31,141.0,5.0
2025-04-01 07:31:59,140.8,82.0,187.0,48.0,139.96,100.0,437.57,46.0,163.9,46.19999999999999,182.0,94.0,8.89464726675539,276,88.0,-67.0,0.32,141.22,9.0
2025-04-01 07:32:00,140.8,30.0,146.0,12.0,139.57,14.0,394.0,8.0,143.4,5.199999999999989,44.0,20.0,9.182993520633593,64,24.0,-170.5,0.38,141.22,
2025-04-01 07:32:01,140.36,112.0,143.33,18.0,139.3,40.0,170.28,40.0,141.85,2.969999999999999,152.0,58.0,9.52478083737353,210,94.0,146.0,0.45,141.22,
2025-04-01 07:32:02,141.09,44.0,223.27,30.0,139.85,26.0,341.79,14.0,182.18,82.18,70.0,44.0,18.01538703442155,114,26.0,-96.0,0.23,145.43,7.0
2025-04-01 07:32:03,142.91,22.0,393.22,36.0,141.0,88.0,396.22,18.0,268.07,250.31000000000003,110.0,54.0,51.99807159885858,164,56.0,50.0,0.34,145.43,
2025-04-01 07:32:04,144.93,28.0,393.0,56.0,141.0,112.0,394.0,28.0,268.96,248.07,140.0,84.0,63.811368657944016,224,56.0,60.0,0.25,145.43,
2025-04-01 07:32:05,147.83,24.0,393.0,48.0,141.0,96.0,465.58,24.0,270.42,245.17,120.0,72.0,60.39362491190656,192,48.0,-32.0,0.25,145.43,
2025-04-01 07:32:06,148.0,22.0,310.8,20.0,141.0,88.0,367.36,39.0,229.4,162.8,110.0,59.0,38.51969340480366,169,51.0,-23.0,0.3,145.43,
2025-04-01 07:32:10,146.86,28.0,242.0,50.0,144.5,32.0,305.0,40.0,194.43,95.14,60.0,90.0,20.464027462844477,150,-30.0,81.0,-0.2,148.5,4.0
2025-04-01 07:32:11,142.86,58.0,305.0,44.0,140.74,70.0,478.0,15.0,223.93,162.14,128.0,59.0,19.794588401885296,187,69.0,37.0,0.37,143.25,8.0
2025-04-01 07:32:12,142.0,9.0,305.0,36.0,141.0,88.0,343.0,9.0,223.5,163.0,97.0,45.0,19.406682611926524,142,52.0,-45.0,0.37,143.25,
2025-04-01 07:32:13,141.2,84.0,223.56,41.0,139.88,48.0,293.18,40.0,182.38,82.36000000000001,132.0,81.0,18.638518449706293,213,51.0,71.0,0.24,142.8,5.0
2025-04-01 07:32:14,141.06,86.0,165.3,40.0,139.0,27.0,346.24,34.0,153.18,24.24000000000001,113.0,74.0,29.818305283835887,187,39.0,-26.0,0.21,142.8,
2025-04-01 07:32:15,143.65,51.0,163.44,43.0,141.45,89.0,173.67,48.0,153.54,19.789999999999992,140.0,91.0,35.28567386348217,231,49.0,44.0,0.21,142.8,
2025-04-01 07:32:16,145.26,47.0,161.11,27.0,143.89,54.0,162.0,33.0,153.18,15.850000000000025,101.0,60.0,30.83208199262607,161,41.0,-70.0,0.25,145.75,4.0
2025-04-01 07:32:17,145.0,77.0,158.62,32.0,143.0,55.0,159.7,40.0,151.81,13.620000000000005,132.0,72.0,13.1881696986354,204,60.0,43.0,0.29,145.75,
2025-04-01 07:32:18,145.0,105.0,157.78,45.0,143.0,75.0,158.88,57.0,151.39,12.78,180.0,102.0,0.9542798331725424,282,78.0,78.0,0.28,145.75,
2025-04-01 07:32:19,145.0,77.0,153.36,28.0,143.0,55.0,155.68,38.0,149.18,8.360000000000014,132.0,66.0,1.7293495887179977,198,66.0,-84.0,0.33,145.75,
2025-04-01 07:32:20,145.0,64.0,151.5,32.0,142.43,70.0,152.4,40.0,148.25,6.5,134.0,72.0,2.0094949614264266,206,62.0,8.0,0.3,145.0,6.0
2025-04-01 07:32:21,143.54,37.0,147.18,45.0,141.81,134.0,148.3,53.0,145.36,3.640000000000015,171.0,98.0,2.61039652160296,269,73.0,63.0,0.27,143.33,6.0
2025-04-01 07:32:22,141.04,92.0,143.83,24.0,138.92,65.0,144.95,42.0,142.44,2.7900000000000205,157.0,66.0,3.48372358260458,223,91.0,-46.0,0.41,143.0,1.0
2025-04-01 07:32:23,141.0,100.0,143.54,26.0,138.0,50.0,144.82,34.0,142.27,2.539999999999992,150.0,60.0,3.1984761996916364,210,90.0,-13.0,0.43,143.0,4.0
2025-04-01 07:32:24,141.0,89.0,142.8,30.0,138.0,45.0,143.5,24.0,141.9,1.8000000000000114,134.0,54.0,2.726670130395811,188,80.0,-22.0,0.43,141.0,1.0
2025-04-01 07:32:25,141.0,41.0,142.0,8.0,138.0,35.0,255.33,24.0,141.5,1.0,76.0,32.0,1.5336166404912486,108,44.0,-80.0,0.41,141.12,8.0
2025-04-01 07:32:26,141.0,26.0,153.61,46.0,138.0,52.0,303.67,15.0,147.3,12.610000000000014,78.0,61.0,2.3855230034506105,139,17.0,31.0,0.12,141.12,
2025-04-01 07:32:27,143.32,56.0,148.0,55.0,138.13,69.0,393.26,43.0,145.66,4.680000000000007,125.0,98.0,2.5943746838096846,223,27.0,84.0,0.12,141.12,
2025-04-01 07:32:28,146.0,282.0,148.0,51.0,142.0,11.0,445.33,45.0,147.0,2.0,293.0,96.0,2.786022254037735,389,197.0,166.0,0.51,147.33,3.0
2025-04-01 07:32:29,146.0,298.0,147.47,19.0,144.76,49.0,241.02,43.0,146.74,1.4699999999999989,347.0,62.0,2.395579261889372,409,285.0,20.0,0.7,146.0,4.0
2025-04-01 07:32:30,146.02,107.0,148.0,20.0,145.63,67.0,227.72,29.0,147.01,1.9799999999999895,174.0,49.0,0.6364903769857604,223,125.0,-170.5,0.56,148.0,1.0
2025-04-01 07:32:31,146.0,208.0,148.0,20.0,145.0,50.0,297.2,50.0,147.0,2.0,258.0,70.0,0.582597631299179,328,188.0,105.0,0.57,146.0,1.0
2025-04-01 07:32:32,146.0,200.0,147.78,23.0,145.0,50.0,273.32,47.0,146.89,1.7800000000000011,250.0,70.0,0.1160603291208857,320,180.0,-8.0,0.56,146.0,
2025-04-01 07:32:33,146.0,185.0,147.0,45.0,145.0,45.0,148.0,18.0,146.5,1.0,230.0,63.0,0.2132369573867301,293,167.0,-27.0,0.57,146.0,
2025-04-01 07:32:34,146.0,148.0,147.0,45.0,145.0,45.0,148.0,18.0,146.5,1.0,193.0,63.0,0.2599038283586898,256,130.0,-37.0,0.51,146.0,4.0
2025-04-01 07:32:35,146.0,124.0,147.0,40.0,145.0,40.0,148.0,16.0,146.5,1.0,164.0,56.0,0.2468197722942877,220,108.0,-36.0,0.49,146.0,4.0
2025-04-01 07:32:36,146.0,96.0,147.0,40.0,145.0,40.0,148.0,16.0,146.5,1.0,136.0,56.0,0.1744133022315254,192,80.0,-28.0,0.42,146.0,
2025-04-01 07:32:37,146.0,36.0,147.0,15.0,145.0,15.0,148.0,6.0,146.5,1.0,51.0,21.0,0.0,72,30.0,-120.0,0.42,146.0,
2025-04-01 07:32:38,146.0,70.0,147.0,26.0,145.0,30.0,148.0,12.0,146.5,1.0,100.0,38.0,0.0,138,62.0,66.0,0.45,146.5,2.0
2025-04-01 07:32:39,146.0,88.0,147.0,32.0,145.0,40.0,148.0,16.0,146.5,1.0,128.0,48.0,0.0,176,80.0,38.0,0.45,146.5,
2025-04-01 07:32:40,146.0,84.0,147.0,32.0,145.0,40.0,148.0,16.0,146.5,1.0,124.0,48.0,0.0,172,76.0,-4.0,0.44,146.0,4.0
2025-04-01 07:32:41,146.0,42.0,147.0,20.0,145.0,30.0,279.33,12.0,146.5,1.0,72.0,32.0,0.0,104,40.0,-68.0,0.38,147.0,4.0
2025-04-01 07:32:42,146.56,43.0,428.11,38.0,145.49,72.0,517.29,28.0,287.33,281.55,115.0,66.0,62.981090654259255,181,49.0,77.0,0.27,149.0,2.0
2025-04-01 07:32:43,146.0,91.0,356.74,53.0,144.17,60.0,491.47,43.0,251.37,210.74,151.0,96.0,68.47829546652022,247,55.0,66.0,0.22,149.0,
2025-04-01 07:32:44,146.0,53.0,148.0,27.0,144.04,69.0,239.0,9.0,147.0,2.0,122.0,36.0,68.38890224298125,158,86.0,-89.0,0.54,146.0,4.0
2025-04-01 07:32:45,146.0,21.0,148.0,21.0,145.0,7.0,293.33,9.0,147.0,2.0,28.0,30.0,68.29920899981232,58,-2.0,-100.0,-0.03,146.0,
2025-04-01 07:32:46,145.76,29.0,148.0,27.0,144.03,79.0,288.74,19.0,146.88,2.240000000000009,108.0,46.0,68.230757214031,154,62.0,96.0,0.4,146.0,3.0
2025-04-01 07:32:47,146.01,68.0,147.5,24.0,145.61,18.0,305.32,28.0,146.76,1.490000000000009,86.0,52.0,46.71603814537376,138,34.0,-16.0,0.25,146.17,6.0
2025-04-01 07:32:48,146.0,54.0,147.2,30.0,145.0,10.0,154.19,27.0,146.6,1.1999999999999886,64.0,57.0,0.170645832045485,121,7.0,-17.0,0.06,146.0,3.0
2025-04-01 07:32:49,145.92,13.0,147.4,15.0,144.67,6.0,156.08,13.0,146.66,1.4800000000000182,19.0,28.0,0.1624807680755694,47,-9.0,-74.0,-0.19,146.0,3.0
2025-04-01 07:32:50,145.0,5.0,149.0,15.0,144.0,10.0,249.33,6.0,147.0,4.0,15.0,21.0,0.1624807680755694,36,-6.0,-11.0,-0.17,146.0,
2025-04-01 07:32:51,145.0,8.0,149.0,24.0,144.0,16.0,358.0,16.0,147.0,4.0,24.0,40.0,0.1878297100952103,64,-16.0,28.0,-0.25,146.0,
2025-04-01 07:32:52,145.0,5.0,149.0,15.0,144.0,10.0,260.8,5.0,147.0,4.0,15.0,20.0,0.2037645700176984,35,-5.0,-29.0,-0.14,146.0,
2025-04-01 07:32:53,145.0,5.0,149.0,15.0,144.0,10.0,292.29,7.0,147.0,4.0,15.0,22.0,0.1520526224521469,37,-7.0,2.0,-0.19,146.0,
2025-04-01 07:32:54,145.0,3.0,149.0,9.0,144.0,6.0,387.6,5.0,147.0,4.0,9.0,14.0,0.0,23,-5.0,-14.0,-0.22,146.0,
2025-04-01 07:32:55,145.0,10.0,149.0,30.0,144.0,20.0,454.6,10.0,147.0,4.0,30.0,40.0,0.0,70,-10.0,47.0,-0.14,146.0,
2025-04-01 07:32:56,145.0,8.0,149.0,24.0,144.0,16.0,330.5,8.0,147.0,4.0,24.0,32.0,0.0,56,-8.0,-14.0,-0.14,146.0,
2025-04-01 07:32:57,145.0,8.0,148.11,27.0,144.0,22.0,190.43,14.0,146.56,3.1100000000000136,30.0,41.0,0.1967739820061285,71,-11.0,15.0,-0.15,146.0,
2025-04-01 07:32:58,145.0,4.0,147.0,16.0,144.0,12.0,149.0,12.0,146.0,2.0,16.0,28.0,0.441270891850279,44,-12.0,-27.0,-0.27,146.0,
2025-04-01 07:32:59,144.33,12.0,146.82,28.0,143.13,60.0,148.2,30.0,145.58,2.4899999999999807,72.0,58.0,0.6273117247382158,130,14.0,86.0,0.11,144.5,2.0
2025-04-01 07:33:00,143.0,144.0,147.0,36.0,142.0,27.0,149.67,27.0,145.0,4.0,171.0,63.0,0.7883653975115862,234,108.0,104.0,0.46,144.0,1.0
2025-04-01 07:33:01,143.0,160.0,147.9,40.0,142.0,30.0,150.0,30.0,145.45,4.900000000000006,190.0,70.0,0.5905251899735234,260,120.0,26.0,0.46,144.0,
2025-04-01 07:33:02,143.12,102.0,148.0,32.0,142.56,41.0,150.0,24.0,145.56,4.879999999999996,143.0,56.0,0.3573793502611002,199,87.0,-61.0,0.44,144.0,
2025-04-01 07:33:03,143.17,70.0,148.0,48.0,142.32,44.0,150.0,36.0,145.59,4.8300000000000125,114.0,84.0,0.2500599927876485,198,30.0,-1.0,0.15,143.0,3.0
2025-04-01 07:33:04,143.0,32.0,147.77,26.0,142.0,24.0,149.26,27.0,145.38,4.77000000000001,56.0,53.0,0.2369177072169057,109,3.0,-89.0,0.03,147.0,3.0
2025-04-01 07:33:05,143.0,74.0,146.22,23.0,141.1,244.0,155.66,53.0,144.61,3.219999999999999,318.0,76.0,0.4046850627251054,394,242.0,169.5,0.61,143.0,1.0
2025-04-01 07:33:06,148.0,19.0,149.36,28.0,143.5,24.0,189.0,20.0,148.68,1.3600000000000136,43.0,48.0,1.56956363362354,91,-5.0,-170.5,-0.05,148.5,6.0
2025-04-01 07:33:07,148.0,18.0,150.0,45.0,143.0,27.0,420.0,15.0,149.0,2.0,45.0,60.0,2.0335609162241197,105,-15.0,14.0,-0.14,148.5,
2025-04-01 07:33:08,144.5,20.0,150.0,50.0,142.3,30.0,490.9,30.0,147.25,5.5,50.0,80.0,1.9506486100768248,130,-30.0,25.0,-0.23,146.33,3.0
2025-04-01 07:33:09,143.8,30.0,150.0,55.0,142.64,25.0,383.44,27.0,146.9,6.199999999999989,55.0,82.0,1.7458722748228117,137,-27.0,7.0,-0.2,146.33,
2025-04-01 07:33:10,143.0,22.0,150.0,55.0,142.0,33.0,169.0,11.0,146.5,7.0,55.0,66.0,1.1098558464933252,121,-11.0,-16.0,-0.09,144.0,3.0
2025-04-01 07:33:11,145.71,90.0,149.07,73.0,142.69,59.0,150.22,86.0,147.39,3.359999999999985,149.0,159.0,0.954237915823468,308,-10.0,169.5,-0.03,143.5,4.0
2025-04-01 07:33:12,146.0,31.0,147.57,28.0,141.79,39.0,150.0,35.0,146.79,1.5699999999999932,70.0,63.0,0.3580921668992531,133,7.0,-170.5,0.05,146.0,4.0
2025-04-01 07:33:13,146.0,14.0,147.86,58.0,142.12,60.0,158.15,66.0,146.93,1.8600000000000136,74.0,124.0,0.3213564998479525,198,-50.0,65.0,-0.25,147.0,4.0
2025-04-01 07:33:14,146.71,14.0,152.0,30.0,143.6,10.0,228.0,18.0,149.36,5.289999999999992,24.0,48.0,1.1450458506082313,72,-24.0,-126.0,-0.33,147.0,
2025-04-01 07:33:15,147.0,45.0,152.0,45.0,146.0,15.0,234.96,25.0,149.5,5.0,60.0,70.0,1.3304623256582064,130,-10.0,58.0,-0.08,147.0,
2025-04-01 07:33:16,147.0,35.0,152.0,35.0,146.0,7.0,689.14,7.0,149.5,5.0,42.0,42.0,1.4224380478587924,84,0.0,-46.0,0.0,147.0,
2025-04-01 07:33:19,145.71,34.0,150.0,10.0,142.4,20.0,152.0,50.0,147.85,4.289999999999992,54.0,60.0,0.8836005884998979,114,-6.0,-6.0,-0.05,146.36,11.0
2025-04-01 07:33:20,144.0,12.0,150.0,6.0,143.0,6.0,152.0,30.0,147.0,6.0,18.0,36.0,1.343781976362528,54,-18.0,-60.0,-0.33,146.36,
2025-04-01 07:33:21,144.0,12.0,150.0,6.0,143.0,6.0,152.0,30.0,147.0,6.0,18.0,36.0,1.4851767571559278,54,-18.0,0.0,-0.33,146.36,
2025-04-01 07:33:22,141.75,16.0,150.0,10.0,140.18,34.0,152.0,50.0,145.88,8.25,50.0,60.0,1.3446486529927322,110,-10.0,56.0,-0.09,143.0,4.0
2025-04-01 07:33:23,141.0,12.0,150.0,12.0,140.0,48.0,152.0,60.0,145.5,9.0,60.0,72.0,0.9487254608126544,132,-12.0,22.0,-0.09,143.0,
2025-04-01 07:33:24,145.75,61.0,150.0,14.0,140.69,39.0,152.0,70.0,147.88,4.25,100.0,84.0,0.958290143951294,184,16.0,52.0,0.09,146.0,1.0
2025-04-01 07:33:25,146.0,35.0,150.0,7.0,141.0,35.0,152.0,35.0,148.0,4.0,70.0,42.0,1.136802533421898,112,28.0,-72.0,0.25,146.0,
2025-04-01 07:33:26,146.0,44.0,150.0,10.0,141.0,50.0,152.0,50.0,148.0,4.0,94.0,60.0,1.2515270672241543,154,34.0,42.0,0.22,146.0,1.0
2025-04-01 07:33:27,146.0,32.0,150.0,8.0,141.0,40.0,152.0,40.0,148.0,4.0,72.0,48.0,1.10583904796096,120,24.0,-34.0,0.2,146.0,
2025-04-01 07:33:28,146.0,44.0,150.0,11.0,143.15,65.0,156.3,53.0,148.0,4.0,109.0,64.0,0.0536656314208995,173,45.0,53.0,0.26,146.0,
2025-04-01 07:33:29,146.0,20.0,150.0,11.0,145.0,77.0,223.52,25.0,148.0,4.0,97.0,36.0,0.0,133,61.0,-40.0,0.46,146.0,3.0
2025-04-01 07:33:30,147.0,10.0,150.0,8.0,145.16,45.0,152.0,40.0,148.5,3.0,55.0,48.0,0.2236067977409301,103,7.0,-30.0,0.07,146.0,
2025-04-01 07:33:33,147.93,29.0,149.8,45.0,145.67,21.0,151.74,69.0,148.87,1.8700000000000043,50.0,114.0,0.754784737522571,164,-64.0,62.0,-0.39,148.0,2.0
2025-04-01 07:33:34,146.0,13.0,149.0,39.0,145.0,91.0,150.0,39.0,147.5,3.0,104.0,78.0,0.9258509599265394,182,26.0,18.0,0.14,148.0,
2025-04-01 07:33:35,145.09,54.0,148.77,35.0,142.47,95.0,150.57,35.0,146.93,3.680000000000007,149.0,70.0,1.2747274218422109,219,79.0,37.0,0.36,146.0,1.0
2025-04-01 07:33:36,145.0,59.0,147.75,24.0,141.0,60.0,150.53,34.0,146.38,2.75,119.0,58.0,1.438043810179544,177,61.0,-42.0,0.34,145.33,6.0
2025-04-01 07:33:37,145.62,56.0,150.5,36.0,143.38,68.0,152.83,60.0,148.06,4.879999999999996,124.0,96.0,0.9693141905467204,220,28.0,43.0,0.13,145.33,
2025-04-01 07:33:38,146.0,28.0,150.0,21.0,145.0,56.0,152.0,35.0,148.0,4.0,84.0,56.0,0.7182478680755117,140,28.0,-80.0,0.2,146.0,3.0
2025-04-01 07:33:39,145.68,47.0,150.0,39.0,144.8,49.0,152.0,65.0,147.84,4.319999999999993,96.0,104.0,0.7486120490581945,200,-8.0,60.0,-0.04,146.0,
2025-04-01 07:33:40,145.25,16.0,150.0,18.0,144.43,14.0,152.0,30.0,147.62,4.75,30.0,48.0,0.6920982589165311,78,-18.0,-122.0,-0.23,146.0,
2025-04-01 07:33:41,144.0,22.0,150.0,33.0,143.0,55.0,152.0,55.0,147.0,6.0,77.0,88.0,0.4288123132507425,165,-11.0,87.0,-0.07,145.0,3.0
2025-04-01 07:33:42,146.22,18.0,150.0,36.0,143.44,36.0,152.0,60.0,148.11,3.780000000000001,54.0,96.0,0.4396362132439388,150,-42.0,-15.0,-0.28,148.0,1.0
2025-04-01 07:33:43,148.0,7.0,150.0,21.0,144.0,14.0,152.0,35.0,149.0,2.0,21.0,56.0,0.7323114091667107,77,-35.0,-73.0,-0.45,148.0,
2025-04-01 07:33:44,148.0,4.0,150.0,12.0,144.0,8.0,152.0,20.0,149.0,2.0,12.0,32.0,0.8732010077845973,44,-20.0,-33.0,-0.45,144.4,5.0
2025-04-01 07:33:45,143.0,24.0,150.0,24.0,141.0,8.0,152.0,40.0,146.5,7.0,32.0,64.0,1.143643301032166,96,-32.0,52.0,-0.33,144.4,
2025-04-01 07:33:46,143.0,24.0,150.0,24.0,140.54,13.0,152.0,40.0,146.5,7.0,37.0,64.0,1.260325354817407,101,-27.0,5.0,-0.27,144.4,
2025-04-01 07:33:47,141.1,61.0,148.65,51.0,139.83,72.0,150.77,61.0,144.87,7.550000000000011,133.0,112.0,1.7948203252679082,245,21.0,144.0,0.09,144.4,
2025-04-01 07:33:48,141.93,15.0,147.0,45.0,140.0,55.0,149.0,45.0,144.47,5.069999999999993,70.0,90.0,1.7859647252937727,160,-20.0,-85.0,-0.12,144.4,
2025-04-01 07:33:49,142.58,12.0,146.58,36.0,140.0,12.0,149.47,51.0,144.58,4.0,24.0,87.0,1.0291890011035465,111,-63.0,-49.0,-0.57,144.4,
2025-04-01 07:33:50,141.11,18.0,144.45,62.0,138.46,35.0,146.24,51.0,142.78,3.339999999999975,53.0,113.0,1.3233102432882216,166,-60.0,55.0,-0.36,142.33,3.0
2025-04-01 07:33:51,140.96,80.0,143.03,38.0,138.45,47.0,147.65,66.0,141.99,2.069999999999993,127.0,104.0,1.2747038871794176,231,23.0,65.0,0.1,142.57,7.0
2025-04-01 07:33:52,141.0,64.0,146.64,22.0,139.0,12.0,148.89,56.0,143.82,5.639999999999986,76.0,78.0,1.1185124049334596,154,-2.0,-77.0,-0.01,143.0,4.0
2025-04-01 07:33:53,141.38,64.0,148.0,24.0,140.43,28.0,149.0,60.0,144.69,6.6200000000000045,92.0,84.0,1.1680624983236545,176,8.0,22.0,0.05,143.0,
2025-04-01 07:33:54,142.42,72.0,148.0,24.0,141.46,65.0,149.0,60.0,145.21,5.5800000000000125,137.0,84.0,1.327128479081914,221,53.0,45.0,0.24,143.0,
2025-04-01 07:33:55,143.46,74.0,149.0,70.0,142.64,84.0,346.0,14.0,146.23,5.539999999999992,158.0,84.0,1.5994436532717349,242,74.0,21.0,0.31,145.0,5.0
2025-04-01 07:33:56,145.83,36.0,148.11,44.0,144.12,41.0,152.45,51.0,146.97,2.280000000000001,77.0,95.0,1.2438971018507268,172,-18.0,-70.0,-0.1,145.0,
2025-04-01 07:33:57,145.9,40.0,147.75,24.0,142.04,27.0,148.96,47.0,146.82,1.8499999999999943,67.0,71.0,1.0006397953277033,138,-4.0,-34.0,-0.03,147.0,3.0
2025-04-01 07:33:58,146.82,33.0,148.45,11.0,145.0,11.0,149.64,55.0,147.64,1.6299999999999957,44.0,66.0,0.912759552124373,110,-22.0,-28.0,-0.2,147.0,
2025-04-01 07:33:59,145.95,19.0,148.8,15.0,141.23,53.0,150.56,61.0,147.37,2.8500000000000227,72.0,76.0,0.5414148132392479,148,-4.0,38.0,-0.03,147.0,3.0
2025-04-01 07:34:00,143.59,17.0,149.0,13.0,141.42,33.0,162.06,64.0,146.29,5.409999999999997,50.0,77.0,0.520163435849642,127,-27.0,-21.0,-0.21,142.33,3.0
2025-04-01 07:34:01,144.79,28.0,149.0,10.0,140.91,22.0,151.0,50.0,146.89,4.210000000000008,50.0,60.0,0.5232303507967433,110,-10.0,-17.0,-0.09,142.33,
2025-04-01 07:34:02,144.5,36.0,149.0,13.0,142.47,51.0,151.0,65.0,146.75,4.5,87.0,78.0,0.5302075065432986,165,9.0,55.0,0.05,142.33,
2025-04-01 07:34:03,144.75,40.0,148.06,48.0,142.6,60.0,150.25,24.0,146.41,3.3100000000000023,100.0,72.0,0.4274576002301564,172,28.0,7.0,0.16,142.33,
2025-04-01 07:34:04,144.0,60.0,147.74,57.0,141.0,30.0,151.68,38.0,145.87,3.740000000000009,90.0,95.0,0.4021442527179795,185,-5.0,13.0,-0.03,142.33,
2025-04-01 07:34:05,144.0,72.0,145.67,45.0,141.0,36.0,147.0,16.0,144.83,1.6699999999999875,108.0,61.0,0.8360621986393624,169,47.0,-16.0,0.28,146.0,3.0
2025-04-01 07:34:06,140.95,61.0,146.59,37.0,139.88,52.0,150.53,40.0,143.77,5.640000000000015,113.0,77.0,1.2212616427255885,190,36.0,21.0,0.19,143.0,9.0
2025-04-01 07:34:07,140.0,132.0,143.93,28.0,139.0,48.0,145.89,46.0,141.96,3.930000000000007,180.0,74.0,1.7744914764493636,254,106.0,64.0,0.42,143.0,
2025-04-01 07:34:08,140.0,121.0,142.18,51.0,139.0,44.0,143.33,15.0,141.09,2.180000000000007,165.0,66.0,1.9772657889090093,231,99.0,-23.0,0.43,143.0,
2025-04-01 07:34:09,140.0,122.0,141.97,32.0,139.0,64.0,144.59,64.0,140.98,1.9699999999999989,186.0,96.0,1.7050307915074794,282,90.0,51.0,0.32,140.0,7.0
2025-04-01 07:34:10,140.0,18.0,141.84,19.0,139.0,36.0,147.4,25.0,140.92,1.8400000000000036,54.0,44.0,1.2084825195208744,98,10.0,-170.5,0.1,140.0,
2025-04-01 07:34:11,140.1,48.0,145.92,65.0,139.19,83.0,302.53,15.0,143.01,5.819999999999993,131.0,80.0,0.897814011912985,211,51.0,113.0,0.24,142.8,5.0
2025-04-01 07:34:12,141.64,14.0,147.0,70.0,139.31,108.0,350.31,16.0,144.32,5.360000000000014,122.0,86.0,1.534350025251079,208,36.0,-3.0,0.17,143.0,1.0
2025-04-01 07:34:13,142.0,24.0,147.0,75.0,139.03,120.0,342.0,30.0,144.5,5.0,144.0,105.0,1.7375787751894964,249,39.0,41.0,0.16,143.0,
2025-04-01 07:34:14,135.91,44.0,153.91,44.0,126.33,36.0,336.83,23.0,144.91,18.0,80.0,67.0,1.6241828714742148,147,13.0,-102.0,0.09,138.8,5.0
2025-04-01 07:34:15,137.5,24.0,152.12,32.0,135.0,108.0,209.79,28.0,144.81,14.620000000000005,132.0,60.0,0.7642316402710649,192,72.0,45.0,0.38,138.8,
2025-04-01 07:34:16,135.09,65.0,139.0,26.0,122.41,32.0,144.5,40.0,137.05,3.9099999999999966,97.0,66.0,3.4003485115484104,163,31.0,-29.0,0.19,139.0,2.0
2025-04-01 07:34:17,133.75,60.0,142.12,40.0,122.47,32.0,144.17,30.0,137.94,8.370000000000005,92.0,70.0,3.9835750275333663,162,22.0,-1.0,0.14,139.0,3.0
2025-04-01 07:34:18,141.84,50.0,144.0,60.0,139.9,63.0,145.0,12.0,142.92,2.1599999999999966,113.0,72.0,3.777344305194716,185,41.0,23.0,0.22,139.0,
2025-04-01 07:34:19,142.02,41.0,144.0,46.0,139.0,52.0,145.0,10.0,143.01,1.9799999999999895,93.0,56.0,3.431549212817199,149,37.0,-36.0,0.25,144.0,4.0
2025-04-01 07:34:20,139.0,45.0,144.0,9.0,138.0,54.0,145.0,9.0,141.5,5.0,99.0,18.0,2.811197253837815,117,81.0,-32.0,0.69,144.0,
2025-04-01 07:34:21,138.64,55.0,212.73,22.0,136.77,78.0,329.06,17.0,175.68,74.09,133.0,39.0,15.492917736824074,172,94.0,55.0,0.55,142.67,3.0
2025-04-01 07:34:22,145.59,83.0,241.12,17.0,137.09,66.0,347.0,19.0,193.35,95.53,149.0,36.0,23.86532568392931,185,113.0,13.0,0.61,142.67,
2025-04-01 07:34:23,141.07,30.0,174.36,11.0,132.75,32.0,229.0,9.0,157.72,33.29000000000002,62.0,20.0,22.18578306032989,82,42.0,-103.0,0.51,148.0,7.0
2025-04-01 07:34:24,141.0,52.0,144.11,35.0,113.81,31.0,228.95,19.0,142.56,3.1100000000000136,83.0,54.0,22.284050798721957,137,29.0,55.0,0.21,148.0,
2025-04-01 07:34:25,140.31,36.0,144.0,36.0,88.59,27.0,236.4,30.0,142.15,3.6899999999999977,63.0,66.0,22.13477512874302,129,-3.0,-8.0,-0.02,148.0,
2025-04-01 07:34:26,141.0,45.0,143.88,24.0,136.0,17.0,172.62,26.0,142.44,2.8799999999999955,62.0,50.0,22.100208822543053,112,12.0,-17.0,0.11,144.0,1.0
2025-04-01 07:34:27,141.0,43.0,143.0,27.0,138.0,9.0,144.0,18.0,142.0,2.0,52.0,45.0,6.9052284538596655,97,7.0,-15.0,0.07,141.0,1.0
2025-04-01 07:34:28,141.1,40.0,143.0,36.0,140.16,25.0,144.77,26.0,142.05,1.9000000000000057,65.0,62.0,0.2470829819877942,127,3.0,30.0,0.02,143.0,1.0
2025-04-01 07:34:29,141.0,20.0,143.0,10.0,138.0,5.0,145.0,10.0,142.0,2.0,25.0,20.0,0.1848512915502446,45,5.0,-82.0,0.11,143.0,
2025-04-01 07:34:30,139.33,18.0,142.17,24.0,136.33,12.0,143.67,24.0,140.75,2.839999999999975,30.0,48.0,0.6409134106783234,78,-18.0,33.0,-0.23,141.0,4.0
2025-04-01 07:34:31,138.98,61.0,141.94,17.0,137.85,13.0,143.31,26.0,140.46,2.960000000000008,74.0,43.0,0.7802371434292652,117,31.0,39.0,0.26,141.0,1.0
2025-04-01 07:34:32,139.33,60.0,187.0,13.0,138.0,12.0,406.67,33.0,163.17,47.66999999999999,72.0,46.0,9.800159692576116,118,26.0,1.0,0.22,143.5,4.0
2025-04-01 07:34:33,139.6,30.0,190.08,49.0,138.25,12.0,194.64,14.0,164.84,50.48000000000002,42.0,63.0,12.589190998630588,105,-21.0,-13.0,-0.2,139.83,6.0
2025-04-01 07:34:34,140.0,6.0,145.8,25.0,138.17,12.0,187.38,29.0,142.9,5.800000000000011,18.0,54.0,12.447486894951997,72,-36.0,-33.0,-0.5,139.83,
2025-04-01 07:34:35,140.0,9.0,144.89,45.0,138.0,22.0,146.0,36.0,142.44,4.889999999999986,31.0,81.0,12.138229689703612,112,-50.0,40.0,-0.45,139.83,
2025-04-01 07:34:36,140.0,8.0,144.0,40.0,138.0,23.0,146.0,32.0,142.0,4.0,31.0,72.0,11.827019912048968,103,-41.0,-9.0,-0.4,139.83,
2025-04-01 07:34:37,140.0,8.0,143.0,40.0,138.0,16.0,146.89,35.0,141.5,3.0,24.0,75.0,10.133739684834785,99,-51.0,-4.0,-0.52,139.83,
2025-04-01 07:34:38,138.18,22.0,142.0,60.0,136.57,14.0,146.69,52.0,140.09,3.819999999999993,36.0,112.0,1.0808237599103503,148,-76.0,49.0,-0.51,140.0,1.0
2025-04-01 07:34:39,138.0,18.0,142.0,45.0,136.0,9.0,146.0,36.0,140.0,4.0,27.0,81.0,1.1112515466741584,108,-54.0,-40.0,-0.5,140.0,
2025-04-01 07:34:40,138.95,76.0,141.6,42.0,137.14,14.0,146.0,32.0,140.27,2.6500000000000057,90.0,74.0,0.9152977657488984,164,16.0,56.0,0.1,141.0,1.0
2025-04-01 07:34:41,139.0,144.0,140.55,51.0,137.0,26.0,142.54,52.0,139.77,1.5500000000000114,170.0,103.0,0.6805365530110175,273,67.0,109.0,0.25,140.22,9.0
2025-04-01 07:34:42,139.82,110.0,230.88,16.0,137.87,46.0,365.83,23.0,185.35,91.06,156.0,39.0,20.26740190552305,195,117.0,-78.0,0.6,144.0,6.0
2025-04-01 07:34:43,148.0,60.0,331.36,47.0,142.12,80.0,461.16,37.0,239.68,183.36,140.0,84.0,44.11289414672353,224,56.0,29.0,0.25,144.0,
2025-04-01 07:34:45,146.0,14.0,433.48,25.0,145.0,70.0,466.65,23.0,289.74,287.48,84.0,48.0,67.97289879062201,132,36.0,-17.0,0.27,144.0,
2025-04-01 07:34:46,145.0,64.0,392.37,19.0,144.0,24.0,438.59,29.0,268.68,247.37,88.0,48.0,45.71163801484463,136,40.0,4.0,0.29,145.4,5.0
2025-04-01 07:34:47,145.0,47.0,388.5,8.0,144.0,21.0,442.29,17.0,266.75,243.5,68.0,25.0,22.8872202331392,93,43.0,-43.0,0.46,145.0,2.0
2025-04-01 07:34:48,145.0,58.0,373.89,45.0,144.0,36.0,391.89,38.0,259.44,228.89,94.0,83.0,16.61547381208924,177,11.0,84.0,0.06,145.0,1.0
2025-04-01 07:34:49,145.0,32.0,370.97,31.0,144.0,24.0,371.8,25.0,257.98,225.97000000000003,56.0,56.0,12.717948733982576,112,0.0,-65.0,0.0,145.0,
2025-04-01 07:34:50,145.0,24.0,343.0,18.0,144.0,18.0,369.29,21.0,244.0,198.0,42.0,39.0,9.737997740818845,81,3.0,-31.0,0.04,145.0,
2025-04-01 07:34:51,145.0,36.0,313.91,33.0,144.0,27.0,356.24,25.0,229.45,168.91000000000005,63.0,58.0,14.83278564532569,121,5.0,40.0,0.04,145.0,
2025-04-01 07:34:52,145.0,44.0,193.2,51.0,144.0,33.0,217.85,27.0,169.1,48.19999999999999,77.0,78.0,37.19820667720618,155,-1.0,34.0,-0.01,145.0,
2025-04-01 07:34:53,143.84,37.0,175.89,18.0,141.3,44.0,185.55,51.0,159.86,32.04999999999998,81.0,69.0,44.7258931716306,150,12.0,-5.0,0.08,144.57,7.0
2025-04-01 07:34:54,141.0,21.0,143.8,15.0,140.0,77.0,153.15,27.0,142.4,2.800000000000012,98.0,42.0,44.93858275468945,140,56.0,-10.0,0.4,144.57,
2025-04-01 07:34:55,140.35,79.0,144.72,50.0,139.85,97.0,149.0,13.0,142.54,4.3700000000000045,176.0,63.0,35.86397635511206,239,113.0,99.0,0.47,141.0,6.0
2025-04-01 07:34:56,140.51,77.0,145.7,20.0,139.57,70.0,313.24,25.0,143.1,5.189999999999998,147.0,45.0,12.381954611449991,192,102.0,-47.0,0.53,144.62,8.0
2025-04-01 07:34:57,141.34,41.0,287.23,22.0,140.12,68.0,567.44,32.0,214.28,145.89,109.0,54.0,31.0064877082204,163,55.0,-29.0,0.34,142.0,2.0
2025-04-01 07:34:58,141.04,52.0,219.8,15.0,140.08,65.0,346.73,33.0,180.42,78.76000000000002,117.0,48.0,32.24939875408578,165,69.0,2.0,0.42,142.0,
2025-04-01 07:34:59,143.25,16.0,183.47,17.0,141.0,55.0,272.22,27.0,163.36,40.22,71.0,44.0,29.92953390883388,115,27.0,-50.0,0.23,143.0,1.0
2025-04-01 07:35:00,147.83,42.0,242.0,26.0,143.0,20.0,426.61,23.0,194.92,94.17,62.0,49.0,27.537826348498427,111,13.0,-4.0,0.12,143.0,
2025-04-01 07:35:01,143.5,22.0,175.54,26.0,141.37,57.0,250.41,22.0,159.52,32.03999999999999,79.0,48.0,22.70997137823074,127,31.0,16.0,0.24,143.2,5.0
2025-04-01 07:35:02,141.07,15.0,292.17,12.0,140.05,44.0,341.1,10.0,216.62,151.10000000000002,59.0,22.0,23.537640493474704,81,37.0,-46.0,0.46,143.2,
2025-04-01 07:35:03,141.14,28.0,350.9,20.0,140.03,80.0,404.38,29.0,246.02,209.76,108.0,49.0,36.48449149981513,157,59.0,76.0,0.38,143.2,
2025-04-01 07:35:04,140.21,57.0,146.0,30.0,137.28,79.0,152.72,29.0,143.11,5.789999999999992,136.0,59.0,41.76723141411309,195,77.0,38.0,0.39,140.67,3.0
2025-04-01 07:35:05,140.0,60.0,143.5,16.0,139.0,12.0,147.0,24.0,141.75,3.5,72.0,40.0,47.25773407602251,112,32.0,-83.0,0.29,143.0,1.0
2025-04-01 07:35:06,140.0,48.0,143.25,12.0,139.0,10.0,166.18,22.0,141.62,3.25,58.0,34.0,49.93232650297854,92,24.0,-20.0,0.26,140.0,1.0
2025-04-01 07:35:07,140.15,47.0,145.71,41.0,139.55,22.0,162.93,43.0,142.93,5.560000000000002,69.0,84.0,46.36638685513493,153,-15.0,61.0,-0.1,140.0,
2025-04-01 07:35:08,141.0,36.0,145.0,44.0,140.0,48.0,160.94,52.0,143.0,4.0,84.0,96.0,0.7318264821634409,180,-12.0,27.0,-0.07,140.0,
2025-04-01 07:35:09,141.0,11.0,145.0,49.0,140.0,28.0,543.29,17.0,143.0,4.0,39.0,66.0,0.7095421058652369,105,-27.0,-75.0,-0.26,141.0,2.0
2025-04-01 07:35:10,141.0,8.0,145.0,56.0,140.0,32.0,317.5,8.0,143.0,4.0,40.0,64.0,0.610081961703572,104,-24.0,-1.0,-0.23,141.0,
2025-04-01 07:35:11,143.5,6.0,145.0,40.0,140.56,9.0,147.0,6.0,144.25,1.5,15.0,46.0,0.5676530630560606,61,-31.0,-43.0,-0.51,145.0,2.0
2025-04-01 07:35:12,142.54,13.0,145.0,40.0,140.29,17.0,147.0,8.0,143.77,2.460000000000008,30.0,48.0,0.5786449688688199,78,-18.0,17.0,-0.23,145.0,
2025-04-01 07:35:13,141.0,12.0,145.0,40.0,138.92,26.0,147.0,8.0,143.0,4.0,38.0,48.0,0.5786449688688199,86,-10.0,8.0,-0.12,141.0,1.0
2025-04-01 07:35:14,120.67,12.0,145.0,45.0,87.86,51.0,147.0,9.0,132.83,24.33,63.0,54.0,4.803639245404868,117,9.0,31.0,0.08,141.0,
2025-04-01 07:35:15,135.33,48.0,144.88,34.0,108.59,39.0,145.75,16.0,140.11,9.549999999999985,87.0,50.0,4.731809379084591,137,37.0,20.0,0.27,141.0,
2025-04-01 07:35:16,140.0,143.0,142.37,41.0,126.0,30.0,145.06,72.0,141.18,2.3700000000000045,173.0,113.0,4.355108494629257,286,60.0,149.0,0.21,140.0,1.0
2025-04-01 07:35:17,140.0,108.0,141.0,18.0,121.36,22.0,145.38,13.0,140.5,1.0,130.0,31.0,3.9029002036935063,161,99.0,-125.0,0.61,140.0,
2025-04-01 07:35:18,140.27,90.0,271.91,53.0,135.55,115.0,281.98,40.0,206.09,131.64,205.0,93.0,30.347202012706404,298,112.0,137.0,0.38,143.42,12.0
2025-04-01 07:35:19,144.5,16.0,295.55,22.0,140.2,40.0,440.0,10.0,220.02,151.05,56.0,32.0,39.9933150663963,88,24.0,-170.5,0.27,143.42,
2025-04-01 07:35:26,144.0,15.0,150.0,27.0,140.29,51.0,279.29,31.0,147.0,6.0,66.0,58.0,1.4762384631239842,124,8.0,-38.0,0.06,147.22,9.0
2025-04-01 07:35:27,141.0,66.0,147.67,48.0,139.55,94.0,150.0,36.0,144.33,6.669999999999988,160.0,84.0,2.6172447344496748,244,76.0,120.0,0.31,147.22,
2025-04-01 07:35:28,141.5,60.0,146.25,40.0,140.0,96.0,147.82,44.0,143.88,4.75,156.0,84.0,2.8935393551846373,240,72.0,-4.0,0.3,142.0,2.0
2025-04-01 07:35:29,142.0,52.0,145.93,55.0,140.14,74.0,202.22,54.0,143.96,3.930000000000007,126.0,109.0,2.482120061560317,235,17.0,-5.0,0.07,142.0,
2025-04-01 07:35:30,143.0,44.0,145.0,38.0,140.03,68.0,194.2,59.0,144.0,2.0,112.0,97.0,1.333709113711942,209,15.0,-26.0,0.07,144.0,4.0
2025-04-01 07:35:31,143.22,18.0,146.0,40.0,140.14,44.0,424.78,27.0,144.61,2.780000000000001,62.0,67.0,0.306316829438844,129,-5.0,-80.0,-0.04,144.0,
2025-04-01 07:35:32,144.0,56.0,145.36,70.0,143.0,28.0,360.41,34.0,144.68,1.3600000000000136,84.0,104.0,0.3857201057730661,188,-20.0,59.0,-0.11,144.0,
2025-04-01 07:35:33,144.0,24.0,145.0,30.0,143.0,12.0,343.0,24.0,144.5,1.0,36.0,54.0,0.3440930106785028,90,-18.0,-98.0,-0.2,144.0,
2025-04-01 07:35:34,144.0,36.0,145.0,45.0,143.0,18.0,299.67,36.0,144.5,1.0,54.0,81.0,0.2672452057530385,135,-27.0,45.0,-0.2,144.0,
2025-04-01 07:35:35,143.0,18.0,281.08,26.0,141.0,18.0,429.0,23.0,212.04,138.07999999999998,36.0,49.0,30.172480507906887,85,-13.0,-50.0,-0.15,144.0,4.0
2025-04-01 07:35:36,144.0,20.0,178.77,31.0,143.0,20.0,290.83,36.0,161.39,34.77000000000001,40.0,67.0,29.21979500270368,107,-27.0,22.0,-0.25,144.0,
2025-04-01 07:35:37,144.77,26.0,162.83,18.0,143.0,26.0,168.88,17.0,153.8,18.06,52.0,35.0,28.17956316198017,87,17.0,-20.0,0.2,144.0,
2025-04-01 07:35:38,143.27,15.0,159.89,18.0,141.05,86.0,162.47,15.0,151.58,16.619999999999976,101.0,33.0,27.16159457763907,134,68.0,47.0,0.51,144.33,3.0
2025-04-01 07:35:39,141.12,68.0,152.16,31.0,140.25,128.0,153.63,27.0,146.64,11.039999999999992,196.0,58.0,26.778625804921973,254,138.0,120.0,0.54,141.4,5.0
2025-04-01 07:35:40,146.33,46.0,149.14,14.0,140.52,62.0,229.17,35.0,147.73,2.809999999999974,108.0,49.0,5.879861392925046,157,59.0,-97.0,0.38,146.83,6.0
2025-04-01 07:35:41,142.0,12.0,147.67,12.0,140.08,52.0,271.4,30.0,144.83,5.669999999999988,64.0,42.0,3.682136608004199,106,22.0,-51.0,0.21,146.83,
2025-04-01 07:35:42,142.0,26.0,283.67,33.0,131.8,15.0,330.58,26.0,212.83,141.67000000000002,41.0,59.0,29.233842887995856,100,-18.0,-6.0,-0.18,144.0,3.0
2025-04-01 07:35:43,140.62,68.0,248.55,44.0,137.48,108.0,350.75,20.0,194.58,107.93,176.0,64.0,32.06032704137687,240,112.0,140.0,0.47,141.0,4.0
2025-04-01 07:35:44,141.92,52.0,233.0,70.0,140.22,83.0,312.31,35.0,187.46,91.08,135.0,105.0,29.96964180633555,240,30.0,0.0,0.12,141.0,
2025-04-01 07:35:45,144.0,27.0,305.05,37.0,141.0,18.0,377.0,13.0,224.53,161.05,45.0,50.0,30.580991318138825,95,-5.0,-145.0,-0.05,141.0,
2025-04-01 07:35:46,144.9,30.0,288.7,54.0,142.55,29.0,307.38,40.0,216.8,143.79999999999998,59.0,94.0,15.59735394225918,153,-35.0,58.0,-0.23,147.0,2.0
2025-04-01 07:35:47,141.6,30.0,266.58,26.0,117.0,16.0,374.55,22.0,204.09,124.98,46.0,48.0,15.30119831908942,94,-2.0,-59.0,-0.02,142.8,5.0
2025-04-01 07:35:48,140.0,99.0,247.09,55.0,92.08,39.0,252.82,55.0,193.55,107.09,138.0,110.0,15.49059488851556,248,28.0,154.0,0.11,142.8,
2025-04-01 07:35:49,140.03,68.0,225.46,26.0,135.71,34.0,246.8,50.0,182.75,85.43,102.0,76.0,16.922635137593165,178,26.0,-70.0,0.15,140.33,3.0
2025-04-01 07:35:50,140.0,45.0,245.4,50.0,117.9,29.0,397.34,32.0,192.7,105.4,74.0,82.0,12.951647385568036,156,-8.0,-22.0,-0.05,140.0,5.0
2025-04-01 07:35:51,140.0,22.0,238.69,49.0,116.52,25.0,322.63,19.0,189.35,98.69,47.0,68.0,7.75330381192954,115,-21.0,-41.0,-0.18,140.0,
2025-04-01 07:35:52,141.9,30.0,242.78,45.0,137.91,23.0,261.77,30.0,192.34,100.88,53.0,75.0,4.423174199607875,128,-22.0,13.0,-0.17,140.0,
2025-04-01 07:35:53,140.0,33.0,241.42,45.0,99.36,22.0,242.85,54.0,190.71,101.42,55.0,99.0,4.041354970808144,154,-44.0,26.0,-0.29,140.0,
2025-04-01 07:35:54,142.82,17.0,239.69,51.0,128.79,24.0,240.58,48.0,191.25,96.87,41.0,99.0,1.3407274145324095,140,-58.0,-14.0,-0.41,140.0,
2025-04-01 07:35:55,147.31,35.0,237.92,50.0,121.6,15.0,238.9,49.0,192.62,90.61,50.0,99.0,1.3197083011327693,149,-49.0,9.0,-0.33,148.29,7.0
2025-04-01 07:35:56,142.53,38.0,225.36,44.0,98.07,28.0,232.59,34.0,183.94,82.83000000000001,66.0,78.0,3.570093836312544,144,-12.0,-5.0,-0.08,140.0,2.0
2025-04-01 07:35:57,140.92,13.0,221.39,56.0,124.71,21.0,229.38,58.0,181.16,80.47,34.0,114.0,5.062107268724446,148,-80.0,4.0,-0.54,140.0,
2025-04-01 07:35:58,142.83,24.0,155.29,17.0,141.5,8.0,217.88,32.0,149.06,12.45999999999998,32.0,49.0,17.742628892023255,81,-17.0,-67.0,-0.21,140.0,
2025-04-01 07:35:59,147.11,28.0,154.13,39.0,142.98,41.0,187.44,41.0,150.62,7.019999999999982,69.0,80.0,20.20921571956825,149,-11.0,68.0,-0.07,148.0,3.0
2025-04-01 07:36:00,144.05,22.0,149.11,47.0,142.77,30.0,150.42,38.0,146.58,5.060000000000002,52.0,85.0,18.593168637971,137,-33.0,-12.0,-0.24,143.83,6.0
2025-04-01 07:36:01,143.5,16.0,146.31,65.0,141.23,13.0,149.87,62.0,144.9,2.8100000000000023,29.0,127.0,15.085452595133328,156,-98.0,19.0,-0.63,146.0,2.0
2025-04-01 07:36:02,142.12,8.0,143.78,37.0,140.25,8.0,146.4,20.0,142.95,1.6599999999999966,16.0,57.0,3.089436841885881,73,-41.0,-83.0,-0.56,144.0,1.0
2025-04-01 07:36:03,140.45,11.0,142.09,44.0,122.06,17.0,144.17,36.0,141.27,1.6400000000000148,28.0,80.0,3.6006152252079207,108,-52.0,35.0,-0.48,141.8,5.0
2025-04-01 07:36:04,140.8,20.0,142.78,36.0,139.0,10.0,198.2,20.0,141.79,1.9799999999999895,30.0,56.0,2.216183656648519,86,-26.0,-22.0,-0.3,142.0,4.0
2025-04-01 07:36:05,145.33,18.0,148.36,25.0,141.67,21.0,262.17,24.0,146.85,3.030000000000001,39.0,49.0,2.3113026630011184,88,-10.0,2.0,-0.11,147.0,2.0
2025-04-01 07:36:06,142.0,16.0,143.88,24.0,140.0,8.0,145.55,22.0,142.94,1.8799999999999957,24.0,46.0,2.188469785031398,70,-22.0,-18.0,-0.31,147.0,
2025-04-01 07:36:07,140.0,11.0,142.15,20.0,66.0,40.0,143.62,26.0,141.07,2.1500000000000057,51.0,46.0,2.3861433318211893,97,5.0,27.0,0.05,142.0,2.0
2025-04-01 07:36:08,140.0,16.0,141.0,39.0,51.45,47.0,144.73,33.0,140.5,1.0,63.0,72.0,2.528863381045815,135,-9.0,38.0,-0.07,140.0,1.0
2025-04-01 07:36:10,122.54,39.0,145.5,24.0,101.46,39.0,188.11,38.0,134.02,22.959999999999997,78.0,62.0,10.212881571818114,140,16.0,48.0,0.11,144.6,5.0
2025-04-01 07:36:11,136.45,47.0,145.02,51.0,113.69,48.0,155.77,44.0,140.73,8.570000000000022,95.0,95.0,9.84173104692367,190,0.0,50.0,0.0,144.6,
2025-04-01 07:36:12,140.92,12.0,143.67,24.0,139.33,9.0,167.5,20.0,142.29,2.75,21.0,44.0,10.046614852774129,65,-23.0,-125.0,-0.35,141.0,2.0
2025-04-01 07:36:13,142.5,10.0,146.1,20.0,140.0,10.0,155.91,23.0,144.3,3.5999999999999943,20.0,43.0,10.678982629444768,63,-23.0,-2.0,-0.37,141.0,
2025-04-01 07:36:14,140.47,19.0,144.71,56.0,133.31,26.0,146.21,28.0,142.59,4.240000000000009,45.0,84.0,3.9889384552774985,129,-39.0,66.0,-0.3,141.0,3.0
2025-04-01 07:36:15,136.0,33.0,142.84,25.0,52.29,21.0,145.37,49.0,139.42,6.840000000000003,54.0,74.0,1.8642505196441803,128,-20.0,-1.0,-0.16,141.0,
2025-04-01 07:36:16,136.0,27.0,140.0,52.0,67.0,27.0,141.0,9.0,138.0,4.0,54.0,61.0,2.5527730020494594,115,-7.0,-13.0,-0.06,141.0,
2025-04-01 07:36:17,136.38,24.0,139.77,31.0,92.75,28.0,140.15,61.0,138.07,3.390000000000015,52.0,92.0,2.8340130557199474,144,-40.0,29.0,-0.28,139.0,1.0
2025-04-01 07:36:18,138.06,17.0,140.4,35.0,135.73,30.0,178.53,38.0,139.23,2.3400000000000034,47.0,73.0,1.8651461068745463,120,-26.0,-24.0,-0.22,139.8,10.0
2025-04-01 07:36:19,134.7,20.0,142.0,18.0,123.67,12.0,308.78,27.0,138.35,7.300000000000011,32.0,45.0,0.6655298640840549,77,-13.0,-43.0,-0.17,138.33,3.0
2025-04-01 07:36:20,132.0,18.0,227.83,18.0,92.0,12.0,304.31,26.0,179.92,95.83,30.0,44.0,18.56917957261447,74,-14.0,-3.0,-0.19,138.33,
2025-04-01 07:36:21,142.48,71.0,296.0,55.0,111.81,26.0,297.0,55.0,219.24,153.52,97.0,110.0,36.20551435900384,207,-13.0,133.0,-0.06,146.4,5.0
2025-04-01 07:36:22,146.0,80.0,258.43,23.0,132.0,21.0,302.41,27.0,202.22,112.43,101.0,50.0,36.54412223600475,151,51.0,-56.0,0.34,146.0,4.0
2025-04-01 07:36:23,146.0,72.0,292.07,30.0,135.2,15.0,298.85,26.0,219.03,146.07,87.0,56.0,33.91543999419859,143,31.0,-8.0,0.22,146.0,
2025-04-01 07:36:24,146.0,82.0,285.81,48.0,140.0,12.0,323.51,45.0,215.91,139.81,94.0,93.0,16.805898666840573,187,1.0,44.0,0.01,146.0,3.0
2025-04-01 07:36:25,146.0,40.0,285.37,38.0,140.0,8.0,374.61,31.0,215.68,139.37,48.0,69.0,7.020187319447158,117,-21.0,-70.0,-0.18,146.0,
2025-04-01 07:36:26,146.0,39.0,258.0,36.0,140.0,9.0,294.0,45.0,202.0,112.0,48.0,81.0,8.194124114273606,129,-33.0,12.0,-0.26,146.0,1.0
2025-04-01 07:36:27,146.0,40.0,257.67,36.0,140.0,10.0,359.85,26.0,201.83,111.67000000000002,50.0,62.0,8.299394556238424,112,-12.0,-17.0,-0.11,146.0,
2025-04-01 07:36:28,146.0,32.0,218.5,22.0,140.0,8.0,232.33,18.0,182.25,72.5,40.0,40.0,13.774579122430788,80,0.0,-32.0,0.0,146.0,
2025-04-01 07:36:29,146.0,36.0,211.15,26.0,140.0,16.0,214.05,19.0,178.58,65.15,52.0,45.0,15.409307901398169,97,7.0,17.0,0.07,146.0,
2025-04-01 07:36:30,146.0,32.0,205.0,24.0,140.0,16.0,207.0,16.0,175.5,59.0,48.0,40.0,12.896827904569276,88,8.0,-9.0,0.09,146.0,
2025-04-01 07:36:31,146.0,32.0,204.29,28.0,140.0,10.0,206.33,18.0,175.14,58.28999999999999,42.0,46.0,11.091882166704918,88,-4.0,0.0,-0.05,146.0,
2025-04-01 07:36:32,146.0,20.0,201.23,13.0,140.0,5.0,212.0,15.0,173.62,55.22999999999999,25.0,28.0,3.4347954815469888,53,-3.0,-35.0,-0.06,146.0,
2025-04-01 07:36:33,146.0,40.0,197.3,30.0,143.86,28.0,228.0,50.0,171.65,51.30000000000001,68.0,80.0,2.557385383561017,148,-12.0,95.0,-0.08,146.0,
2025-04-01 07:36:34,146.0,16.0,194.75,12.0,144.0,12.0,228.0,20.0,170.38,48.75,28.0,32.0,2.2117911293900065,60,-4.0,-88.0,-0.07,146.0,
2025-04-01 07:36:35,146.0,36.0,190.86,28.0,144.0,36.0,367.82,22.0,168.43,44.860000000000014,72.0,50.0,2.638850128378941,122,22.0,62.0,0.18,146.0,
2025-04-01 07:36:36,147.29,34.0,171.25,28.0,143.91,43.0,181.43,28.0,159.27,23.960000000000008,77.0,56.0,5.584008416902637,133,21.0,11.0,0.16,146.0,4.0
2025-04-01 07:36:37,148.0,28.0,168.86,21.0,144.0,42.0,389.26,31.0,158.43,20.860000000000014,70.0,52.0,6.303421293237014,122,18.0,-11.0,0.15,146.0,
2025-04-01 07:36:38,148.0,44.0,166.5,42.0,144.0,84.0,208.11,54.0,157.25,18.5,128.0,96.0,6.1543090595150085,224,32.0,102.0,0.14,148.0,3.0
2025-04-01 07:36:39,148.0,8.0,165.25,24.0,144.45,33.0,166.5,24.0,156.62,17.25,41.0,48.0,4.823111029203401,89,-7.0,-135.0,-0.08,148.0,
2025-04-01 07:36:40,145.07,45.0,160.33,48.0,143.97,70.0,161.25,68.0,152.7,15.26000000000002,115.0,116.0,2.539100234338466,231,-1.0,142.0,-0.0,145.57,7.0
2025-04-01 07:36:41,144.05,77.0,157.16,64.0,143.03,93.0,158.73,52.0,150.6,13.109999999999983,170.0,116.0,3.3177477300142004,286,54.0,55.0,0.19,145.57,
2025-04-01 07:36:42,143.63,38.0,152.14,64.0,142.28,189.0,152.9,84.0,147.89,8.509999999999991,227.0,148.0,3.972665352129524,375,79.0,89.0,0.21,144.29,7.0
2025-04-01 07:36:43,148.16,43.0,150.06,54.0,142.35,86.0,152.05,82.0,149.11,1.9000000000000057,129.0,136.0,3.432976842334838,265,-7.0,-110.0,-0.03,146.3,10.0
2025-04-01 07:36:44,143.0,10.0,149.21,14.0,142.0,140.0,150.31,26.0,146.11,6.210000000000008,150.0,40.0,2.522334236377737,190,110.0,-75.0,0.58,146.3,
2025-04-01 07:36:45,143.0,15.0,148.64,28.0,142.0,210.0,169.6,45.0,145.82,5.639999999999986,225.0,73.0,2.017704140849364,298,152.0,108.0,0.51,148.0,1.0
2025-04-01 07:36:46,142.8,69.0,145.17,36.0,141.97,217.0,170.22,37.0,143.98,2.369999999999976,286.0,73.0,1.9796135986596384,359,213.0,61.0,0.59,144.17,6.0
2025-04-01 07:36:47,142.41,111.0,148.92,52.0,141.94,164.0,179.51,49.0,145.67,6.509999999999991,275.0,101.0,1.8581361629324464,376,174.0,17.0,0.46,142.86,7.0
2025-04-01 07:36:48,142.0,165.0,144.0,56.0,141.0,28.0,145.25,48.0,143.0,2.0,193.0,104.0,1.3563296059567809,297,89.0,-79.0,0.3,142.0,8.0
2025-04-01 07:36:49,141.93,28.0,143.57,28.0,140.67,21.0,145.29,28.0,142.75,1.6399999999999864,49.0,56.0,1.4462468668915074,105,-7.0,-170.5,-0.07,142.0,3.0
2025-04-01 07:36:50,141.0,12.0,143.57,21.0,140.0,42.0,145.29,21.0,142.29,2.569999999999993,54.0,42.0,1.3424492541590032,96,12.0,-9.0,0.12,142.0,
2025-04-01 07:36:51,140.18,44.0,309.47,32.0,139.47,17.0,310.76,21.0,224.83,169.29000000000002,61.0,53.0,36.42821049681174,114,8.0,18.0,0.07,141.0,12.0
2025-04-01 07:36:52,142.87,47.0,417.22,27.0,139.71,17.0,656.0,9.0,280.05,274.35,64.0,36.0,63.2091621523342,100,28.0,-14.0,0.28,141.0,
2025-04-01 07:36:53,146.85,26.0,388.5,8.0,144.38,32.0,412.25,16.0,267.67,241.65,58.0,24.0,66.2352724762277,82,34.0,-18.0,0.41,141.0,
2025-04-01 07:36:56,147.0,24.0,235.56,16.0,143.89,36.0,579.75,8.0,191.28,88.56,60.0,24.0,35.69690364723817,84,36.0,42.0,0.43,148.0,4.0
2025-04-01 07:36:57,145.0,12.0,295.6,10.0,140.0,16.0,361.0,8.0,220.3,150.60000000000002,28.0,18.0,33.33214559550858,46,10.0,-38.0,0.22,145.0,4.0
2025-04-01 07:36:58,146.15,13.0,294.38,16.0,141.15,26.0,296.0,24.0,220.26,148.23,39.0,40.0,29.57521056560988,79,-1.0,33.0,-0.01,145.0,
2025-04-01 07:36:59,145.83,12.0,293.0,14.0,140.83,24.0,375.56,9.0,219.42,147.17,36.0,23.0,18.797550904310388,59,13.0,-20.0,0.22,145.0,
2025-04-01 07:37:00,140.0,28.0,293.0,14.0,139.0,7.0,564.68,19.0,216.5,153.0,35.0,33.0,12.546900812556386,68,2.0,9.0,0.03,145.0,2.0
2025-04-01 07:37:01,139.93,41.0,292.38,26.0,136.19,42.0,511.8,51.0,216.16,152.45,83.0,77.0,2.040568548257768,160,6.0,92.0,0.04,141.2,5.0
2025-04-01 07:37:02,139.0,45.0,264.3,23.0,120.47,291.0,406.96,23.0,201.65,125.3,336.0,46.0,7.563366975106443,382,290.0,169.5,0.76,139.6,5.0
2025-04-01 07:37:03,128.85,82.0,223.59,34.0,126.18,180.0,312.32,28.0,176.22,94.74,262.0,62.0,18.023196164945656,324,200.0,-58.0,0.62,139.6,
2025-04-01 07:37:04,138.94,17.0,300.33,21.0,102.16,107.0,428.74,43.0,219.64,161.39,124.0,64.0,18.06440090343745,188,60.0,-136.0,0.32,139.6,
2025-04-01 07:37:05,140.0,24.0,172.71,14.0,138.0,6.0,242.77,26.0,156.36,32.71000000000001,30.0,40.0,27.110401693816453,70,-10.0,-118.0,-0.14,139.6,
2025-04-01 07:37:06,140.0,32.0,142.0,16.0,138.0,8.0,179.75,40.0,141.0,2.0,40.0,56.0,32.12836254775606,96,-16.0,26.0,-0.17,139.6,
2025-04-01 07:37:07,140.0,44.0,142.0,22.0,138.0,11.0,269.0,11.0,141.0,2.0,55.0,33.0,32.86740756433384,88,22.0,-8.0,0.25,139.6,
2025-04-01 07:37:08,140.0,40.0,142.0,20.0,138.0,110.0,273.4,10.0,141.0,2.0,150.0,30.0,34.106374770708406,180,120.0,92.0,0.67,139.6,
2025-04-01 07:37:09,141.15,54.0,142.27,30.0,138.18,250.0,438.25,51.0,141.71,1.1200000000000043,304.0,81.0,6.796777177455751,385,223.0,169.5,0.58,140.0,2.0
2025-04-01 07:37:10,142.0,60.0,143.0,20.0,141.0,30.0,299.17,46.0,142.5,1.0,90.0,66.0,0.6665733267822322,156,24.0,-170.5,0.15,140.0,
2025-04-01 07:37:11,141.33,18.0,379.44,18.0,140.16,19.0,481.8,20.0,260.39,238.11,37.0,38.0,53.14935136010625,75,-1.0,-81.0,-0.01,143.0,2.0
2025-04-01 07:37:12,141.59,27.0,407.2,30.0,140.41,34.0,441.21,38.0,274.4,265.61,61.0,68.0,69.0059530040712,129,-7.0,54.0,-0.05,143.0,
2025-04-01 07:37:13,146.27,22.0,383.0,40.0,143.6,43.0,429.91,46.0,264.64,236.73,65.0,86.0,68.31084445386499,151,-21.0,22.0,-0.14,147.0,2.0
2025-04-01 07:37:14,145.0,18.0,314.0,30.0,142.62,26.0,392.47,19.0,229.5,169.0,44.0,49.0,53.98956547334102,93,-5.0,-58.0,-0.05,147.0,
2025-04-01 07:37:15,145.17,47.0,275.0,60.0,143.63,81.0,391.35,63.0,210.09,129.83,128.0,123.0,26.956389409566807,251,5.0,158.0,0.02,147.0,
2025-04-01 07:37:16,146.0,15.0,402.2,20.0,145.0,15.0,475.2,20.0,274.1,256.2,30.0,40.0,29.163620831443616,70,-10.0,-170.5,-0.14,146.0,1.0
2025-04-01 07:37:17,146.0,17.0,435.24,33.0,145.0,27.0,527.2,30.0,290.62,289.24,44.0,63.0,33.11480635607311,107,-19.0,37.0,-0.18,146.0,2.0
2025-04-01 07:37:18,146.0,10.0,398.97,37.0,145.0,30.0,500.79,33.0,272.49,252.97000000000003,40.0,70.0,33.933775946690986,110,-30.0,3.0,-0.27,146.0,
2025-04-01 07:37:19,145.38,8.0,228.13,31.0,144.15,59.0,300.1,21.0,186.75,82.75,67.0,52.0,45.49473760777398,119,15.0,9.0,0.13,145.33,3.0
2025-04-01 07:37:20,145.47,58.0,194.71,42.0,144.25,120.0,195.57,42.0,170.09,49.24000000000001,178.0,84.0,55.89428548608692,262,94.0,143.0,0.36,145.0,2.0
2025-04-01 07:37:21,147.46,37.0,191.9,40.0,145.39,119.0,194.8,79.0,169.68,44.44,156.0,119.0,58.84205579345557,275,37.0,13.0,0.13,147.6,5.0
2025-04-01 07:37:22,144.0,80.0,189.38,40.0,143.0,8.0,191.0,16.0,166.69,45.38,88.0,56.0,45.05144614771076,144,32.0,-131.0,0.22,147.6,
2025-04-01 07:37:23,144.0,130.0,186.36,50.0,143.0,13.0,187.34,41.0,165.18,42.360000000000014,143.0,91.0,8.671549457855509,234,52.0,90.0,0.22,147.6,
2025-04-01 07:37:24,144.0,94.0,181.53,43.0,143.0,11.0,184.18,34.0,162.77,37.53,105.0,77.0,3.080676873679422,182,28.0,-52.0,0.15,144.0,4.0
2025-04-01 07:37:25,145.0,64.0,180.81,31.0,144.0,48.0,181.8,25.0,162.9,35.81,112.0,56.0,2.8804565610368043,168,56.0,-14.0,0.33,144.0,
2025-04-01 07:37:26,145.0,96.0,179.25,24.0,143.68,47.0,181.0,60.0,162.12,34.25,143.0,84.0,1.9276073251615784,227,59.0,59.0,0.26,144.0,
2025-04-01 07:37:27,145.0,52.0,177.86,28.0,143.14,14.0,181.0,70.0,161.43,32.860000000000014,66.0,98.0,1.4126747679541105,164,-32.0,-63.0,-0.2,145.0,5.0
2025-04-01 07:37:28,145.0,33.0,175.48,25.0,144.0,11.0,179.65,52.0,160.24,30.47999999999999,44.0,77.0,1.0933297764224377,121,-33.0,-43.0,-0.27,145.0,
2025-04-01 07:37:29,145.43,42.0,171.53,34.0,144.39,18.0,173.06,64.0,158.48,26.099999999999994,60.0,98.0,1.7299942196464058,158,-38.0,37.0,-0.24,145.5,4.0
2025-04-01 07:37:30,145.88,16.0,169.08,26.0,144.1,10.0,172.64,44.0,157.48,23.200000000000017,26.0,70.0,1.95225510628286,96,-44.0,-62.0,-0.46,145.5,
2025-04-01 07:37:31,141.68,37.0,168.0,50.0,140.28,36.0,169.0,20.0,154.84,26.319999999999997,73.0,70.0,2.5518973333588666,143,3.0,47.0,0.02,144.0,3.0
2025-04-01 07:37:32,144.69,67.0,166.57,54.0,142.89,103.0,166.94,51.0,155.63,21.879999999999995,170.0,105.0,2.1738859215702573,275,65.0,132.0,0.24,144.0,
2025-04-01 07:37:33,145.0,45.0,163.33,18.0,141.0,135.0,164.75,24.0,154.17,18.330000000000013,180.0,42.0,1.80970992150635,222,138.0,-53.0,0.62,144.0,
2025-04-01 07:37:34,146.0,36.0,161.42,43.0,142.31,67.0,162.64,28.0,153.71,15.419999999999987,103.0,71.0,1.4822381724933071,174,32.0,-48.0,0.18,145.0,1.0
2025-04-01 07:37:35,147.36,28.0,159.0,28.0,145.0,28.0,160.1,31.0,153.18,11.639999999999986,56.0,59.0,0.9591298139429844,115,-3.0,-59.0,-0.03,145.0,
2025-04-01 07:37:40,145.12,25.0,273.96,46.0,142.46,39.0,310.43,54.0,209.54,128.83999999999995,64.0,100.0,38.71522207091234,164,-36.0,46.0,-0.22,145.0,
2025-04-01 07:37:41,145.0,22.0,224.57,23.0,142.0,33.0,225.89,38.0,184.78,79.57,55.0,61.0,34.72691924141952,116,-6.0,-48.0,-0.05,145.0,
2025-04-01 07:37:42,143.29,28.0,220.59,17.0,141.85,26.0,222.2,10.0,181.94,77.30000000000001,54.0,27.0,28.191147901426223,81,27.0,-35.0,0.33,143.2,5.0
2025-04-01 07:37:43,141.0,120.0,181.67,21.0,140.0,20.0,188.08,25.0,161.33,40.66999999999999,140.0,46.0,28.891363761513347,186,94.0,105.0,0.51,143.2,
2025-04-01 07:37:44,143.06,97.0,176.83,18.0,140.83,72.0,180.4,25.0,159.95,33.77000000000001,169.0,43.0,20.301383450396973,212,126.0,26.0,0.59,143.2,
2025-04-01 07:37:49,142.24,90.0,164.58,31.0,142.33,15.0,165.5,24.0,153.41,22.340000000000003,105.0,55.0,3.3904247521519792,160,50.0,6.0,0.31,147.67,3.0
2025-04-01 07:37:50,141.39,124.0,159.97,31.0,140.95,160.0,161.82,34.0,150.68,18.580000000000013,284.0,65.0,4.214471497115572,349,219.0,169.5,0.63,147.67,
2025-04-01 07:37:51,142.0,72.0,152.77,22.0,141.0,228.0,155.92,38.0,147.39,10.77000000000001,300.0,60.0,5.09246698565576,360,240.0,11.0,0.67,147.67,
2025-04-01 07:37:52,142.49,55.0,144.19,26.0,141.04,198.0,150.88,17.0,143.34,1.6999999999999886,253.0,43.0,5.555513477617216,296,210.0,-64.0,0.71,143.0,6.0
2025-04-01 07:37:53,141.58,57.0,143.26,27.0,140.97,119.0,144.32,22.0,142.42,1.6799999999999784,176.0,49.0,4.694440328727142,225,127.0,-71.0,0.56,142.0,4.0
2025-04-01 07:37:54,141.0,43.0,150.62,8.0,140.0,6.0,215.57,7.0,145.81,9.620000000000005,49.0,15.0,3.306685651823662,64,34.0,-161.0,0.53,142.75,4.0
2025-04-01 07:37:55,143.0,45.0,221.5,16.0,141.25,28.0,447.11,18.0,182.25,78.5,73.0,34.0,16.890158969056227,107,39.0,43.0,0.36,142.75,
2025-04-01 07:37:57,146.0,84.0,292.17,41.0,143.0,70.0,375.1,48.0,219.09,146.17000000000002,154.0,89.0,69.15689683610807,243,65.0,111.0,0.27,142.75,
2025-04-01 07:37:58,146.0,48.0,200.0,18.0,143.0,45.0,298.68,28.0,173.0,54.0,93.0,46.0,63.94719931318421,139,47.0,-104.0,0.34,146.0,3.0
2025-04-01 07:37:59,146.0,30.0,216.55,22.0,143.0,50.0,270.76,34.0,181.27,70.55000000000001,80.0,56.0,57.19641876901142,136,24.0,-3.0,0.18,146.0,
2025-04-01 07:38:00,145.83,29.0,169.89,27.0,142.62,53.0,257.69,32.0,157.86,24.05999999999997,82.0,59.0,61.38392566462422,141,23.0,5.0,0.16,144.8,5.0
2025-04-01 07:38:01,143.85,26.0,159.0,27.0,142.13,30.0,228.44,18.0,151.42,15.150000000000006,56.0,45.0,26.577072261632733,101,11.0,-40.0,0.11,143.5,8.0
2025-04-01 07:38:02,141.43,46.0,250.88,16.0,140.7,20.0,621.25,24.0,196.15,109.45,66.0,40.0,17.983418751729012,106,26.0,5.0,0.25,143.5,
2025-04-01 07:38:03,147.17,23.0,257.55,20.0,141.27,45.0,427.26,23.0,202.36,110.38000000000002,68.0,43.0,22.613404652994003,111,25.0,5.0,0.23,143.5,
2025-04-01 07:38:12,146.82,22.0,287.0,21.0,143.56,27.0,556.81,27.0,216.91,140.18,49.0,48.0,36.44483708291501,97,1.0,48.0,0.01,148.67,3.0
2025-04-01 07:38:13,147.78,36.0,176.0,70.0,146.39,46.0,247.42,26.0,161.89,28.22,82.0,96.0,56.28332905932442,178,-14.0,81.0,-0.08,148.67,
2025-04-01 07:38:16,145.88,16.0,168.6,43.0,144.64,22.0,168.77,30.0,157.24,22.72,38.0,73.0,25.4777948417843,111,-35.0,-2.0,-0.32,147.0,3.0
2025-04-01 07:38:17,144.0,22.0,163.23,31.0,143.0,22.0,165.29,35.0,153.61,19.22999999999999,44.0,66.0,3.437096158100164,110,-22.0,-1.0,-0.2,147.0,
2025-04-01 07:38:18,144.92,26.0,160.32,22.0,143.9,20.0,161.92,38.0,152.62,15.400000000000006,46.0,60.0,3.827564499786185,106,-14.0,-4.0,-0.13,145.0,3.0
2025-04-01 07:38:19,146.0,18.0,158.8,15.0,145.0,6.0,160.04,26.0,152.4,12.800000000000011,24.0,41.0,3.209984423641336,65,-17.0,-41.0,-0.26,145.0,
2025-04-01 07:38:20,146.0,39.0,155.34,47.0,145.0,13.0,157.94,53.0,150.67,9.340000000000003,52.0,100.0,2.439706949618462,152,-48.0,87.0,-0.32,145.0,
2025-04-01 07:38:21,145.25,12.0,151.14,35.0,144.05,19.0,152.71,35.0,148.2,5.889999999999986,31.0,70.0,2.126934413660486,101,-39.0,-51.0,-0.39,146.0,3.0
2025-04-01 07:38:22,144.0,32.0,149.08,26.0,143.0,32.0,151.34,35.0,146.54,5.0800000000000125,64.0,61.0,2.6574386164144266,125,3.0,24.0,0.02,147.33,3.0
2025-04-01 07:38:23,143.55,22.0,145.43,53.0,142.38,32.0,146.6,20.0,144.49,1.8799999999999957,54.0,73.0,3.159216675064803,127,-19.0,2.0,-0.15,144.33,3.0
2025-04-01 07:38:24,141.35,46.0,143.52,46.0,140.19,151.0,145.15,52.0,142.43,2.170000000000016,197.0,98.0,3.196862524414165,295,99.0,168.0,0.34,142.43,7.0
2025-04-01 07:38:25,140.13,83.0,142.0,60.0,130.84,88.0,145.61,46.0,141.07,1.8700000000000043,171.0,106.0,2.9107954239348603,277,65.0,-18.0,0.23,140.44,9.0
2025-04-01 07:38:26,139.06,36.0,249.05,21.0,121.82,22.0,353.14,14.0,194.05,109.99,58.0,35.0,22.64255241795892,93,23.0,-170.5,0.25,142.0,10.0
2025-04-01 07:38:27,139.0,30.0,377.38,32.0,104.0,16.0,402.2,20.0,258.19,238.38,46.0,52.0,51.04144864715399,98,-6.0,5.0,-0.06,139.0,2.0
2025-04-01 07:38:28,143.08,36.0,375.75,32.0,124.37,19.0,406.5,32.0,259.42,232.67,55.0,64.0,58.59731154242574,119,-9.0,21.0,-0.08,139.0,
2025-04-01 07:38:29,146.05,75.0,373.09,44.0,141.8,45.0,471.0,44.0,259.57,227.04,120.0,88.0,53.50534272388269,208,32.0,89.0,0.15,139.0,
2025-04-01 07:38:30,147.0,10.0,372.2,20.0,146.0,45.0,537.0,20.0,259.6,225.2,55.0,40.0,29.13958699089937,95,15.0,-113.0,0.16,139.0,
2025-04-01 07:38:31,147.0,18.0,239.22,36.0,146.0,81.0,397.67,36.0,193.11,92.22,99.0,72.0,29.55988447203729,171,27.0,76.0,0.16,139.0,
2025-04-01 07:38:32,147.8,10.0,238.78,36.0,146.03,74.0,489.67,36.0,193.29,90.98,84.0,72.0,36.33055697343719,156,12.0,-15.0,0.08,139.0,
2025-04-01 07:38:33,146.34,65.0,237.89,36.0,144.92,63.0,511.0,36.0,192.11,91.54999999999998,128.0,72.0,36.562332803038416,200,56.0,44.0,0.28,148.0,5.0
2025-04-01 07:38:34,146.0,90.0,237.0,40.0,144.03,74.0,324.6,40.0,191.5,91.0,164.0,80.0,30.015861973298588,244,84.0,44.0,0.34,148.0,
2025-04-01 07:38:35,146.0,87.0,235.9,40.0,144.0,80.0,345.7,40.0,190.95,89.9,167.0,80.0,1.009514734951448,247,87.0,3.0,0.35,146.0,3.0
2025-04-01 07:38:36,146.0,66.0,233.73,44.0,144.0,88.0,332.38,39.0,189.86,87.72999999999999,154.0,83.0,1.280574090040395,237,71.0,-10.0,0.3,146.0,
2025-04-01 07:38:37,146.0,48.0,230.5,32.0,144.0,64.0,238.6,30.0,188.25,84.5,112.0,62.0,1.521587986309294,174,50.0,-63.0,0.29,146.0,
2025-04-01 07:38:38,146.0,84.0,226.56,50.0,144.0,112.0,227.6,55.0,186.28,80.56,196.0,105.0,2.1257869131402645,301,91.0,127.0,0.3,146.0,
2025-04-01 07:38:39,146.0,102.0,220.54,69.0,144.0,136.0,222.03,61.0,183.27,74.53999999999999,238.0,130.0,3.048338891933627,368,108.0,67.0,0.29,146.0,
2025-04-01 07:38:40,146.0,77.0,206.27,41.0,144.0,124.0,207.5,52.0,176.13,60.27000000000001,201.0,93.0,5.412889246979784,294,108.0,-74.0,0.37,146.0,1.0
2025-04-01 07:38:41,145.06,85.0,180.64,47.0,143.53,118.0,187.65,46.0,162.85,35.579999999999984,203.0,93.0,10.310425791404487,296,110.0,2.0,0.37,146.0,5.0
2025-04-01 07:38:42,145.32,63.0,157.04,53.0,143.57,140.0,158.46,52.0,151.18,11.72,203.0,105.0,14.706854524338109,308,98.0,12.0,0.32,146.0,
2025-04-01 07:38:43,148.0,34.0,152.94,62.0,144.0,170.0,153.84,63.0,150.47,4.939999999999998,204.0,125.0,14.698329837094764,329,79.0,21.0,0.24,146.0,
2025-04-01 07:38:44,144.24,67.0,149.27,44.0,142.48,83.0,150.18,39.0,146.76,5.030000000000001,150.0,83.0,12.045827908450944,233,67.0,-96.0,0.29,145.6,5.0
2025-04-01 07:38:45,144.21,71.0,147.45,44.0,142.55,77.0,148.45,44.0,145.83,3.2399999999999807,148.0,88.0,6.79280280885614,236,60.0,3.0,0.25,145.6,
2025-04-01 07:38:46,145.0,41.0,146.88,24.0,144.0,63.0,148.26,35.0,145.94,1.8799999999999957,104.0,59.0,2.5834531155020857,163,45.0,-73.0,0.28,145.75,8.0
2025-04-01 07:38:47,144.0,34.0,145.5,10.0,141.5,42.0,202.78,36.0,144.75,1.5,76.0,46.0,2.1989201895464383,122,30.0,-41.0,0.25,144.0,6.0
2025-04-01 07:38:48,141.73,22.0,144.25,16.0,140.67,36.0,192.74,23.0,142.99,2.5200000000000102,58.0,39.0,1.4534545056492267,97,19.0,-25.0,0.2,144.0,1.0
2025-04-01 07:38:49,142.0,18.0,143.94,17.0,141.0,27.0,434.82,34.0,142.97,1.9399999999999975,45.0,51.0,1.459958903527963,96,-6.0,-1.0,-0.06,143.0,1.0
2025-04-01 07:38:50,142.0,20.0,210.77,26.0,141.0,30.0,347.8,40.0,176.38,68.77000000000001,50.0,66.0,14.46267022371743,116,-16.0,20.0,-0.14,143.0,2.0
2025-04-01 07:38:51,144.37,19.0,284.17,46.0,143.65,34.0,438.56,39.0,214.27,139.8,53.0,85.0,31.361644089556748,138,-32.0,22.0,-0.23,143.0,
2025-04-01 07:38:52,145.82,11.0,276.8,25.0,142.0,22.0,416.91,55.0,211.31,130.98000000000002,33.0,80.0,34.92717108498848,113,-47.0,-25.0,-0.42,143.0,
2025-04-01 07:38:53,141.2,10.0,265.17,24.0,140.11,27.0,459.72,39.0,203.18,123.97000000000004,37.0,63.0,30.056082080006345,100,-26.0,-13.0,-0.26,142.6,5.0
2025-04-01 07:38:54,141.91,11.0,274.4,20.0,140.04,28.0,443.61,46.0,208.15,132.48999999999998,39.0,66.0,15.253388803806942,105,-27.0,5.0,-0.26,142.6,
2025-04-01 07:38:55,140.0,6.0,274.0,8.0,127.45,11.0,521.0,20.0,207.0,134.0,17.0,28.0,4.226886561065304,45,-11.0,-60.0,-0.24,140.25,4.0
2025-04-01 07:38:58,118.0,16.0,135.0,24.0,76.6,20.0,138.33,18.0,126.5,17.0,36.0,42.0,41.615532196525386,78,-6.0,-6.0,-0.08,140.25,
2025-04-01 07:38:59,130.0,8.0,135.0,12.0,108.14,14.0,136.0,16.0,132.5,5.0,22.0,28.0,37.447578292861785,50,-6.0,-28.0,-0.12,140.25,
2025-04-01 07:39:00,130.0,22.0,135.86,14.0,79.0,40.0,136.76,34.0,132.93,5.860000000000014,62.0,48.0,23.20596431954479,110,14.0,60.0,0.13,137.5,12.0
2025-04-01 07:39:01,131.68,50.0,141.95,21.0,111.27,30.0,366.24,42.0,136.82,10.269999999999982,80.0,63.0,5.179326211001777,143,17.0,33.0,0.12,137.5,
2025-04-01 07:39:02,136.09,11.0,229.62,16.0,131.94,32.0,466.26,23.0,182.86,93.53,43.0,39.0,22.95984799601234,82,4.0,-61.0,0.05,139.67,3.0
2025-04-01 07:39:03,142.59,34.0,179.0,24.0,140.5,14.0,428.29,28.0,160.79,36.41,48.0,52.0,22.15958596183612,100,-4.0,18.0,-0.04,143.0,3.0
2025-04-01 07:39:04,146.91,33.0,186.27,26.0,143.43,21.0,254.0,19.0,166.59,39.360000000000014,54.0,45.0,20.956198844256495,99,9.0,-1.0,0.09,148.0,4.0
2025-04-01 07:39:05,140.88,34.0,217.48,23.0,139.48,42.0,391.59,37.0,179.18,76.6,76.0,60.0,18.26272898556059,136,16.0,37.0,0.12,143.25,4.0
2025-04-01 07:39:06,140.06,36.0,285.6,20.0,136.09,32.0,387.43,28.0,212.83,145.54000000000002,68.0,48.0,20.214478721947383,116,20.0,-20.0,0.17,140.67,3.0
2025-04-01 07:39:07,140.0,40.0,252.75,32.0,63.27,11.0,354.0,22.0,196.38,112.75,51.0,54.0,21.48196522667488,105,-3.0,-11.0,-0.03,140.67,
2025-04-01 07:39:08,140.61,51.0,173.74,38.0,125.17,41.0,300.0,29.0,157.17,33.129999999999995,92.0,67.0,22.4627369214009,159,25.0,54.0,0.16,141.0,1.0
2025-04-01 07:39:09,142.32,120.0,167.48,69.0,140.57,98.0,169.26,73.0,154.9,25.16,218.0,142.0,24.9898093230033,360,76.0,169.5,0.21,142.0,1.0
2025-04-01 07:39:10,143.0,60.0,162.83,36.0,140.0,60.0,164.0,60.0,152.92,19.830000000000013,120.0,96.0,27.827731671842265,216,24.0,-144.0,0.11,142.0,
2025-04-01 07:39:11,143.0,90.0,159.66,82.0,140.0,90.0,160.35,74.0,151.33,16.659999999999997,180.0,156.0,19.043112928301117,336,24.0,120.0,0.07,142.0,
2025-04-01 07:39:12,143.0,65.0,155.11,57.0,140.0,65.0,156.67,45.0,149.05,12.110000000000014,130.0,102.0,3.1372487947261223,232,28.0,-104.0,0.12,142.0,
2025-04-01 07:39:13,143.35,51.0,151.1,52.0,140.75,60.0,152.64,44.0,147.22,7.75,111.0,96.0,3.043884031957627,207,15.0,-25.0,0.07,142.0,
2025-04-01 07:39:14,144.67,24.0,148.0,33.0,143.1,42.0,151.0,55.0,146.33,3.3300000000000125,66.0,88.0,2.7572903365447714,154,-22.0,-53.0,-0.14,143.67,3.0
2025-04-01 07:39:15,143.22,46.0,147.0,36.0,141.91,44.0,149.63,46.0,145.11,3.780000000000001,90.0,82.0,2.437030980517097,172,8.0,18.0,0.05,144.29,7.0
2025-04-01 07:39:16,142.0,56.0,144.64,44.0,139.94,32.0,147.78,46.0,143.32,2.6399999999999864,88.0,90.0,2.1599837962348287,178,-2.0,6.0,-0.01,142.0,2.0
2025-04-01 07:39:17,142.0,13.0,144.9,20.0,140.0,20.0,198.36,22.0,143.45,2.9000000000000057,33.0,42.0,1.724624596831103,75,-9.0,-103.0,-0.12,144.0,5.0
2025-04-01 07:39:18,142.0,8.0,145.0,8.0,140.0,16.0,146.0,8.0,143.5,3.0,24.0,16.0,1.331454092334161,40,8.0,-35.0,0.2,144.0,
2025-04-01 07:39:19,142.0,8.0,145.0,8.0,140.0,16.0,146.0,8.0,143.5,3.0,24.0,16.0,0.7493530543023442,40,8.0,0.0,0.2,144.0,
2025-04-01 07:39:20,141.6,10.0,143.44,9.0,134.67,18.0,157.31,13.0,142.52,1.8400000000000036,28.0,22.0,0.4190703998032144,50,6.0,10.0,0.12,142.0,1.0
2025-04-01 07:39:21,141.23,31.0,221.95,19.0,122.27,22.0,252.12,51.0,181.59,80.72,53.0,70.0,17.154607835797542,123,-17.0,73.0,-0.14,142.0,1.0
2025-04-01 07:39:22,142.17,36.0,173.0,60.0,138.5,24.0,249.79,34.0,157.58,30.830000000000013,60.0,94.0,16.777750743172103,154,-34.0,31.0,-0.22,142.0,
2025-04-01 07:39:23,142.91,35.0,217.86,35.0,139.81,27.0,411.88,41.0,180.39,74.95000000000002,62.0,76.0,19.10045627727324,138,-14.0,-16.0,-0.1,141.8,5.0
2025-04-01 07:39:24,147.2,20.0,246.12,32.0,143.12,40.0,433.91,32.0,196.66,98.92000000000002,60.0,64.0,21.48932921242653,124,-4.0,-14.0,-0.03,141.8,
2025-04-01 07:39:25,148.0,33.0,238.68,37.0,145.0,141.0,266.68,47.0,193.34,90.68,174.0,84.0,15.35064396043596,258,90.0,134.0,0.35,141.8,
2025-04-01 07:39:26,148.0,27.0,254.0,45.0,145.0,144.0,523.85,13.0,201.0,106.0,171.0,58.0,17.546135756914595,229,113.0,-29.0,0.49,141.8,
2025-04-01 07:39:27,148.0,12.0,254.0,20.0,145.0,64.0,341.4,10.0,201.0,106.0,76.0,30.0,8.50883188223242,106,46.0,-123.0,0.43,141.8,
2025-04-01 07:39:28,145.69,83.0,243.65,34.0,144.88,122.0,336.34,32.0,194.67,97.96,205.0,66.0,3.5490252182959523,271,139.0,165.0,0.51,148.0,3.0
2025-04-01 07:39:29,147.0,3.0,166.0,1.0,145.0,16.0,550.0,5.0,156.5,19.0,19.0,6.0,18.673366595236224,25,13.0,-170.5,0.52,148.0,
2025-04-01 07:39:30,146.83,18.0,166.0,8.0,145.04,53.0,478.25,40.0,156.42,19.169999999999987,71.0,48.0,23.383122545974672,119,23.0,94.0,0.19,147.0,3.0
2025-04-01 07:39:31,146.0,2.0,166.0,2.0,145.0,14.0,489.0,10.0,156.0,20.0,16.0,12.0,22.85662748526236,28,4.0,-91.0,0.14,147.0,
2025-04-01 07:39:32,145.04,27.0,155.42,52.0,144.35,48.0,505.5,20.0,150.23,10.379999999999995,75.0,72.0,18.03004242923544,147,3.0,119.0,0.02,145.12,8.0
2025-04-01 07:39:33,139.4,10.0,215.0,34.0,83.0,22.0,522.82,17.0,177.2,75.6,32.0,51.0,10.364540510800431,83,-19.0,-64.0,-0.23,139.5,2.0
2025-04-01 07:39:38,133.74,19.0,136.84,25.0,98.43,49.0,138.71,14.0,135.29,3.0999999999999943,68.0,39.0,12.51629537842437,107,29.0,-34.0,0.27,133.0,1.0
2025-04-01 07:39:39,135.33,24.0,137.0,11.0,90.25,12.0,139.0,6.0,136.17,1.6699999999999875,36.0,17.0,6.637474670381857,53,19.0,-54.0,0.36,137.0,1.0
2025-04-01 07:39:40,136.0,40.0,137.0,10.0,86.27,22.0,139.0,11.0,136.5,1.0,62.0,21.0,6.768443691127681,83,41.0,30.0,0.49,137.0,
2025-04-01 07:39:42,112.24,49.0,138.0,55.0,84.62,39.0,139.0,15.0,125.12,25.760000000000005,88.0,70.0,9.01655311080479,158,18.0,98.0,0.11,138.0,4.0
2025-04-01 07:39:43,119.33,6.0,137.83,6.0,118.0,42.0,139.0,18.0,128.58,18.50000000000001,48.0,24.0,8.485568926121614,72,24.0,-86.0,0.33,138.0,
2025-04-01 07:39:44,120.0,8.0,137.0,8.0,48.62,56.0,139.0,24.0,128.5,17.0,64.0,32.0,7.37110575151093,96,32.0,24.0,0.33,138.0,
2025-04-01 07:39:45,120.62,8.0,136.12,8.0,7.0,56.0,139.0,24.0,128.38,15.5,64.0,32.0,5.36541517498451,96,32.0,0.0,0.33,138.0,
2025-04-01 07:39:47,111.81,32.0,138.37,19.0,69.27,41.0,139.82,49.0,125.09,26.56,73.0,68.0,9.726089656174764,141,5.0,37.0,0.04,137.0,2.0
2025-04-01 07:39:48,114.4,10.0,139.0,10.0,113.25,16.0,140.0,25.0,126.7,24.599999999999994,26.0,35.0,9.506640836801866,61,-9.0,-80.0,-0.15,137.0,
2025-04-01 07:39:49,115.67,18.0,139.0,18.0,114.44,18.0,140.0,45.0,127.33,23.33,36.0,63.0,9.34934596642719,99,-27.0,38.0,-0.27,137.0,
2025-04-01 07:39:50,118.33,24.0,139.0,16.0,117.2,20.0,140.0,40.0,128.67,20.67,44.0,56.0,9.393967745311269,100,-12.0,1.0,-0.12,137.0,
2025-04-01 07:39:51,121.4,20.0,139.0,16.0,120.57,28.0,140.0,40.0,130.2,17.599999999999994,48.0,56.0,1.9421560184389597,104,-8.0,4.0,-0.08,137.0,
2025-04-01 07:39:52,127.11,38.0,136.39,46.0,125.15,26.0,139.48,31.0,131.75,9.279999999999989,64.0,77.0,2.0715815214375466,141,-13.0,37.0,-0.09,137.0,
2025-04-01 07:39:53,131.71,45.0,136.0,75.0,130.67,48.0,137.53,30.0,133.86,4.289999999999992,93.0,105.0,2.5614780889097197,198,-12.0,57.0,-0.06,135.0,3.0
2025-04-01 07:39:54,132.6,20.0,136.68,19.0,71.43,42.0,138.83,23.0,134.64,4.0800000000000125,62.0,42.0,2.4832297517482576,104,20.0,-94.0,0.19,137.86,14.0
2025-04-01 07:39:57,111.57,46.0,140.57,28.0,92.89,38.0,289.57,42.0,126.07,29.0,84.0,70.0,14.602800416356931,154,14.0,35.0,0.09,140.5,4.0
2025-04-01 07:39:58,136.25,20.0,141.0,10.0,66.63,38.0,346.0,26.0,138.62,4.75,58.0,36.0,15.423189683069976,94,22.0,-60.0,0.23,137.0,3.0
2025-04-01 07:39:59,138.25,57.0,141.0,11.0,122.63,51.0,207.09,22.0,139.62,2.75,108.0,33.0,16.23074613195457,141,75.0,47.0,0.53,139.11,9.0
2025-04-01 07:40:00,138.2,50.0,168.92,24.0,129.45,22.0,379.57,35.0,153.56,30.72,72.0,59.0,20.15551983948732,131,13.0,-10.0,0.1,141.0,1.0
2025-04-01 07:40:01,139.44,48.0,289.22,27.0,137.2,50.0,521.09,43.0,214.33,149.78000000000003,98.0,70.0,34.86526996883884,168,28.0,37.0,0.17,141.0,
2025-04-01 07:40:05,147.88,59.0,225.14,35.0,145.38,96.0,433.46,37.0,186.51,77.25999999999999,155.0,72.0,62.12893705834819,227,83.0,109.0,0.37,148.1,10.0
2025-04-01 07:40:06,146.0,41.0,166.0,16.0,141.0,24.0,770.0,5.0,156.0,20.0,65.0,21.0,72.84913952820698,86,44.0,-141.0,0.51,146.0,3.0
2025-04-01 07:40:07,146.0,32.0,164.91,32.0,141.0,42.0,166.0,16.0,155.45,18.91,74.0,48.0,35.84086173629323,122,26.0,36.0,0.21,146.0,4.0
2025-04-01 07:40:08,146.0,20.0,164.0,25.0,141.0,30.0,316.0,20.0,155.0,18.0,50.0,45.0,31.482410485857933,95,5.0,-27.0,0.05,146.0,
2025-04-01 07:40:09,146.0,32.0,163.5,40.0,141.0,48.0,190.25,32.0,154.75,17.5,80.0,72.0,13.96563890411129,152,8.0,57.0,0.05,146.0,
2025-04-01 07:40:10,146.0,52.0,162.25,53.0,142.5,84.0,247.64,56.0,154.12,16.25,136.0,109.0,0.7104435234507177,245,27.0,93.0,0.11,146.0,
2025-04-01 07:40:11,146.0,24.0,159.44,18.0,144.0,42.0,161.67,24.0,152.72,13.439999999999998,66.0,42.0,1.058947590776646,108,24.0,-137.0,0.22,146.0,
2025-04-01 07:40:12,146.57,47.0,158.88,40.0,144.51,47.0,160.0,16.0,152.72,12.310000000000002,94.0,56.0,1.0906970248471834,150,38.0,42.0,0.25,146.0,
2025-04-01 07:40:18,146.33,36.0,338.42,31.0,144.14,58.0,388.35,31.0,242.38,192.09,94.0,62.0,40.62318586718747,156,32.0,63.0,0.21,148.67,3.0
2025-04-01 07:40:19,146.0,40.0,225.0,36.0,144.0,70.0,257.25,32.0,185.5,79.0,110.0,68.0,38.06922484107176,178,42.0,22.0,0.24,148.67,
2025-04-01 07:40:20,144.12,64.0,154.2,40.0,143.19,37.0,191.5,32.0,149.16,10.079999999999984,101.0,72.0,38.21089216440876,173,29.0,-5.0,0.17,147.25,12.0
2025-04-01 07:40:21,144.0,60.0,259.2,20.0,143.0,38.0,344.0,32.0,201.6,115.2,98.0,52.0,33.54748843058297,150,46.0,-23.0,0.31,147.25,
2025-04-01 07:40:22,144.03,39.0,331.2,20.0,142.43,42.0,467.16,38.0,237.61,187.17,81.0,58.0,38.58522903910407,139,23.0,-11.0,0.17,144.0,4.0
2025-04-01 07:40:24,145.0,28.0,428.0,7.0,144.0,14.0,502.0,18.0,286.5,283.0,42.0,25.0,77.7003649927091,67,17.0,-60.0,0.25,144.0,
2025-04-01 07:40:25,144.83,24.0,215.27,33.0,143.71,14.0,246.71,28.0,180.05,70.44,38.0,61.0,68.87859195715478,99,-23.0,32.0,-0.23,144.8,5.0
2025-04-01 07:40:26,144.0,10.0,207.4,40.0,143.0,10.0,210.0,40.0,175.7,63.400000000000006,20.0,80.0,74.32051957568794,100,-60.0,1.0,-0.6,144.8,
2025-04-01 07:40:27,141.97,36.0,167.73,22.0,140.97,66.0,212.35,37.0,154.85,25.75999999999999,102.0,59.0,85.14885219426142,161,43.0,61.0,0.27,142.67,3.0
2025-04-01 07:40:28,144.74,46.0,159.0,14.0,141.5,72.0,207.0,28.0,151.87,14.259999999999993,118.0,42.0,55.463838940341006,160,76.0,-1.0,0.47,142.67,
2025-04-01 07:40:29,148.0,104.0,159.0,26.0,144.08,78.0,207.0,52.0,153.5,11.0,182.0,78.0,13.53101733056416,260,104.0,100.0,0.4,142.67,
2025-04-01 07:40:30,148.0,32.0,159.0,8.0,145.0,24.0,207.0,16.0,153.5,11.0,56.0,24.0,10.0152648492197,80,32.0,-170.5,0.4,142.67,
2025-04-01 07:40:31,148.0,72.0,199.38,32.0,145.09,46.0,204.45,22.0,173.69,51.38,118.0,54.0,9.121867681566917,172,64.0,92.0,0.37,142.67,
2025-04-01 07:40:32,148.0,104.0,201.15,52.0,146.0,26.0,203.0,26.0,174.58,53.150000000000006,130.0,78.0,11.623182438558905,208,52.0,36.0,0.25,142.67,
2025-04-01 07:40:33,148.0,79.0,200.0,48.0,146.0,24.0,359.82,22.0,174.0,52.0,103.0,70.0,11.282131004381853,173,33.0,-35.0,0.19,148.0,6.0
2025-04-01 07:40:41,146.06,34.0,185.0,28.0,144.51,41.0,186.0,22.0,165.53,38.94,75.0,50.0,2.8392692721970203,125,25.0,73.0,0.2,147.2,10.0
2025-04-01 07:40:42,143.33,43.0,183.0,40.0,140.17,87.0,183.96,25.0,163.16,39.66999999999999,130.0,65.0,3.3710487982284625,195,65.0,70.0,0.33,145.0,5.0
2025-04-01 07:40:43,143.94,51.0,179.46,46.0,140.22,108.0,180.73,33.0,161.7,35.52000000000001,159.0,79.0,3.422976774684978,238,80.0,43.0,0.34,145.0,
2025-04-01 07:40:44,146.0,55.0,177.8,40.0,144.43,35.0,178.88,32.0,161.9,31.80000000000001,90.0,72.0,2.680003731346055,162,18.0,-76.0,0.11,145.0,
2025-04-01 07:40:45,146.82,17.0,174.73,33.0,145.85,41.0,175.75,32.0,160.78,27.91,58.0,65.0,1.8377921536521176,123,-7.0,-39.0,-0.06,145.0,
2025-04-01 07:40:46,148.0,7.0,170.67,24.0,146.0,35.0,171.76,25.0,159.33,22.669999999999987,42.0,49.0,1.4233341139810722,91,-7.0,-32.0,-0.08,145.0,
2025-04-01 07:40:47,146.03,69.0,165.86,42.0,145.02,277.0,166.72,61.0,155.94,19.830000000000013,346.0,103.0,2.4503265088593404,449,243.0,169.5,0.54,146.0,4.0
2025-04-01 07:40:48,146.0,15.0,161.16,43.0,145.0,255.0,163.11,35.0,153.58,15.159999999999997,270.0,78.0,3.464791480019385,348,192.0,-101.0,0.55,146.0,
2025-04-01 07:40:49,146.0,12.0,156.6,40.0,145.0,204.0,157.36,44.0,151.3,10.599999999999994,216.0,84.0,3.92792311533841,300,132.0,-48.0,0.44,146.0,
2025-04-01 07:40:50,147.14,80.0,151.91,35.0,145.18,62.0,152.91,46.0,149.53,4.77000000000001,142.0,81.0,3.86002979263171,223,61.0,-77.0,0.27,146.0,
2025-04-01 07:40:51,147.54,26.0,149.64,42.0,145.06,108.0,175.7,23.0,148.59,2.0999999999999943,134.0,65.0,3.0005949410073907,199,69.0,-24.0,0.35,148.0,7.0
2025-04-01 07:40:52,146.0,13.0,148.46,39.0,145.0,221.0,183.57,23.0,147.23,2.460000000000008,234.0,62.0,2.4686899359771584,296,172.0,97.0,0.58,148.0,
2025-04-01 07:40:53,146.0,8.0,147.0,24.0,145.0,136.0,149.0,24.0,146.5,1.0,144.0,48.0,1.8998289396657324,192,96.0,-104.0,0.5,148.0,
2025-04-01 07:40:54,145.03,117.0,146.83,36.0,144.48,92.0,149.0,36.0,145.93,1.8000000000000114,209.0,72.0,1.4858600203211545,281,137.0,89.0,0.49,145.25,4.0
2025-04-01 07:40:55,145.0,88.0,146.0,24.0,143.0,24.0,246.5,32.0,145.5,1.0,112.0,56.0,1.2158741711159142,168,56.0,-113.0,0.33,145.0,3.0
2025-04-01 07:40:56,145.0,76.0,247.71,28.0,143.0,24.0,312.0,26.0,196.36,102.71,100.0,54.0,22.401368931384752,154,46.0,-14.0,0.3,145.0,3.0
2025-04-01 07:40:57,145.0,60.0,319.38,39.0,143.0,36.0,396.0,42.0,232.19,174.38,96.0,81.0,39.49681164347385,177,15.0,23.0,0.08,145.0,4.0
2025-04-01 07:40:58,147.23,75.0,302.6,65.0,145.53,75.0,324.54,68.0,224.91,155.37000000000003,150.0,133.0,41.70235688783176,283,17.0,106.0,0.06,145.0,
2025-04-01 07:40:59,148.0,34.0,186.05,43.0,146.0,44.0,201.14,35.0,167.02,38.05000000000001,78.0,78.0,37.06889572134702,156,0.0,-127.0,0.0,148.0,1.0
2025-04-01 07:41:00,146.72,25.0,170.82,44.0,145.27,44.0,191.42,48.0,158.77,24.099999999999994,69.0,92.0,33.058412696318406,161,-23.0,5.0,-0.14,147.0,6.0
2025-04-01 07:41:01,146.0,14.0,148.89,62.0,145.0,56.0,172.68,50.0,147.44,2.8899999999999864,70.0,112.0,39.48439349920525,182,-42.0,21.0,-0.23,148.0,3.0
2025-04-01 07:41:02,144.0,44.0,147.64,25.0,141.65,65.0,165.54,26.0,145.82,3.6399999999999855,109.0,51.0,32.54393599428378,160,58.0,-22.0,0.36,145.0,4.0
2025-04-01 07:41:03,144.0,36.0,146.69,16.0,143.0,30.0,318.62,29.0,145.34,2.6899999999999977,66.0,45.0,9.629647968643503,111,21.0,-49.0,0.19,144.2,5.0
2025-04-01 07:41:04,144.0,13.0,146.69,39.0,143.0,39.0,244.29,35.0,145.35,2.6899999999999977,52.0,74.0,5.780945424408476,126,-22.0,15.0,-0.17,144.2,
2025-04-01 07:41:05,141.1,93.0,146.67,12.0,141.0,27.0,192.25,12.0,143.88,5.569999999999993,120.0,24.0,1.2763933562902472,144,96.0,18.0,0.67,144.6,10.0
2025-04-01 07:41:06,141.52,62.0,145.38,24.0,140.94,96.0,286.17,18.0,143.45,3.859999999999985,158.0,42.0,1.0366146825025797,200,116.0,56.0,0.58,142.0,2.0
2025-04-01 07:41:07,141.14,83.0,144.88,25.0,140.71,42.0,273.81,43.0,143.01,3.740000000000009,125.0,68.0,1.0843108410315403,193,57.0,-7.0,0.3,141.8,5.0
2025-04-01 07:41:08,141.0,194.0,143.0,27.0,140.0,15.0,145.42,33.0,142.0,2.0,209.0,60.0,1.2300691037404508,269,149.0,76.0,0.55,142.0,1.0
2025-04-01 07:41:09,141.0,95.0,342.5,24.0,140.0,9.0,505.96,26.0,241.75,201.5,104.0,50.0,44.129847835677225,154,54.0,-115.0,0.35,141.0,4.0
2025-04-01 07:41:10,141.0,81.0,317.52,31.0,140.0,10.0,449.37,19.0,229.26,176.51999999999998,91.0,50.0,50.96007388142279,141,41.0,-13.0,0.29,141.0,4.0
2025-04-01 07:41:11,141.58,19.0,303.73,22.0,139.33,18.0,458.64,28.0,222.65,162.15,37.0,50.0,49.07417579542328,87,-13.0,-54.0,-0.15,141.0,4.0
2025-04-01 07:41:14,146.0,5.0,311.11,9.0,140.4,5.0,364.0,6.0,228.56,165.11,10.0,15.0,42.54108567021136,25,-5.0,-26.0,-0.2,141.0,
2025-04-01 07:41:15,146.0,6.0,303.0,6.0,141.0,6.0,311.0,12.0,224.5,157.0,12.0,18.0,43.383568894228375,30,-6.0,5.0,-0.2,141.0,
2025-04-01 07:41:16,146.0,8.0,302.0,16.0,142.8,10.0,303.0,8.0,224.0,156.0,18.0,24.0,43.12115258200157,42,-6.0,12.0,-0.14,141.0,
2025-04-01 07:41:17,146.0,9.0,231.92,24.0,145.0,18.0,289.15,27.0,188.96,85.91999999999999,27.0,51.0,40.78449362196616,78,-24.0,36.0,-0.31,141.0,
2025-04-01 07:41:18,140.0,72.0,223.11,18.0,139.0,27.0,331.36,22.0,181.56,83.11000000000001,99.0,40.0,22.366646597112773,139,59.0,61.0,0.42,143.4,5.0
2025-04-01 07:41:19,140.0,56.0,220.43,14.0,139.0,21.0,221.86,14.0,180.21,80.43,77.0,28.0,22.52604448189053,105,49.0,-34.0,0.47,143.4,
2025-04-01 07:41:20,140.0,72.0,174.42,19.0,139.0,30.0,195.73,15.0,157.21,34.41999999999999,102.0,34.0,24.156317393180515,136,68.0,31.0,0.5,140.0,4.0
2025-04-01 07:41:21,140.0,32.0,266.43,14.0,139.0,24.0,356.8,20.0,203.21,126.43,56.0,34.0,16.70316586758524,90,22.0,-46.0,0.24,141.0,2.0
2025-04-01 07:41:22,148.0,30.0,375.0,24.0,144.74,19.0,498.0,6.0,261.5,227.0,49.0,30.0,39.692608505867966,79,19.0,-11.0,0.24,141.0,
2025-04-01 07:41:23,148.1,30.0,402.32,19.0,146.36,22.0,730.88,16.0,275.21,254.22,52.0,35.0,51.174777185642434,87,17.0,8.0,0.2,148.0,1.0
2025-04-01 07:41:29,148.17,24.0,182.22,9.0,147.03,31.0,199.92,25.0,165.19,34.05000000000001,55.0,34.0,63.8177018545807,89,21.0,8.0,0.24,148.0,
2025-04-01 07:41:32,148.11,9.0,176.78,9.0,146.11,37.0,329.0,9.0,162.44,28.669999999999987,46.0,18.0,2.250904262740488,64,28.0,22.0,0.44,148.25,4.0
2025-04-01 07:41:33,148.0,4.0,175.75,4.0,146.0,20.0,345.5,8.0,161.88,27.75,24.0,12.0,1.356292741271038,36,12.0,-28.0,0.33,148.25,
2025-04-01 07:41:34,148.0,5.0,175.0,5.0,146.0,25.0,311.94,17.0,161.5,27.0,30.0,22.0,1.1833934257138348,52,8.0,16.0,0.15,148.25,
2025-04-01 07:41:35,148.0,7.0,174.0,7.0,146.0,35.0,271.0,25.0,161.0,26.0,42.0,32.0,0.9601458222692472,74,10.0,22.0,0.14,148.25,
2025-04-01 07:41:36,146.21,56.0,172.6,43.0,145.34,47.0,331.09,35.0,159.41,26.389999999999983,103.0,78.0,1.153637724772867,181,25.0,107.0,0.14,148.0,1.0
2025-04-01 07:41:37,145.66,29.0,171.6,50.0,142.59,29.0,172.8,20.0,158.63,25.94,58.0,70.0,1.3998321327992491,128,-12.0,-53.0,-0.09,145.11,9.0
2025-04-01 07:41:43,147.27,52.0,150.76,17.0,145.7,61.0,153.18,38.0,149.02,3.4899999999999807,113.0,55.0,4.344982163370015,168,58.0,-18.0,0.35,149.0,2.0
2025-04-01 07:41:44,145.87,67.0,151.45,29.0,141.88,32.0,172.05,40.0,148.66,5.579999999999984,99.0,69.0,4.193963519154468,168,30.0,0.0,0.18,146.17,6.0
2025-04-01 07:41:45,141.98,41.0,154.0,52.0,140.9,58.0,352.58,45.0,147.99,12.02000000000001,99.0,97.0,3.0628793642573497,196,2.0,28.0,0.01,144.33,3.0
2025-04-01 07:41:46,140.44,59.0,153.15,59.0,139.67,39.0,261.06,34.0,146.8,12.710000000000008,98.0,93.0,1.8314557051671625,191,5.0,-5.0,0.03,141.0,5.0
2025-04-01 07:41:47,141.0,18.0,149.8,44.0,140.0,36.0,151.3,37.0,145.4,8.800000000000011,54.0,81.0,1.4806012292262385,135,-27.0,-56.0,-0.2,141.0,
2025-04-01 07:41:48,140.96,23.0,147.6,47.0,133.47,68.0,148.41,59.0,144.28,6.639999999999986,91.0,106.0,1.805181431320391,197,-15.0,62.0,-0.08,142.5,6.0
2025-04-01 07:41:49,120.56,27.0,144.85,52.0,65.24,62.0,146.4,25.0,132.7,24.289999999999992,89.0,77.0,6.162116519506625,166,12.0,-31.0,0.07,140.0,2.0
2025-04-01 07:41:53,111.13,53.0,135.17,23.0,97.57,46.0,138.06,49.0,123.15,24.039999999999992,99.0,72.0,8.940105144791278,171,27.0,33.0,0.16,134.0,2.0
2025-04-01 07:41:54,127.4,15.0,137.0,32.0,113.73,55.0,139.0,32.0,132.2,9.599999999999994,70.0,64.0,8.778068124588874,134,6.0,-37.0,0.04,134.0,
2025-04-01 07:41:55,129.8,5.0,137.0,20.0,102.56,36.0,139.0,20.0,133.4,7.199999999999989,41.0,40.0,6.24910153541574,81,1.0,-53.0,0.01,134.0,
2025-04-01 07:41:56,132.2,98.0,135.33,24.0,113.49,71.0,137.18,44.0,133.77,3.130000000000024,169.0,68.0,6.054663491883071,237,101.0,156.0,0.43,135.0,2.0
2025-04-01 07:41:57,135.52,27.0,137.48,42.0,133.05,111.0,139.77,52.0,136.5,1.9599999999999795,138.0,94.0,5.087074797951065,232,44.0,-5.0,0.19,137.86,7.0
2025-04-01 07:41:58,136.36,66.0,140.79,39.0,136.25,77.0,254.53,45.0,138.58,4.429999999999978,143.0,84.0,2.5941665328108963,227,59.0,-5.0,0.26,138.5,2.0
2025-04-01 07:41:59,139.62,8.0,148.91,34.0,137.69,55.0,382.55,11.0,144.27,9.289999999999992,63.0,45.0,4.430861090122509,108,18.0,-119.0,0.17,141.0,5.0
2025-04-01 07:42:00,142.1,20.0,202.43,23.0,129.08,26.0,408.56,18.0,172.27,60.33000000000001,46.0,41.0,15.68227247563246,87,5.0,-21.0,0.06,141.0,
2025-04-01 07:42:04,146.9,20.0,247.0,24.0,142.0,25.0,265.38,29.0,196.95,100.1,45.0,53.0,23.738240878382506,98,-8.0,-21.0,-0.08,148.0,9.0
2025-04-01 07:42:05,143.75,8.0,227.08,26.0,141.06,31.0,228.14,14.0,185.41,83.33000000000001,39.0,40.0,19.96851571850337,79,-1.0,-19.0,-0.01,146.0,3.0
2025-04-01 07:42:06,146.6,20.0,225.42,38.0,143.46,26.0,227.27,22.0,186.01,78.82,46.0,60.0,21.14315444771932,106,-14.0,27.0,-0.13,146.0,
2025-04-01 07:42:07,147.33,15.0,214.46,26.0,144.07,14.0,215.44,18.0,180.9,67.13,29.0,44.0,21.501585522935184,73,-15.0,-33.0,-0.21,146.0,1.0
2025-04-01 07:42:08,143.26,23.0,186.2,30.0,142.4,10.0,187.73,22.0,164.73,42.94,33.0,52.0,11.699076886663446,85,-19.0,12.0,-0.22,142.75,4.0
2025-04-01 07:42:09,138.48,31.0,149.89,19.0,114.03,66.0,177.61,36.0,144.19,11.409999999999997,97.0,55.0,17.897343937021425,152,42.0,67.0,0.28,140.75,4.0
2025-04-01 07:42:10,137.0,20.0,180.13,31.0,125.9,70.0,242.82,22.0,158.56,43.13,90.0,53.0,16.964656495196845,143,37.0,-9.0,0.26,140.67,3.0
2025-04-01 07:42:11,131.97,33.0,180.64,56.0,94.2,49.0,182.36,56.0,156.31,48.66999999999999,82.0,112.0,13.420408712107468,194,-30.0,51.0,-0.15,141.0,2.0
2025-04-01 07:42:12,142.8,10.0,179.56,36.0,109.97,33.0,182.0,36.0,161.18,36.75999999999999,43.0,72.0,7.813944586442902,115,-29.0,-79.0,-0.25,141.0,
2025-04-01 07:42:13,141.0,20.0,178.0,48.0,118.72,72.0,182.0,48.0,159.5,37.0,92.0,96.0,6.804312603047993,188,-4.0,73.0,-0.02,141.0,
2025-04-01 07:42:14,141.0,24.0,176.33,48.0,119.46,81.0,177.33,48.0,158.67,35.33000000000001,105.0,96.0,1.7620527801416432,201,9.0,13.0,0.04,141.0,
2025-04-01 07:42:15,142.88,56.0,172.71,68.0,138.23,47.0,174.12,68.0,157.79,29.830000000000013,103.0,136.0,1.8255820989494045,239,-33.0,38.0,-0.14,141.0,
2025-04-01 07:42:16,143.19,32.0,168.5,48.0,142.2,30.0,170.5,48.0,155.84,25.31,62.0,96.0,1.983993447570904,158,-34.0,-81.0,-0.22,143.0,1.0
2025-04-01 07:42:17,147.0,20.0,165.2,40.0,143.08,26.0,166.7,40.0,156.1,18.19999999999999,46.0,80.0,1.5919013788554135,126,-34.0,-32.0,-0.27,143.0,
2025-04-01 07:42:22,147.35,49.0,150.37,54.0,145.44,34.0,152.14,56.0,148.86,3.0200000000000102,83.0,110.0,2.896667050247637,193,-27.0,17.0,-0.14,148.12,8.0
2025-04-01 07:42:23,144.0,12.0,147.0,16.0,143.0,12.0,148.0,12.0,145.5,3.0,24.0,28.0,3.814302033135965,52,-4.0,-141.0,-0.08,148.12,
2025-04-01 07:42:24,141.77,39.0,144.05,37.0,134.52,50.0,196.5,24.0,142.91,2.280000000000001,89.0,61.0,4.323860543539663,150,28.0,98.0,0.19,142.2,10.0
2025-04-01 07:42:25,141.0,18.0,200.0,5.0,140.0,22.0,443.0,13.0,170.5,59.0,40.0,18.0,10.925478479224042,58,22.0,-92.0,0.38,141.0,5.0
2025-04-01 07:42:26,141.07,70.0,286.2,15.0,140.09,35.0,434.41,29.0,213.64,145.13,105.0,44.0,29.674229897337177,149,61.0,91.0,0.41,146.0,1.0
2025-04-01 07:42:27,141.0,43.0,285.0,8.0,140.0,16.0,382.25,20.0,213.0,144.0,59.0,28.0,34.76728778607922,87,31.0,-62.0,0.36,141.0,5.0
2025-04-01 07:42:28,141.6,53.0,282.88,16.0,140.7,40.0,352.38,32.0,212.24,141.28,93.0,48.0,32.32312051767417,141,45.0,54.0,0.32,141.0,
2025-04-01 07:42:29,143.82,90.0,281.09,44.0,141.0,84.0,282.14,28.0,212.46,137.26999999999998,174.0,72.0,18.940510024815207,246,102.0,105.0,0.41,144.0,3.0
2025-04-01 07:42:30,144.0,45.0,253.11,37.0,141.0,70.0,278.79,28.0,198.55,109.11,115.0,65.0,6.411296280795337,180,50.0,-66.0,0.28,144.0,2.0
2025-04-01 07:42:31,144.78,54.0,205.53,51.0,142.38,78.0,205.18,44.0,175.15,60.75,132.0,95.0,16.337856346538228,227,37.0,47.0,0.16,144.0,
2025-04-01 07:42:32,147.0,33.0,178.25,24.0,141.0,77.0,180.24,42.0,162.62,31.25,110.0,66.0,22.46146989847486,176,44.0,-51.0,0.25,144.0,
2025-04-01 07:42:33,148.0,32.0,176.0,28.0,142.98,41.0,178.26,38.0,162.0,28.0,73.0,66.0,22.49499566570452,139,7.0,-37.0,0.05,148.0,1.0
2025-04-01 07:42:41,148.14,42.0,150.06,47.0,146.92,78.0,152.29,31.0,149.1,1.920000000000016,120.0,78.0,2.844287256938823,198,42.0,88.0,0.21,149.0,1.0
2025-04-01 07:42:42,148.0,48.0,149.35,34.0,146.0,77.0,152.0,44.0,148.68,1.3499999999999943,125.0,78.0,2.365413283124159,203,47.0,5.0,0.23,148.0,4.0
2025-04-01 07:42:43,146.16,76.0,149.51,55.0,145.51,41.0,246.58,38.0,147.83,3.3499999999999943,117.0,93.0,2.028551207136929,210,24.0,7.0,0.11,148.0,2.0
2025-04-01 07:42:44,146.0,42.0,149.0,24.0,145.0,12.0,269.0,30.0,147.5,3.0,54.0,54.0,1.4476601811108007,108,0.0,-102.0,0.0,148.0,
2025-04-01 07:42:45,146.0,77.0,148.3,40.0,144.2,30.0,226.3,47.0,147.15,2.300000000000012,107.0,87.0,0.8155182401218927,194,20.0,86.0,0.1,148.0,
2025-04-01 07:42:46,146.0,42.0,147.0,18.0,144.96,78.0,148.0,24.0,146.5,1.0,120.0,42.0,0.809116802427224,162,78.0,-32.0,0.48,148.0,
2025-04-01 07:42:47,146.0,31.0,147.0,27.0,145.0,135.0,290.84,44.0,146.5,1.0,166.0,71.0,0.5948361118567183,237,95.0,75.0,0.4,146.0,4.0
2025-04-01 07:42:48,145.12,98.0,146.86,28.0,144.77,78.0,243.85,46.0,145.99,1.740000000000009,176.0,74.0,0.5963807508360445,250,102.0,13.0,0.41,145.6,5.0
2025-04-01 07:42:49,145.56,118.0,147.0,30.0,144.87,90.0,286.8,50.0,146.28,1.4399999999999975,208.0,80.0,0.4271182505666075,288,128.0,38.0,0.44,145.6,
2025-04-01 07:42:50,146.01,132.0,167.43,47.0,145.06,166.0,271.56,57.0,156.72,21.420000000000016,298.0,104.0,4.656846572517988,402,194.0,114.0,0.48,146.0,3.0
2025-04-01 07:42:51,146.05,65.0,398.92,60.0,145.2,147.0,594.25,60.0,272.48,252.87,212.0,120.0,55.4646128626176,332,92.0,-70.0,0.28,146.11,9.0
2025-04-01 07:42:54,145.44,9.0,396.25,24.0,144.17,29.0,399.15,39.0,270.85,250.81,38.0,63.0,95.62051286204432,101,-25.0,-23.0,-0.25,145.8,5.0
2025-04-01 07:42:55,145.0,5.0,203.0,25.0,144.0,15.0,395.0,10.0,174.0,58.0,20.0,35.0,89.65991523529559,55,-15.0,-46.0,-0.27,145.8,
2025-04-01 07:42:56,145.0,7.0,177.31,29.0,144.0,21.0,363.25,20.0,161.16,32.31,28.0,49.0,108.47019258764284,77,-21.0,22.0,-0.27,145.8,
2025-04-01 07:42:57,145.5,12.0,162.09,44.0,143.69,26.0,256.33,36.0,153.8,16.590000000000003,38.0,80.0,83.42016470854138,118,-42.0,41.0,-0.36,145.0,1.0
2025-04-01 07:42:58,142.18,44.0,160.08,65.0,140.93,142.0,163.0,91.0,151.13,17.900000000000006,186.0,156.0,50.35039294782174,342,30.0,169.5,0.09,148.0,1.0
2025-04-01 07:43:00,144.71,21.0,153.93,27.0,143.43,21.0,156.72,36.0,149.32,9.22,42.0,63.0,4.50998004429856,105,-21.0,26.0,-0.2,144.8,5.0
2025-04-01 07:43:01,143.0,6.0,151.11,27.0,141.0,72.0,152.33,15.0,147.06,8.110000000000014,78.0,42.0,2.9412616340548547,120,36.0,15.0,0.3,144.8,
2025-04-01 07:43:02,142.05,128.0,146.45,84.0,140.91,90.0,147.76,54.0,144.25,4.399999999999977,218.0,138.0,3.7043312486813935,356,80.0,169.5,0.22,141.5,4.0
2025-04-01 07:43:03,142.78,121.0,221.95,63.0,139.47,107.0,420.78,68.0,182.36,79.16999999999999,228.0,131.0,15.491398258387644,359,97.0,3.0,0.27,143.5,10.0
2025-04-01 07:43:04,144.0,45.0,367.22,18.0,141.27,37.0,370.0,36.0,255.61,223.22000000000003,82.0,54.0,47.26314155872455,136,28.0,-170.5,0.21,143.5,
2025-04-01 07:43:05,145.8,54.0,365.6,20.0,145.15,87.0,370.0,40.0,255.7,219.8,141.0,60.0,55.61411178828712,201,81.0,65.0,0.4,147.0,3.0
2025-04-01 07:43:06,147.67,24.0,190.71,28.0,146.0,132.0,303.0,34.0,169.19,43.04000000000002,156.0,62.0,51.3647249578941,218,94.0,17.0,0.43,147.0,
2025-04-01 07:43:07,148.0,4.0,206.0,4.0,146.0,22.0,339.0,8.0,177.0,58.0,26.0,12.0,43.77962962383452,38,14.0,-170.5,0.37,147.0,
2025-04-01 07:43:08,148.0,10.0,198.8,10.0,146.0,55.0,250.33,12.0,173.4,50.80000000000001,65.0,22.0,45.24880164159183,87,43.0,49.0,0.49,147.0,
2025-04-01 07:43:09,148.0,20.0,203.04,23.0,146.33,98.0,361.13,39.0,175.52,55.03999999999999,118.0,62.0,36.75474554394407,180,56.0,93.0,0.31,147.0,
2025-04-01 07:43:10,146.17,71.0,206.0,18.0,145.42,73.0,250.0,36.0,176.08,59.83000000000001,144.0,54.0,3.116475573469317,198,90.0,18.0,0.45,147.33,3.0
2025-04-01 07:43:11,148.0,16.0,185.45,22.0,146.0,80.0,283.71,21.0,166.73,37.44999999999999,96.0,43.0,4.139055447808055,139,53.0,-59.0,0.38,147.33,
2025-04-01 07:43:12,148.0,13.0,205.0,14.0,146.0,73.0,450.0,35.0,176.5,57.0,86.0,49.0,4.045773102885187,135,37.0,-4.0,0.27,148.0,1.0
2025-04-01 07:43:13,148.0,8.0,203.84,19.0,146.0,88.0,404.46,35.0,175.92,55.84,96.0,54.0,4.162739482604056,150,42.0,15.0,0.28,148.0,
2025-04-01 07:43:14,146.0,83.0,201.49,41.0,145.0,70.0,202.34,29.0,173.74,55.49000000000001,153.0,70.0,4.0917942274789,223,83.0,73.0,0.37,146.5,4.0
2025-04-01 07:43:15,146.0,88.0,199.68,37.0,145.0,77.0,200.25,40.0,172.84,53.68000000000001,165.0,77.0,3.890884218275809,242,88.0,19.0,0.36,146.5,
2025-04-01 07:43:17,146.04,67.0,195.38,26.0,145.1,70.0,199.55,44.0,170.71,49.34,137.0,70.0,1.8702753808004005,207,67.0,4.0,0.32,146.0,1.0
2025-04-01 07:43:22,146.19,64.0,182.31,32.0,145.25,112.0,183.9,58.0,164.25,36.120000000000005,176.0,90.0,2.8211043936754483,266,86.0,89.0,0.32,147.0,3.0
2025-04-01 07:43:23,146.0,60.0,172.44,18.0,145.0,84.0,173.05,42.0,159.22,26.44,144.0,60.0,4.624211284101078,204,84.0,-62.0,0.41,147.0,
2025-04-01 07:43:24,146.0,40.0,170.37,27.0,145.0,56.0,170.52,23.0,158.19,24.370000000000005,96.0,50.0,5.114384615963158,146,46.0,-58.0,0.32,147.0,
2025-04-01 07:43:25,146.6,50.0,166.7,37.0,145.31,81.0,167.91,44.0,156.65,20.099999999999994,131.0,81.0,4.733161733977956,212,50.0,66.0,0.24,147.0,
2025-04-01 07:43:29,145.36,67.0,148.88,32.0,144.78,49.0,150.13,46.0,147.12,3.519999999999982,116.0,78.0,4.044146387059648,194,38.0,36.0,0.2,145.67,6.0
2025-04-01 07:43:30,145.42,43.0,148.0,27.0,144.8,59.0,189.56,78.0,146.71,2.5800000000000125,102.0,105.0,3.854112089698722,207,-3.0,13.0,-0.01,145.6,10.0
2025-04-01 07:43:31,143.29,72.0,150.94,16.0,142.07,41.0,177.11,70.0,147.11,7.650000000000006,113.0,86.0,2.4402458892408205,199,27.0,-8.0,0.14,144.44,9.0
2025-04-01 07:43:32,145.59,61.0,149.14,14.0,140.74,47.0,164.38,16.0,147.37,3.549999999999983,108.0,30.0,1.218326721349323,138,78.0,-61.0,0.57,144.44,
2025-04-01 07:43:33,144.35,48.0,148.62,16.0,140.63,27.0,171.56,32.0,146.49,4.27000000000001,75.0,48.0,0.3534119408733698,123,27.0,-15.0,0.22,148.0,1.0
2025-04-01 07:43:34,141.67,66.0,147.15,26.0,140.45,29.0,296.06,49.0,144.41,5.480000000000018,95.0,75.0,1.173422345087355,170,20.0,47.0,0.12,148.0,
2025-04-01 07:43:35,142.84,37.0,145.2,30.0,141.13,63.0,147.9,31.0,144.02,2.359999999999985,100.0,61.0,1.5592947123455303,161,39.0,-9.0,0.24,148.0,
2025-04-01 07:43:36,141.72,25.0,229.18,28.0,140.9,42.0,337.94,34.0,185.45,87.46000000000001,67.0,62.0,17.88858910031674,129,5.0,-32.0,0.04,143.67,3.0
2025-04-01 07:43:38,145.44,27.0,248.47,15.0,140.96,25.0,330.4,25.0,196.96,103.03,52.0,40.0,61.76363047943415,92,12.0,-12.0,0.13,143.67,
2025-04-01 07:43:39,141.6,25.0,245.75,12.0,140.21,14.0,248.0,12.0,193.68,104.15,39.0,24.0,55.66468656159052,63,15.0,-29.0,0.24,144.75,4.0
2025-04-01 07:43:40,139.73,11.0,234.36,11.0,138.09,44.0,245.78,9.0,187.05,94.63000000000002,55.0,20.0,46.893199400341,75,35.0,12.0,0.47,140.67,3.0
2025-04-01 07:43:41,138.08,50.0,221.06,17.0,125.83,36.0,232.93,15.0,179.57,82.97999999999999,86.0,32.0,47.77986008769948,118,54.0,43.0,0.46,140.67,
2025-04-01 07:43:42,139.85,78.0,171.38,42.0,129.86,21.0,189.38,16.0,155.61,31.53,99.0,58.0,16.48041352636691,157,41.0,39.0,0.26,140.67,
2025-04-01 07:43:43,141.19,26.0,186.57,21.0,140.0,84.0,187.2,15.0,163.88,45.38,110.0,36.0,15.890779401905965,146,74.0,-11.0,0.51,142.0,1.0
2025-04-01 07:43:44,142.22,18.0,185.0,9.0,140.0,93.0,275.44,27.0,163.61,42.78,111.0,36.0,12.919271651297608,147,75.0,1.0,0.51,142.0,
2025-04-01 07:43:45,143.0,50.0,183.13,38.0,140.2,98.0,271.19,16.0,163.07,40.13,148.0,54.0,8.764400721099445,202,94.0,55.0,0.47,142.0,
2025-04-01 07:43:46,143.4,20.0,180.8,10.0,140.61,66.0,183.0,50.0,162.1,37.400000000000006,86.0,60.0,3.4465533508127764,146,26.0,-56.0,0.18,142.0,
2025-04-01 07:43:47,141.03,62.0,150.79,19.0,138.36,117.0,173.45,38.0,145.91,9.759999999999993,179.0,57.0,7.7466205535054735,236,122.0,90.0,0.52,142.67,3.0
2025-04-01 07:43:48,147.1,41.0,180.34,44.0,141.79,29.0,207.62,42.0,163.72,33.24000000000001,70.0,86.0,7.725410668695441,156,-16.0,-80.0,-0.1,142.67,
2025-04-01 07:43:49,148.0,50.0,179.3,50.0,146.0,10.0,181.86,28.0,163.65,31.30000000000001,60.0,78.0,7.730514213168059,138,-18.0,-18.0,-0.13,142.67,
2025-04-01 07:43:51,146.19,42.0,170.08,38.0,143.85,33.0,171.08,36.0,158.13,23.89000000000001,75.0,74.0,7.535540458387228,149,1.0,-29.0,0.01,148.5,6.0
2025-04-01 07:43:56,147.35,51.0,151.0,63.0,144.08,91.0,152.27,51.0,149.18,3.6500000000000057,142.0,114.0,3.656086705752173,256,28.0,58.0,0.11,149.0,3.0
2025-04-01 07:43:57,145.0,67.0,148.11,27.0,141.0,70.0,149.47,40.0,146.56,3.1100000000000136,137.0,67.0,3.864770368336434,204,70.0,-52.0,0.34,145.0,3.0
2025-04-01 07:43:58,145.0,36.0,149.41,34.0,141.0,63.0,150.32,37.0,147.21,4.409999999999997,99.0,71.0,3.0231523282769204,170,28.0,-34.0,0.16,146.0,2.0
2025-04-01 07:43:59,145.69,52.0,148.81,26.0,142.45,44.0,149.92,38.0,147.25,3.1200000000000045,96.0,64.0,2.254544299844813,160,32.0,-10.0,0.2,146.0,
2025-04-01 07:44:00,146.0,52.0,147.0,20.0,145.0,36.0,234.89,38.0,146.5,1.0,88.0,58.0,1.086807250601337,146,30.0,-14.0,0.21,146.12,8.0
2025-04-01 07:44:01,145.0,26.0,326.0,44.0,144.0,60.0,500.6,40.0,235.5,181.0,86.0,84.0,39.633622468808056,170,2.0,24.0,0.01,145.4,5.0
2025-04-01 07:44:02,144.62,8.0,278.75,32.0,142.63,46.0,406.6,30.0,211.69,134.13,54.0,62.0,42.79724932749816,116,-8.0,-54.0,-0.07,144.2,5.0
2025-04-01 07:44:03,144.22,9.0,400.56,36.0,141.12,51.0,493.46,26.0,272.39,256.34000000000003,60.0,62.0,55.33193679964681,122,-2.0,6.0,-0.02,144.2,
