DateTime,Bid1_Price,Bid1_Volume,Ask1_Price,Ask1_Volume,Bid2_Price,Bid2_Volume,Ask2_Price,Ask2_Volume,Mid-Price,Bid_Ask_Spread,Market_Depth_Bid,Market_Depth_Ask,Historical_Volatility,Total_volume,Cumulative_Volume_Difference,Total_Volume_Change_Corrected,Order_imbalance,Weighted_Avg_Price,Trade_Volume
2025-02-14 07:30:10,285.73,22.0,381.44,59.0,277.25,16.0,596.53,45.0,333.58,95.70999999999998,38.0,104.0,32.86077631462763,142,-66.0,-3.0,-0.46,,
2025-02-14 07:30:11,292.0,22.0,353.9,48.0,290.83,29.0,361.31,48.0,322.95,61.89999999999998,51.0,96.0,34.62666342574737,147,-45.0,5.0,-0.31,,
2025-02-14 07:30:12,292.0,29.0,335.26,43.0,291.0,52.0,337.54,57.0,313.63,43.25999999999999,81.0,100.0,28.74744562565496,181,-19.0,34.0,-0.1,,
2025-02-14 07:30:13,292.0,21.0,327.15,26.0,291.0,28.0,328.9,29.0,309.58,35.14999999999998,49.0,55.0,14.228490784337849,104,-6.0,-77.0,-0.06,,
2025-02-14 07:30:14,291.6,25.0,323.0,33.0,290.8,25.0,324.68,41.0,307.3,31.399999999999977,50.0,74.0,10.839394355774054,124,-24.0,20.0,-0.19,291.6,5.0
2025-02-14 07:30:15,285.23,106.0,315.26,31.0,284.32,38.0,316.9,30.0,300.24,30.029999999999973,144.0,61.0,8.379519675971176,205,83.0,81.0,0.4,288.8,5.0
2025-02-14 07:30:16,285.0,102.0,308.87,23.0,284.0,36.0,310.45,29.0,296.93,23.870000000000005,138.0,52.0,6.839029901966346,190,86.0,-15.0,0.45,288.8,
2025-02-14 07:30:17,285.0,204.0,302.43,23.0,284.0,72.0,303.52,46.0,293.72,17.430000000000007,276.0,69.0,6.743751181648904,345,207.0,155.0,0.6,288.8,
2025-02-14 07:30:18,285.0,153.0,297.73,41.0,284.0,54.0,299.33,24.0,291.37,12.730000000000018,207.0,65.0,6.222722073176045,272,142.0,-73.0,0.52,288.8,
2025-02-14 07:30:19,285.0,136.0,294.97,39.0,284.0,48.0,296.74,31.0,289.99,9.970000000000027,184.0,70.0,4.17089318971291,254,114.0,-18.0,0.45,288.8,
2025-02-14 07:30:20,285.0,174.0,294.0,60.0,284.0,72.0,296.0,48.0,289.5,9.0,246.0,108.0,3.061628651550392,354,138.0,100.0,0.39,285.0,3.0
2025-02-14 07:30:21,291.0,26.0,292.95,43.0,285.0,182.0,294.25,63.0,291.98,1.9499999999999889,208.0,106.0,1.6792170794732224,314,102.0,-40.0,0.32,291.0,2.0
2025-02-14 07:30:22,285.0,182.0,292.0,39.0,284.0,78.0,295.57,61.0,288.5,7.0,260.0,100.0,1.408747670803708,360,160.0,46.0,0.44,291.0,
2025-02-14 07:30:23,285.0,182.0,291.77,35.0,284.0,78.0,298.1,59.0,288.39,6.769999999999982,260.0,94.0,1.455565182324409,354,166.0,-6.0,0.47,291.0,
2025-02-14 07:30:24,285.0,203.0,296.58,45.0,284.0,90.0,298.24,59.0,290.79,11.579999999999984,293.0,104.0,1.540736836709966,397,189.0,43.0,0.48,290.5,6.0
2025-02-14 07:30:25,285.0,65.0,298.0,25.0,284.0,30.0,300.0,15.0,291.5,13.0,95.0,40.0,1.6857846837585404,135,55.0,-174.5,0.41,290.5,
2025-02-14 07:30:26,285.0,156.0,298.0,60.0,284.0,72.0,300.0,36.0,291.5,13.0,228.0,96.0,1.571123801613005,324,132.0,173.5,0.41,290.5,
2025-02-14 07:30:27,285.0,117.0,298.0,45.0,284.0,54.0,300.0,27.0,291.5,13.0,171.0,72.0,1.3470077950756931,243,99.0,-81.0,0.41,290.5,
2025-02-14 07:30:28,285.0,61.0,298.0,35.0,284.0,48.0,300.0,21.0,291.5,13.0,109.0,56.0,0.3175216527961537,165,53.0,-78.0,0.32,285.0,8.0
2025-02-14 07:30:29,285.12,40.0,298.0,45.0,284.1,101.0,300.0,27.0,291.56,12.879999999999995,141.0,72.0,0.0268328156245148,213,69.0,48.0,0.32,286.0,4.0
2025-02-14 07:30:30,289.2,100.0,296.09,56.0,284.31,113.0,297.4,58.0,292.64,6.889999999999986,213.0,114.0,0.5037856687066756,327,99.0,114.0,0.3,286.0,
2025-02-14 07:30:31,291.0,100.0,294.0,40.0,285.0,50.0,295.5,50.0,292.5,3.0,150.0,90.0,0.5777542730211016,240,60.0,-87.0,0.25,286.0,
2025-02-14 07:30:32,292.31,147.0,294.0,36.0,291.17,72.0,296.0,45.0,293.15,1.6899999999999975,219.0,81.0,0.717843994189549,300,138.0,60.0,0.46,286.0,
2025-02-14 07:30:33,293.0,103.0,295.82,44.0,292.0,36.0,300.59,61.0,294.41,2.819999999999993,139.0,105.0,1.043345580329835,244,34.0,-56.0,0.14,293.0,4.0
2025-02-14 07:30:34,293.0,165.0,298.85,67.0,292.0,60.0,300.83,58.0,295.93,5.850000000000023,225.0,125.0,1.4439286685960202,350,100.0,106.0,0.29,293.0,
2025-02-14 07:30:35,293.0,110.0,297.0,40.0,292.0,40.0,299.0,20.0,295.0,4.0,150.0,60.0,1.3846913013351565,210,90.0,-140.0,0.43,293.0,
2025-02-14 07:30:36,293.0,153.0,294.8,15.0,292.0,60.0,296.33,27.0,293.9,1.8000000000000114,213.0,42.0,1.058664252722793,255,171.0,45.0,0.67,293.0,2.0
2025-02-14 07:30:37,293.0,112.0,294.08,13.0,292.0,52.0,300.25,32.0,293.54,1.079999999999984,164.0,45.0,0.9445792714182476,209,119.0,-46.0,0.57,293.0,1.0
2025-02-14 07:30:38,293.0,95.0,301.55,71.0,292.0,52.0,304.08,59.0,297.27,8.550000000000011,147.0,130.0,1.5229477994969849,277,17.0,68.0,0.06,293.0,1.0
2025-02-14 07:30:39,293.0,56.0,302.0,32.0,292.0,32.0,306.62,32.0,297.5,9.0,88.0,64.0,1.8552412242057823,152,24.0,-125.0,0.16,293.0,
2025-02-14 07:30:40,293.0,70.0,302.0,40.0,292.0,40.0,304.0,40.0,297.5,9.0,110.0,80.0,2.03455646271917,190,30.0,38.0,0.16,293.0,
2025-02-14 07:30:41,293.0,77.0,302.0,44.0,292.0,44.0,303.83,29.0,297.5,9.0,121.0,73.0,1.748090386676847,194,48.0,4.0,0.25,293.0,
2025-02-14 07:30:42,293.0,105.0,302.0,60.0,292.0,60.0,303.0,17.0,297.5,9.0,165.0,77.0,0.102859126924968,242,88.0,48.0,0.36,293.0,
2025-02-14 07:30:43,293.0,55.0,302.0,32.0,292.0,32.0,303.0,8.0,297.5,9.0,87.0,40.0,0.0,127,47.0,-115.0,0.37,293.0,1.0
2025-02-14 07:30:44,293.0,54.0,302.0,36.0,292.0,36.0,303.0,9.0,297.5,9.0,90.0,45.0,0.0,135,45.0,8.0,0.33,293.0,
2025-02-14 07:30:45,293.0,42.0,302.0,28.0,292.0,28.0,303.0,7.0,297.5,9.0,70.0,35.0,0.0,105,35.0,-30.0,0.33,293.0,
2025-02-14 07:30:46,292.61,31.0,301.11,37.0,291.75,48.0,302.02,45.0,296.86,8.5,79.0,82.0,0.2862167011055992,161,-3.0,56.0,-0.02,293.0,
2025-02-14 07:30:47,293.0,13.0,300.15,39.0,292.0,52.0,302.0,46.0,296.58,7.149999999999977,65.0,85.0,0.4385430423479605,150,-20.0,-11.0,-0.13,293.0,
2025-02-14 07:30:48,293.0,12.0,300.0,36.0,291.08,48.0,302.0,12.0,296.5,7.0,60.0,48.0,0.486127555269018,108,12.0,-42.0,0.11,293.0,
2025-02-14 07:30:49,292.2,20.0,298.21,42.0,290.77,52.0,303.11,47.0,295.21,6.009999999999991,72.0,89.0,0.8360023923362305,161,-17.0,53.0,-0.11,293.0,1.0
2025-02-14 07:30:50,291.48,92.0,295.56,48.0,286.58,38.0,302.0,64.0,293.52,4.079999999999984,130.0,112.0,1.3916465068371264,242,18.0,81.0,0.07,291.0,4.0
2025-02-14 07:30:51,292.0,96.0,295.0,36.0,288.0,24.0,302.5,48.0,293.5,3.0,120.0,84.0,1.5175374789414644,204,36.0,-38.0,0.18,291.0,
2025-02-14 07:30:52,292.0,123.0,294.92,36.0,288.0,24.0,302.36,44.0,293.46,2.920000000000016,147.0,80.0,1.3717579961465671,227,67.0,23.0,0.3,291.0,
2025-02-14 07:30:53,292.0,57.0,294.0,36.0,288.0,24.0,304.0,44.0,293.0,2.0,81.0,80.0,0.8504234239436536,161,1.0,-66.0,0.01,292.0,5.0
2025-02-14 07:30:54,290.07,29.0,300.51,43.0,286.83,24.0,305.68,88.0,295.29,10.439999999999998,53.0,131.0,0.885087566284869,184,-78.0,23.0,-0.42,292.0,3.0
2025-02-14 07:30:55,288.94,34.0,301.15,52.0,286.62,26.0,303.77,52.0,295.05,12.20999999999998,60.0,104.0,1.0356398988027036,164,-44.0,-20.0,-0.27,292.0,
2025-02-14 07:30:56,290.73,44.0,300.19,64.0,287.75,32.0,302.44,64.0,295.46,9.45999999999998,76.0,128.0,1.136692570571334,204,-52.0,40.0,-0.25,291.0,2.0
2025-02-14 07:30:57,291.0,13.0,296.44,36.0,288.0,26.0,298.25,48.0,293.72,5.439999999999998,39.0,84.0,1.0847257717930598,123,-45.0,-81.0,-0.37,291.0,
2025-02-14 07:30:58,287.5,20.0,293.13,46.0,286.09,33.0,293.5,36.0,290.32,5.629999999999996,53.0,82.0,2.151387924106685,135,-29.0,12.0,-0.21,289.0,3.0
2025-02-14 07:30:59,286.0,32.0,287.51,61.0,285.0,48.0,290.12,34.0,286.75,1.509999999999991,80.0,95.0,3.683727731523087,175,-15.0,40.0,-0.09,287.6,5.0
2025-02-14 07:31:00,286.33,18.0,289.33,9.0,284.79,38.0,291.0,36.0,287.83,3.0,56.0,45.0,3.7314380605863455,101,11.0,-74.0,0.11,287.6,
2025-02-14 07:31:01,286.27,30.0,290.15,39.0,285.2,69.0,291.82,51.0,288.21,3.879999999999996,99.0,90.0,2.757105366139016,189,9.0,88.0,0.05,287.0,1.0
2025-02-14 07:31:02,286.0,20.0,290.44,45.0,285.0,50.0,293.14,35.0,288.22,4.439999999999998,70.0,80.0,1.2954265706679722,150,-10.0,-39.0,-0.07,287.0,
2025-02-14 07:31:03,285.62,39.0,288.13,62.0,283.85,78.0,289.43,51.0,286.87,2.509999999999991,117.0,113.0,0.7179693586725298,230,4.0,80.0,0.02,286.75,8.0
2025-02-14 07:31:04,285.11,57.0,290.15,61.0,280.42,72.0,296.29,21.0,287.63,5.039999999999964,129.0,82.0,0.5540036100898927,211,47.0,-19.0,0.22,285.0,4.0
2025-02-14 07:31:05,283.73,40.0,297.0,54.0,281.64,28.0,298.0,18.0,290.36,13.269999999999982,68.0,72.0,1.2983720576139253,140,-4.0,-71.0,-0.03,285.5,2.0
2025-02-14 07:31:06,291.0,98.0,295.5,42.0,279.17,132.0,302.17,35.0,293.25,4.5,230.0,77.0,2.577814966205401,307,153.0,167.0,0.5,285.5,
2025-02-14 07:31:07,291.0,119.0,294.16,45.0,290.0,17.0,295.43,63.0,292.58,3.160000000000025,136.0,108.0,2.857756112755686,244,28.0,-63.0,0.11,285.5,
2025-02-14 07:31:08,291.0,43.0,297.4,25.0,290.0,7.0,298.13,23.0,294.2,6.399999999999977,50.0,48.0,2.633501471423996,98,2.0,-146.0,0.02,291.0,1.0
2025-02-14 07:31:09,291.12,51.0,297.0,33.0,290.69,26.0,298.76,63.0,294.06,5.879999999999996,77.0,96.0,1.558172005906976,173,-19.0,75.0,-0.11,291.0,
2025-02-14 07:31:10,293.0,9.0,296.0,27.0,291.0,54.0,299.0,34.0,294.5,3.0,63.0,61.0,0.7865875666396722,124,2.0,-49.0,0.02,291.0,
2025-02-14 07:31:11,291.25,24.0,295.0,30.0,290.72,25.0,299.98,55.0,293.12,3.75,49.0,85.0,0.8077871006596472,134,-36.0,10.0,-0.27,291.5,4.0
2025-02-14 07:31:12,291.0,37.0,294.92,39.0,290.0,13.0,299.8,75.0,292.96,3.920000000000016,50.0,114.0,0.6856529734436518,164,-64.0,30.0,-0.39,291.0,1.0
2025-02-14 07:31:13,291.0,22.0,293.55,33.0,290.0,11.0,295.0,33.0,292.27,2.550000000000012,33.0,66.0,0.8934315866322113,99,-33.0,-65.0,-0.33,291.0,
2025-02-14 07:31:14,290.0,16.0,295.0,48.0,286.0,24.0,299.11,112.0,292.5,5.0,40.0,160.0,0.8695401083286166,200,-120.0,101.0,-0.6,291.0,2.0
2025-02-14 07:31:15,289.56,9.0,293.86,21.0,285.89,9.0,296.88,43.0,291.71,4.300000000000011,18.0,64.0,0.5639769498766204,82,-46.0,-118.0,-0.56,290.0,1.0
2025-02-14 07:31:16,280.04,51.0,292.0,36.0,279.42,24.0,293.0,12.0,286.02,11.95999999999998,75.0,48.0,2.870830890176602,123,27.0,41.0,0.22,283.33,3.0
2025-02-14 07:31:17,284.0,60.0,291.0,26.0,279.0,72.0,292.05,22.0,287.5,7.0,132.0,48.0,3.017341545134093,180,84.0,57.0,0.47,283.33,
2025-02-14 07:31:18,280.67,120.0,286.59,34.0,278.22,102.0,288.03,38.0,283.63,5.919999999999959,222.0,72.0,3.7719848886219354,294,150.0,114.0,0.51,283.33,
2025-02-14 07:31:19,279.86,112.0,284.0,38.0,277.62,64.0,285.0,14.0,281.93,4.139999999999986,176.0,52.0,3.771984888621916,228,124.0,-66.0,0.54,284.0,1.0
2025-02-14 07:31:20,283.0,92.0,284.05,22.0,278.62,58.0,289.89,18.0,283.52,1.0500000000000114,150.0,40.0,2.2153216470734125,190,110.0,-38.0,0.58,283.0,2.0
2025-02-14 07:31:21,278.88,34.0,283.25,8.0,277.05,74.0,295.38,32.0,281.07,4.3700000000000045,108.0,40.0,2.4689370182311325,148,68.0,-42.0,0.46,283.0,
2025-02-14 07:31:22,278.0,40.0,283.0,15.0,277.0,150.0,295.0,60.0,280.5,5.0,190.0,75.0,1.4144433534051308,265,115.0,117.0,0.43,283.0,
2025-02-14 07:31:23,278.0,12.0,292.79,19.0,277.0,60.0,296.47,30.0,285.39,14.79000000000002,72.0,49.0,1.9849861460453468,121,23.0,-144.0,0.19,283.0,1.0
2025-02-14 07:31:24,288.4,60.0,291.16,50.0,277.21,76.0,295.04,54.0,289.78,2.760000000000048,136.0,104.0,3.754739671400938,240,32.0,119.0,0.13,283.0,
2025-02-14 07:31:25,282.24,95.0,292.67,84.0,276.31,64.0,293.89,94.0,287.45,10.430000000000009,159.0,178.0,4.017669722611863,337,-19.0,97.0,-0.06,291.0,6.0
2025-02-14 07:31:26,278.79,114.0,289.08,60.0,277.35,80.0,290.5,48.0,283.94,10.289999999999964,194.0,108.0,3.518802353073004,302,86.0,-35.0,0.28,291.0,
2025-02-14 07:31:27,279.06,170.0,287.39,77.0,277.0,136.0,290.97,64.0,283.22,8.329999999999984,306.0,141.0,2.6798003656974387,447,165.0,145.0,0.37,291.0,
2025-02-14 07:31:28,280.0,150.0,282.85,26.0,277.0,42.0,287.13,31.0,281.42,2.8500000000000227,192.0,57.0,3.38482200418163,249,135.0,-174.5,0.54,282.75,4.0
2025-02-14 07:31:29,280.59,109.0,283.0,32.0,276.38,100.0,291.0,16.0,281.79,2.410000000000025,209.0,48.0,2.403358067369974,257,161.0,8.0,0.63,281.17,6.0
2025-02-14 07:31:30,283.53,131.0,290.03,35.0,274.7,105.0,291.17,18.0,286.78,6.5,236.0,53.0,2.136375435168719,289,183.0,32.0,0.63,281.17,
2025-02-14 07:31:31,286.67,63.0,289.33,18.0,273.0,88.0,292.0,9.0,288.0,2.659999999999968,151.0,27.0,2.9826364176668103,178,124.0,-111.0,0.7,281.17,
2025-02-14 07:31:32,288.0,56.0,293.38,8.0,274.75,64.0,294.64,14.0,290.69,5.379999999999996,120.0,22.0,4.029780391037745,142,98.0,-36.0,0.69,290.0,3.0
2025-02-14 07:31:33,288.0,105.0,293.86,21.0,275.0,120.0,294.93,29.0,290.93,5.860000000000014,225.0,50.0,3.715450174607704,275,175.0,133.0,0.64,291.0,1.0
2025-02-14 07:31:34,288.18,67.0,293.76,58.0,277.39,98.0,294.64,39.0,290.97,5.579999999999984,165.0,97.0,1.9536453106929657,262,68.0,-13.0,0.26,288.0,1.0
2025-02-14 07:31:35,288.25,64.0,294.35,20.0,283.17,48.0,296.72,60.0,291.3,6.100000000000023,112.0,80.0,1.3469855233047647,192,32.0,-70.0,0.17,292.67,3.0
2025-02-14 07:31:36,288.0,90.0,294.13,15.0,287.0,15.0,296.77,39.0,291.07,6.129999999999996,105.0,54.0,0.2216303228185206,159,51.0,-33.0,0.32,292.67,
2025-02-14 07:31:37,288.0,66.0,293.0,11.0,287.0,11.0,297.0,47.0,290.5,5.0,77.0,58.0,0.2915990397663127,135,19.0,-24.0,0.14,292.67,
2025-02-14 07:31:38,288.0,48.0,291.38,8.0,287.0,8.0,297.0,32.0,289.69,3.3799999999999955,56.0,40.0,0.638302436148105,96,16.0,-39.0,0.17,292.67,
2025-02-14 07:31:39,288.68,93.0,290.0,14.0,287.94,84.0,295.88,43.0,289.34,1.3199999999999932,177.0,57.0,0.8506762016140865,234,120.0,138.0,0.51,292.67,
2025-02-14 07:31:40,288.62,100.0,291.87,15.0,287.9,80.0,299.37,27.0,290.24,3.25,180.0,42.0,0.6788004124870073,222,138.0,-12.0,0.62,290.0,1.0
2025-02-14 07:31:41,292.0,65.0,295.31,13.0,288.0,78.0,300.33,15.0,293.65,3.3100000000000023,143.0,28.0,1.7191945788631788,171,115.0,-51.0,0.67,290.0,
2025-02-14 07:31:42,292.0,45.0,295.0,9.0,288.26,46.0,298.0,9.0,293.5,3.0,91.0,18.0,2.116513642760796,109,73.0,-62.0,0.67,290.0,
2025-02-14 07:31:43,292.0,31.0,294.29,21.0,291.0,22.0,297.73,11.0,293.14,2.2900000000000205,53.0,32.0,2.027431873082932,85,21.0,-24.0,0.25,292.0,4.0
2025-02-14 07:31:44,291.29,28.0,295.84,38.0,288.63,76.0,300.56,18.0,293.56,4.5499999999999545,104.0,56.0,1.4541045354418467,160,48.0,75.0,0.3,292.0,1.0
2025-02-14 07:31:45,291.0,28.0,297.14,28.0,288.0,84.0,298.09,22.0,294.07,6.139999999999986,112.0,50.0,0.3336615051104796,162,62.0,2.0,0.38,292.0,
2025-02-14 07:31:46,281.45,49.0,294.12,32.0,275.9,63.0,295.88,32.0,287.79,12.670000000000016,112.0,64.0,2.6049702493488294,176,48.0,14.0,0.27,287.29,7.0
2025-02-14 07:31:47,274.55,20.0,286.98,45.0,273.12,92.0,293.5,40.0,280.76,12.430000000000009,112.0,85.0,5.684789354056352,197,27.0,21.0,0.14,287.29,
2025-02-14 07:31:48,275.0,11.0,276.15,27.0,273.85,53.0,279.09,22.0,275.57,1.1499999999999773,64.0,49.0,8.079489464068397,113,15.0,-84.0,0.13,276.0,3.0
2025-02-14 07:31:49,276.87,15.0,285.4,30.0,274.26,43.0,289.87,30.0,281.13,8.529999999999973,58.0,60.0,7.1672156378884,118,-2.0,5.0,-0.02,278.0,2.0
2025-02-14 07:31:50,277.0,7.0,287.0,14.0,274.0,56.0,289.0,14.0,282.0,10.0,63.0,28.0,4.348879165945172,91,35.0,-27.0,0.38,278.0,
2025-02-14 07:31:51,281.96,137.0,284.89,36.0,276.04,25.0,287.22,36.0,283.43,2.930000000000007,162.0,72.0,2.9821921467256054,234,90.0,143.0,0.38,278.0,
2025-02-14 07:31:52,279.41,41.0,288.92,26.0,275.73,41.0,292.0,50.0,284.17,9.509999999999993,82.0,76.0,3.3954970181096966,158,6.0,-76.0,0.04,281.86,7.0
2025-02-14 07:31:53,276.17,24.0,282.71,14.0,274.0,24.0,286.58,38.0,279.44,6.539999999999964,48.0,52.0,1.8747346478879965,100,-4.0,-58.0,-0.04,281.86,
2025-02-14 07:31:54,277.77,26.0,280.41,17.0,273.09,22.0,283.06,35.0,279.09,2.640000000000043,48.0,52.0,2.295436777607215,100,-4.0,0.0,-0.04,279.0,1.0
2025-02-14 07:31:55,287.38,48.0,289.7,46.0,273.12,64.0,541.11,38.0,288.54,2.319999999999993,112.0,84.0,3.878959912140339,196,28.0,96.0,0.14,288.67,9.0
2025-02-14 07:31:56,293.0,71.0,294.0,36.0,282.08,24.0,561.58,48.0,293.5,1.0,95.0,84.0,6.150176420233128,179,11.0,-17.0,0.06,288.67,
2025-02-14 07:31:57,293.0,176.0,294.0,45.0,286.38,26.0,554.6,40.0,293.5,1.0,202.0,85.0,7.183667586963601,287,117.0,108.0,0.41,288.67,
2025-02-14 07:31:58,293.0,132.0,294.0,54.0,291.0,54.0,377.31,35.0,293.5,1.0,186.0,89.0,6.269176979475956,275,97.0,-12.0,0.35,293.0,2.0
2025-02-14 07:31:59,293.0,84.0,294.0,31.0,291.0,36.0,509.62,21.0,293.5,1.0,120.0,52.0,2.2181794336777325,172,68.0,-103.0,0.4,293.0,
2025-02-14 07:32:00,293.0,40.0,294.0,30.0,291.0,36.0,351.64,22.0,293.5,1.0,76.0,52.0,0.0,128,24.0,-44.0,0.19,293.0,
2025-02-14 07:32:01,291.5,12.0,294.0,35.0,290.68,38.0,476.0,21.0,292.75,2.5,50.0,56.0,0.3354101966112865,106,-6.0,-22.0,-0.06,293.0,3.0
2025-02-14 07:32:02,292.99,92.0,294.0,40.0,291.54,13.0,397.88,32.0,293.49,1.009999999999991,105.0,72.0,0.334320205777071,177,33.0,71.0,0.19,293.0,
2025-02-14 07:32:03,293.0,120.0,294.0,50.0,292.0,10.0,355.0,40.0,293.5,1.0,130.0,90.0,0.334320205777071,220,40.0,43.0,0.18,293.0,5.0
2025-02-14 07:32:04,293.0,44.0,294.0,40.0,292.0,8.0,355.0,32.0,293.5,1.0,52.0,72.0,0.334320205777071,124,-20.0,-96.0,-0.16,293.0,4.0
2025-02-14 07:32:05,293.0,80.0,294.0,34.0,292.0,8.0,381.25,32.0,293.5,1.0,88.0,66.0,0.334320205777071,154,22.0,30.0,0.14,293.0,
2025-02-14 07:32:06,293.0,70.0,294.0,46.0,292.0,7.0,393.38,26.0,293.5,1.0,77.0,72.0,0.0044721349286813,149,5.0,-5.0,0.03,293.0,
2025-02-14 07:32:07,293.0,60.0,294.0,42.0,292.0,6.0,404.0,20.0,293.5,1.0,66.0,62.0,0.0,128,4.0,-21.0,0.03,293.0,
2025-02-14 07:32:08,293.0,150.0,294.0,105.0,292.0,15.0,356.34,58.0,293.5,1.0,165.0,163.0,0.0,328,2.0,173.5,0.01,293.0,
2025-02-14 07:32:09,293.0,80.0,294.0,56.0,292.0,8.0,363.92,25.0,293.5,1.0,88.0,81.0,0.0,169,7.0,-159.0,0.04,293.0,
2025-02-14 07:32:10,293.0,89.0,294.0,98.0,292.0,14.0,590.36,42.0,293.5,1.0,103.0,140.0,0.0,243,-37.0,74.0,-0.15,293.0,6.0
2025-02-14 07:32:11,293.0,32.0,294.0,56.0,292.0,8.0,587.84,25.0,293.5,1.0,40.0,81.0,0.0,121,-41.0,-122.0,-0.34,293.0,
2025-02-14 07:32:12,292.6,40.0,294.0,70.0,289.5,16.0,528.12,34.0,293.3,1.3999999999999773,56.0,104.0,0.0894427190486646,160,-48.0,39.0,-0.3,292.8,5.0
2025-02-14 07:32:13,291.0,34.0,294.0,70.0,286.38,21.0,385.0,40.0,292.5,3.0,55.0,110.0,0.4335896677629826,165,-55.0,5.0,-0.33,291.0,3.0
2025-02-14 07:32:14,291.0,7.0,294.0,49.0,288.0,7.0,442.96,25.0,292.5,3.0,14.0,74.0,0.5176871642129165,88,-60.0,-77.0,-0.68,291.0,
2025-02-14 07:32:15,291.0,11.0,293.68,62.0,288.0,11.0,368.76,50.0,292.34,2.680000000000007,22.0,112.0,0.5309613921847913,134,-90.0,46.0,-0.67,291.0,
2025-02-14 07:32:16,291.0,10.0,293.0,40.0,288.0,10.0,294.92,26.0,292.0,2.0,20.0,66.0,0.477409677311626,86,-46.0,-48.0,-0.53,291.0,
2025-02-14 07:32:17,291.0,9.0,293.0,24.0,288.0,9.0,295.0,27.0,292.0,2.0,18.0,51.0,0.2532192725499972,69,-33.0,-17.0,-0.48,293.0,3.0
2025-02-14 07:32:18,291.0,5.0,293.0,5.0,288.0,5.0,295.0,15.0,292.0,2.0,10.0,20.0,0.236896601897818,30,-10.0,-39.0,-0.33,293.0,
2025-02-14 07:32:19,291.0,6.0,293.0,6.0,288.0,6.0,295.0,18.0,292.0,2.0,12.0,24.0,0.1520526224394659,36,-12.0,6.0,-0.33,293.0,
2025-02-14 07:32:20,291.0,9.0,293.0,9.0,288.0,9.0,295.74,38.0,292.0,2.0,18.0,47.0,0.0,65,-29.0,29.0,-0.45,293.0,
2025-02-14 07:32:21,289.4,15.0,292.13,31.0,286.36,39.0,294.7,46.0,290.76,2.730000000000018,54.0,77.0,0.5545448584115205,131,-23.0,66.0,-0.18,291.0,1.0
2025-02-14 07:32:22,288.0,10.0,291.2,20.0,285.48,29.0,295.0,10.0,289.6,3.1999999999999886,39.0,30.0,1.077923930521321,69,9.0,-62.0,0.13,291.0,
2025-02-14 07:32:23,288.0,14.0,290.36,28.0,286.0,28.0,295.93,14.0,289.18,2.3600000000000136,42.0,42.0,1.3137427449810808,84,0.0,15.0,0.0,291.0,
2025-02-14 07:32:24,286.0,24.0,292.75,32.0,281.46,56.0,298.62,69.0,289.38,6.75,80.0,101.0,1.1858667716022344,181,-21.0,97.0,-0.12,288.0,1.0
2025-02-14 07:32:25,275.92,50.0,294.92,48.0,278.08,50.0,298.27,52.0,285.42,19.0,100.0,100.0,2.0226022841849143,200,0.0,19.0,0.0,285.33,6.0
2025-02-14 07:32:26,286.86,74.0,297.0,11.0,274.17,60.0,298.0,33.0,291.93,10.139999999999986,134.0,44.0,2.339128042666777,178,90.0,-22.0,0.51,285.33,
2025-02-14 07:32:27,291.25,64.0,297.0,13.0,278.66,70.0,298.0,63.0,294.12,5.75,134.0,76.0,3.2684981260496837,210,58.0,32.0,0.28,291.0,3.0
2025-02-14 07:32:28,292.0,44.0,297.0,11.0,291.0,44.0,298.0,49.0,294.5,5.0,88.0,60.0,3.7611700307205727,148,28.0,-62.0,0.19,291.0,
2025-02-14 07:32:29,292.97,158.0,295.07,60.0,291.0,60.0,297.0,15.0,294.02,2.099999999999966,218.0,75.0,3.812023084923655,293,143.0,145.0,0.49,291.0,
2025-02-14 07:32:30,293.0,245.0,297.77,78.0,291.0,64.0,301.2,65.0,295.38,4.769999999999982,309.0,143.0,1.270196835136827,452,166.0,159.0,0.37,293.0,9.0
2025-02-14 07:32:31,293.0,59.0,300.6,30.0,291.0,28.0,301.27,33.0,296.8,7.600000000000023,87.0,63.0,1.1578773682873589,150,24.0,-174.5,0.16,293.0,4.0
2025-02-14 07:32:32,293.0,25.0,300.0,15.0,291.0,20.0,301.0,10.0,296.5,7.0,45.0,25.0,1.212105605956951,70,20.0,-80.0,0.29,293.0,
2025-02-14 07:32:33,293.0,28.0,300.0,18.0,291.0,24.0,301.0,6.0,296.5,7.0,52.0,24.0,1.1529093633033105,76,28.0,6.0,0.37,293.0,1.0
2025-02-14 07:32:34,293.0,56.0,297.67,54.0,291.0,56.0,299.23,30.0,295.33,4.670000000000016,112.0,84.0,0.6930512246526714,196,28.0,120.0,0.14,293.0,
2025-02-14 07:32:35,293.0,40.0,296.53,38.0,291.0,40.0,297.29,42.0,294.76,3.5299999999999727,80.0,80.0,0.8837533592538707,160,0.0,-36.0,0.0,293.0,
2025-02-14 07:32:36,293.0,36.0,295.33,27.0,291.0,36.0,297.0,45.0,294.17,2.329999999999984,72.0,72.0,1.0408986502019186,144,0.0,-16.0,0.0,293.0,
2025-02-14 07:32:37,283.81,37.0,295.67,42.0,281.4,50.0,300.0,45.0,289.74,11.860000000000014,87.0,87.0,2.584714684446121,174,0.0,30.0,0.0,292.0,8.0
2025-02-14 07:32:38,276.0,44.0,293.82,55.0,275.0,66.0,295.09,55.0,284.91,17.819999999999993,110.0,110.0,4.431520055239537,220,0.0,46.0,0.0,292.0,
2025-02-14 07:32:39,276.0,60.0,290.87,75.0,275.0,90.0,292.07,75.0,283.43,14.870000000000005,150.0,150.0,5.181676369669289,300,0.0,80.0,0.0,290.17,6.0
2025-02-14 07:32:40,276.48,23.0,290.14,56.0,275.71,62.0,291.57,70.0,283.31,13.659999999999968,85.0,126.0,4.7324116473514914,211,-41.0,-89.0,-0.19,290.17,
2025-02-14 07:32:41,277.33,12.0,289.73,44.0,276.13,39.0,291.0,55.0,283.53,12.400000000000034,51.0,99.0,2.7366183511748448,150,-48.0,-61.0,-0.32,290.17,
2025-02-14 07:32:42,279.94,16.0,288.48,58.0,278.0,32.0,290.7,80.0,284.21,8.54000000000002,48.0,138.0,0.6744775755993256,186,-90.0,36.0,-0.48,284.0,2.0
2025-02-14 07:32:43,278.5,12.0,289.0,28.0,274.17,24.0,290.0,35.0,283.75,10.5,36.0,63.0,0.3542315626623103,99,-27.0,-87.0,-0.27,284.0,
2025-02-14 07:32:44,279.54,41.0,287.19,64.0,275.28,67.0,290.22,58.0,283.36,7.649999999999977,108.0,122.0,0.3660874212345605,230,-14.0,131.0,-0.06,284.0,
2025-02-14 07:32:45,282.36,39.0,285.68,57.0,280.48,46.0,292.33,18.0,284.02,3.319999999999993,85.0,75.0,0.3471743077853976,160,10.0,-70.0,0.06,284.0,3.0
2025-02-14 07:32:46,283.0,15.0,293.0,15.0,278.0,30.0,294.0,35.0,288.0,10.0,45.0,50.0,1.8898068684357403,95,-5.0,-65.0,-0.05,283.0,1.0
2025-02-14 07:32:47,278.83,12.0,291.92,12.0,274.83,48.0,293.46,28.0,285.38,13.090000000000032,60.0,40.0,1.8913540123379975,100,20.0,5.0,0.2,280.5,2.0
2025-02-14 07:32:48,276.2,49.0,282.52,33.0,273.2,50.0,290.47,17.0,279.36,6.319999999999993,99.0,50.0,3.155991127995532,149,49.0,49.0,0.33,278.57,7.0
2025-02-14 07:32:49,276.0,26.0,279.69,13.0,273.23,26.0,285.5,18.0,277.85,3.6899999999999977,52.0,31.0,4.226300983127665,83,21.0,-66.0,0.25,278.57,
2025-02-14 07:32:50,276.0,18.0,278.0,9.0,274.0,18.0,279.0,9.0,277.0,2.0,36.0,18.0,4.8850506650376895,54,18.0,-29.0,0.33,279.67,3.0
2025-02-14 07:32:51,276.0,16.0,283.0,32.0,274.0,16.0,286.06,17.0,279.5,7.0,32.0,49.0,3.2810394694340896,81,-17.0,27.0,-0.21,279.67,
2025-02-14 07:32:52,276.0,18.0,283.0,36.0,274.0,18.0,284.0,36.0,279.5,7.0,36.0,72.0,1.1523107219772857,108,-36.0,27.0,-0.33,279.67,
2025-02-14 07:32:53,276.0,8.0,283.0,16.0,274.0,8.0,284.0,16.0,279.5,7.0,16.0,32.0,1.1755849607679705,48,-16.0,-60.0,-0.33,279.67,
2025-02-14 07:32:54,277.21,224.0,283.0,56.0,276.79,66.0,284.0,56.0,280.1,5.7900000000000205,290.0,112.0,1.213260071041697,402,178.0,173.5,0.44,279.67,
2025-02-14 07:32:55,278.69,260.0,283.0,52.0,272.38,26.0,284.0,52.0,280.85,4.310000000000002,286.0,104.0,0.5962382074175652,390,182.0,-12.0,0.47,279.67,
2025-02-14 07:32:56,279.0,220.0,283.0,44.0,271.0,22.0,284.0,44.0,281.0,4.0,242.0,88.0,0.7162401831680784,330,154.0,-60.0,0.47,279.67,
2025-02-14 07:32:57,280.0,260.0,283.0,52.0,270.86,28.0,284.0,52.0,281.5,3.0,288.0,104.0,0.7893034904172296,392,184.0,62.0,0.47,279.67,
2025-02-14 07:32:58,280.0,100.0,283.0,20.0,270.0,20.0,284.0,20.0,281.5,3.0,120.0,40.0,0.5770615218371714,160,80.0,-174.5,0.5,279.67,
2025-02-14 07:32:59,281.0,240.0,283.0,48.0,270.0,52.0,284.0,48.0,282.0,2.0,292.0,96.0,0.4577116996377121,388,196.0,173.5,0.51,279.67,
2025-02-14 07:33:00,281.0,280.0,283.04,54.0,270.96,108.0,284.26,54.0,282.02,2.0400000000000205,388.0,108.0,0.4231784493394953,496,280.0,108.0,0.56,283.33,6.0
2025-02-14 07:33:01,281.87,300.0,283.76,34.0,271.67,120.0,290.07,30.0,282.82,1.8899999999999864,420.0,64.0,0.5402962150391054,484,356.0,-12.0,0.74,283.0,4.0
2025-02-14 07:33:02,272.88,164.0,291.86,43.0,271.64,61.0,293.43,28.0,282.37,18.980000000000015,225.0,71.0,0.4896120913393276,296,154.0,-174.5,0.52,289.17,6.0
2025-02-14 07:33:03,274.0,198.0,290.0,26.0,270.87,23.0,292.0,11.0,282.0,16.0,221.0,37.0,0.3594718347599926,258,184.0,-38.0,0.71,290.0,2.0
2025-02-14 07:33:04,275.1,218.0,289.8,15.0,273.44,72.0,293.66,77.0,282.45,14.699999999999989,290.0,92.0,0.33951435902735,382,198.0,124.0,0.52,289.5,2.0
2025-02-14 07:33:05,276.67,324.0,288.77,39.0,273.0,144.0,291.61,89.0,282.72,12.099999999999966,468.0,128.0,0.3225988220465303,596,340.0,173.5,0.57,289.5,
2025-02-14 07:33:06,277.95,274.0,285.22,46.0,272.25,128.0,288.44,64.0,281.58,7.270000000000039,402.0,110.0,0.4425268353283583,512,292.0,-84.0,0.57,279.75,8.0
2025-02-14 07:33:07,279.88,204.0,284.29,68.0,272.0,154.0,285.47,68.0,282.09,4.410000000000025,358.0,136.0,0.4371155453489539,494,222.0,-18.0,0.45,279.75,
2025-02-14 07:33:08,281.0,84.0,283.0,28.0,274.57,56.0,284.0,28.0,282.0,2.0,140.0,56.0,0.4371155453489539,196,84.0,-174.5,0.43,279.75,
2025-02-14 07:33:09,281.54,156.0,283.0,52.0,275.08,104.0,284.0,52.0,282.27,1.4599999999999795,260.0,104.0,0.4149337296312499,364,156.0,168.0,0.43,279.75,
2025-02-14 07:33:10,280.63,140.0,283.31,52.0,275.5,80.0,285.5,48.0,281.97,2.680000000000007,220.0,100.0,0.2533179819626451,320,120.0,-44.0,0.38,283.0,4.0
2025-02-14 07:33:11,276.0,56.0,284.0,28.0,271.0,14.0,290.0,21.0,280.0,8.0,70.0,49.0,0.9386319832530166,119,21.0,-174.5,0.18,283.0,
2025-02-14 07:33:12,276.0,75.0,284.0,40.0,271.0,20.0,290.0,30.0,280.0,8.0,95.0,70.0,1.1452379665315455,165,25.0,46.0,0.15,276.0,1.0
2025-02-14 07:33:13,276.0,56.0,284.0,32.0,271.26,19.0,290.0,24.0,280.0,8.0,75.0,56.0,1.1660060034087028,131,19.0,-34.0,0.15,276.0,
2025-02-14 07:33:14,276.0,56.0,284.0,32.0,271.0,16.0,290.0,24.0,280.0,8.0,72.0,56.0,0.8810107831264001,128,16.0,-3.0,0.12,276.0,
2025-02-14 07:33:15,276.12,64.0,284.0,36.0,272.52,23.0,290.0,27.0,280.06,7.8799999999999955,87.0,63.0,0.0268328154481349,150,24.0,22.0,0.16,276.0,
2025-02-14 07:33:16,278.62,128.0,284.0,61.0,273.1,80.0,290.0,100.0,281.31,5.379999999999996,208.0,161.0,0.5797240722834832,369,47.0,173.5,0.13,284.0,1.0
2025-02-14 07:33:17,280.0,80.0,284.0,30.0,270.79,19.0,290.0,30.0,282.0,4.0,99.0,60.0,0.9284826331090246,159,39.0,-174.5,0.25,284.0,
2025-02-14 07:33:18,280.75,96.0,284.0,36.0,270.67,12.0,290.0,36.0,282.38,3.25,108.0,72.0,1.0921996154482077,180,36.0,21.0,0.2,284.0,
2025-02-14 07:33:19,280.6,53.0,284.0,37.0,280.38,32.0,290.0,45.0,282.3,3.3999999999999773,85.0,82.0,0.9635351576280848,167,3.0,-13.0,0.02,283.0,6.0
2025-02-14 07:33:20,269.33,42.0,284.0,9.0,267.22,36.0,290.0,27.0,276.67,14.670000000000016,78.0,36.0,2.4195185471463323,114,42.0,-53.0,0.37,283.0,
2025-02-14 07:33:21,268.69,52.0,282.08,39.0,267.45,31.0,284.0,13.0,275.38,13.389999999999986,83.0,52.0,3.43020116027977,135,31.0,21.0,0.23,283.0,
2025-02-14 07:33:22,270.95,80.0,282.08,62.0,269.0,20.0,284.62,26.0,276.52,11.129999999999995,100.0,88.0,3.405348733974883,188,12.0,53.0,0.06,282.75,8.0
2025-02-14 07:33:23,269.5,16.0,282.15,52.0,268.02,49.0,286.14,43.0,275.83,12.649999999999975,65.0,95.0,2.821550991916317,160,-30.0,-28.0,-0.19,282.75,
2025-02-14 07:33:24,269.95,21.0,284.64,44.0,268.5,18.0,286.4,20.0,277.29,14.689999999999998,39.0,64.0,0.7459021383422596,103,-25.0,-57.0,-0.24,282.75,
2025-02-14 07:33:25,270.0,20.0,285.0,32.0,268.2,44.0,286.67,24.0,277.5,15.0,64.0,56.0,0.9121019679748604,120,8.0,17.0,0.07,282.75,
2025-02-14 07:33:26,271.0,28.0,282.0,28.0,269.81,16.0,285.73,26.0,276.5,11.0,44.0,54.0,0.673327557718899,98,-10.0,-22.0,-0.1,282.75,
2025-02-14 07:33:27,280.79,28.0,282.0,26.0,270.9,31.0,284.86,28.0,281.39,1.2099999999999795,59.0,54.0,2.1657031190779747,113,5.0,15.0,0.04,282.75,
2025-02-14 07:33:28,268.94,47.0,283.06,47.0,267.55,38.0,285.88,64.0,276.0,14.120000000000005,85.0,111.0,2.1300070422381383,196,-26.0,83.0,-0.13,280.0,3.0
2025-02-14 07:33:29,276.92,36.0,282.0,33.0,268.17,36.0,287.0,48.0,279.46,5.079999999999984,72.0,81.0,2.2349049196742747,153,-9.0,-43.0,-0.06,282.0,3.0
2025-02-14 07:33:30,268.0,27.0,282.0,9.0,266.0,27.0,285.0,73.0,275.0,14.0,54.0,82.0,2.661259100498112,136,-28.0,-17.0,-0.21,282.0,
2025-02-14 07:33:31,268.0,27.0,283.15,13.0,266.0,27.0,286.11,76.0,275.58,15.149999999999975,54.0,89.0,2.791017735519421,143,-35.0,7.0,-0.24,284.4,5.0
2025-02-14 07:33:32,268.1,20.0,283.82,34.0,266.5,24.0,303.38,32.0,275.96,15.71999999999997,44.0,66.0,1.757099883325786,110,-22.0,-33.0,-0.2,285.0,1.0
2025-02-14 07:33:33,269.19,31.0,275.0,52.0,268.06,31.0,340.26,57.0,272.1,5.810000000000002,62.0,109.0,2.6285737577597303,171,-47.0,61.0,-0.27,285.0,
2025-02-14 07:33:34,270.86,7.0,275.0,28.0,269.0,21.0,359.17,29.0,272.93,4.139999999999986,28.0,57.0,1.7029327643752177,85,-29.0,-86.0,-0.34,285.0,
2025-02-14 07:33:35,271.0,10.0,275.0,40.0,267.2,30.0,283.0,41.0,273.0,4.0,40.0,81.0,1.7360817953029972,121,-41.0,36.0,-0.34,285.0,
2025-02-14 07:33:36,271.83,35.0,275.0,38.0,268.65,26.0,278.0,22.0,273.41,3.170000000000016,61.0,60.0,1.465656849328092,121,1.0,0.0,0.01,275.0,3.0
2025-02-14 07:33:37,273.33,9.0,275.0,9.0,272.0,81.0,278.0,18.0,274.17,1.670000000000016,90.0,27.0,0.7545661004724799,117,63.0,-4.0,0.54,275.0,
2025-02-14 07:33:38,276.52,86.0,282.3,46.0,272.5,54.0,284.15,52.0,279.41,5.78000000000003,140.0,98.0,2.7424769825803086,238,42.0,121.0,0.18,280.43,7.0
2025-02-14 07:33:39,277.1,70.0,279.57,14.0,275.65,62.0,283.14,14.0,278.34,2.4699999999999704,132.0,28.0,2.9834091238016787,160,104.0,-78.0,0.65,279.0,1.0
2025-02-14 07:33:40,278.0,6.0,283.0,36.0,270.0,30.0,284.0,6.0,280.5,5.0,36.0,42.0,3.1864133441823768,78,-6.0,-82.0,-0.08,279.0,
2025-02-14 07:33:41,279.98,123.0,283.0,161.0,274.5,30.0,284.0,83.0,281.49,3.019999999999982,153.0,244.0,2.8348315646584856,397,-91.0,173.5,-0.23,283.0,1.0
2025-02-14 07:33:42,280.18,88.0,283.0,110.0,279.0,11.0,284.0,66.0,281.59,2.819999999999993,99.0,176.0,1.391772251478166,275,-77.0,-122.0,-0.28,283.0,4.0
2025-02-14 07:33:43,281.38,39.0,283.17,108.0,280.26,105.0,296.97,99.0,282.28,1.7900000000000205,144.0,207.0,1.5349429956792668,351,-63.0,76.0,-0.18,283.0,6.0
2025-02-14 07:33:44,275.83,18.0,284.0,84.0,267.93,28.0,308.16,19.0,279.92,8.170000000000016,46.0,103.0,0.9382590260610032,149,-57.0,-174.5,-0.38,283.0,
2025-02-14 07:33:45,269.81,37.0,284.0,78.0,268.52,25.0,377.27,30.0,276.91,14.189999999999998,62.0,108.0,2.153014166229397,170,-46.0,21.0,-0.27,283.0,
2025-02-14 07:33:46,272.65,31.0,283.86,84.0,271.09,44.0,284.81,64.0,278.25,11.210000000000036,75.0,148.0,2.242933347200515,223,-73.0,53.0,-0.33,283.0,
2025-02-14 07:33:47,274.67,45.0,281.48,46.0,273.0,30.0,283.92,76.0,278.07,6.810000000000002,75.0,122.0,2.08346586244742,197,-47.0,-26.0,-0.24,276.0,3.0
2025-02-14 07:33:48,269.92,26.0,282.31,52.0,268.38,16.0,284.31,61.0,276.12,12.389999999999986,42.0,113.0,1.4465234184012297,155,-71.0,-42.0,-0.46,279.6,5.0
2025-02-14 07:33:49,269.89,18.0,276.0,18.0,268.94,17.0,281.78,54.0,272.94,6.110000000000014,35.0,72.0,2.150853319030025,107,-37.0,-48.0,-0.35,279.6,
2025-02-14 07:33:50,270.91,22.0,276.0,20.0,267.62,32.0,280.0,50.0,273.45,5.089999999999975,54.0,70.0,2.497704946542351,124,-16.0,17.0,-0.13,279.6,
2025-02-14 07:33:51,272.72,25.0,276.0,12.0,267.39,31.0,280.0,60.0,274.36,3.2799999999999727,56.0,72.0,2.105604426282804,128,-16.0,4.0,-0.12,276.0,1.0
2025-02-14 07:33:52,274.92,36.0,276.0,12.0,273.0,24.0,280.0,60.0,275.46,1.079999999999984,60.0,72.0,1.331908405252223,132,-12.0,4.0,-0.09,276.0,
2025-02-14 07:33:53,273.67,18.0,279.75,32.0,265.25,16.0,283.51,82.0,276.71,6.079999999999984,34.0,114.0,1.52693483815831,148,-80.0,16.0,-0.54,276.0,1.0
2025-02-14 07:33:54,274.88,16.0,280.0,40.0,268.0,36.0,284.0,96.0,277.44,5.1200000000000045,52.0,136.0,1.6378430938224646,188,-84.0,40.0,-0.45,276.0,
2025-02-14 07:33:55,276.55,22.0,280.0,55.0,275.55,22.0,284.0,132.0,278.27,3.4499999999999886,44.0,187.0,1.5579056454042246,231,-143.0,43.0,-0.62,276.0,
2025-02-14 07:33:56,278.44,32.0,281.71,105.0,276.88,32.0,284.33,172.0,280.08,3.269999999999982,64.0,277.0,1.7317823188792842,341,-213.0,110.0,-0.62,280.67,6.0
2025-02-14 07:33:57,280.94,34.0,283.6,55.0,279.7,46.0,284.22,136.0,282.27,2.660000000000025,80.0,191.0,2.239381611066648,271,-111.0,-70.0,-0.41,283.0,2.0
2025-02-14 07:33:58,282.0,24.0,283.52,64.0,267.5,80.0,284.22,111.0,282.76,1.5199999999999818,104.0,175.0,2.355255824742581,279,-71.0,8.0,-0.25,283.0,2.0
2025-02-14 07:33:59,282.0,34.0,283.0,29.0,266.0,152.0,284.0,181.0,282.5,1.0,186.0,210.0,1.943252428271777,396,-24.0,117.0,-0.06,283.0,2.0
2025-02-14 07:34:00,269.52,126.0,283.98,99.0,267.78,128.0,284.72,58.0,276.75,14.460000000000036,254.0,157.0,2.5390687269123045,411,97.0,15.0,0.24,283.0,1.0
2025-02-14 07:34:01,272.29,17.0,281.22,23.0,268.82,100.0,284.03,115.0,276.76,8.930000000000007,117.0,138.0,3.156908297683658,255,-21.0,-156.0,-0.08,283.0,
2025-02-14 07:34:02,274.25,12.0,280.0,12.0,267.0,24.0,284.0,84.0,277.12,5.75,36.0,96.0,3.1560925208212285,132,-60.0,-123.0,-0.45,283.0,
2025-02-14 07:34:03,275.22,9.0,280.0,9.0,267.0,18.0,284.0,90.0,277.61,4.779999999999973,27.0,99.0,2.4580012205007997,126,-72.0,-6.0,-0.57,283.0,
2025-02-14 07:34:04,276.0,13.0,280.64,22.0,266.08,26.0,283.98,53.0,278.32,4.639999999999986,39.0,75.0,0.6637544726653317,114,-36.0,-12.0,-0.32,283.47,15.0
2025-02-14 07:34:05,279.57,14.0,317.75,16.0,270.5,20.0,385.81,16.0,298.66,38.18000000000001,34.0,32.0,9.502288145493408,66,2.0,-48.0,0.03,285.5,8.0
2025-02-14 07:34:06,284.86,14.0,392.0,9.0,283.68,19.0,541.78,9.0,338.43,107.14,33.0,18.0,26.43466228269216,51,15.0,-15.0,0.29,285.5,
2025-02-14 07:34:07,285.82,11.0,424.0,7.0,284.71,14.0,540.0,7.0,354.91,138.18,25.0,14.0,35.37529547579768,39,11.0,-12.0,0.28,285.5,
2025-02-14 07:34:08,287.36,11.0,407.96,23.0,285.1,21.0,549.56,32.0,347.66,120.59999999999997,32.0,55.0,33.3594458886834,87,-23.0,48.0,-0.26,285.5,
2025-02-14 07:34:10,286.38,13.0,397.93,30.0,284.16,73.0,424.73,11.0,342.16,111.55,86.0,41.0,31.076583949977643,127,45.0,43.0,0.35,288.67,3.0
2025-02-14 07:34:11,285.0,14.0,396.57,14.0,284.0,98.0,397.73,22.0,340.79,111.57,112.0,36.0,30.69387479612191,148,76.0,21.0,0.51,288.67,
2025-02-14 07:34:12,291.77,39.0,374.82,22.0,284.28,58.0,395.55,22.0,333.29,83.05000000000001,97.0,44.0,33.004916754932225,141,53.0,-7.0,0.38,291.0,8.0
2025-02-14 07:34:13,284.0,206.0,355.24,34.0,279.53,60.0,392.09,22.0,319.62,71.24000000000001,266.0,56.0,36.84121021356387,322,210.0,173.5,0.65,291.0,
2025-02-14 07:34:14,284.0,168.0,393.14,14.0,213.0,14.0,394.29,14.0,338.57,109.14,182.0,28.0,9.177937132057268,210,154.0,-112.0,0.73,291.0,
2025-02-14 07:34:15,284.03,136.0,391.62,16.0,279.45,60.0,392.62,16.0,337.83,107.59000000000005,196.0,32.0,8.499182313610822,228,164.0,18.0,0.72,284.4,5.0
2025-02-14 07:34:16,285.0,54.0,340.67,15.0,284.0,189.0,378.4,15.0,312.83,55.670000000000016,243.0,30.0,11.573410041988163,273,213.0,45.0,0.78,284.4,
2025-02-14 07:34:17,284.15,47.0,307.0,18.0,282.31,153.0,383.71,14.0,295.57,22.850000000000023,200.0,32.0,18.077781390424786,232,168.0,-41.0,0.72,284.86,7.0
2025-02-14 07:34:18,284.0,280.0,305.07,30.0,203.73,45.0,311.6,30.0,294.53,21.069999999999997,325.0,60.0,21.64635488944931,385,265.0,153.0,0.69,284.0,4.0
2025-02-14 07:34:19,284.0,224.0,302.96,52.0,176.61,44.0,303.7,46.0,293.48,18.95999999999998,268.0,98.0,19.061076045175955,366,170.0,-19.0,0.46,284.0,
2025-02-14 07:34:20,284.71,196.0,298.84,62.0,277.75,102.0,300.23,47.0,291.78,14.129999999999995,298.0,109.0,8.607239394833641,407,189.0,41.0,0.46,284.0,
2025-02-14 07:34:21,292.0,18.0,295.58,60.0,287.89,72.0,296.72,57.0,293.79,3.579999999999984,90.0,117.0,1.400374949781113,207,-27.0,-174.5,-0.13,284.0,
2025-02-14 07:34:22,291.15,26.0,292.91,55.0,285.6,80.0,293.91,55.0,292.03,1.7600000000000475,106.0,110.0,1.177951611898439,216,-4.0,9.0,-0.02,291.67,3.0
2025-02-14 07:34:23,284.85,59.0,287.76,37.0,284.08,60.0,297.73,51.0,286.3,2.909999999999968,119.0,88.0,3.0232813299415824,207,31.0,-9.0,0.15,286.2,10.0
2025-02-14 07:34:24,284.0,49.0,291.76,33.0,283.0,7.0,505.55,20.0,287.88,7.759999999999991,56.0,53.0,3.130659674888482,109,3.0,-98.0,0.03,286.0,3.0
2025-02-14 07:34:25,284.0,63.0,290.11,45.0,283.0,9.0,486.73,15.0,287.06,6.110000000000014,72.0,60.0,3.30091956884327,132,12.0,23.0,0.09,286.0,
2025-02-14 07:34:26,284.34,59.0,288.11,45.0,283.67,21.0,307.0,9.0,286.23,3.770000000000039,80.0,54.0,2.403736674424147,134,26.0,2.0,0.19,286.0,
2025-02-14 07:34:27,283.85,59.0,287.73,55.0,247.09,23.0,354.49,43.0,285.79,3.879999999999996,82.0,98.0,0.8245422972602063,180,-16.0,46.0,-0.09,286.0,
2025-02-14 07:34:28,281.98,43.0,285.02,50.0,246.23,52.0,314.14,70.0,283.5,3.039999999999964,95.0,120.0,1.655496904246845,215,-25.0,35.0,-0.12,285.0,2.0
2025-02-14 07:34:29,283.04,81.0,296.67,45.0,282.0,20.0,330.03,37.0,289.85,13.629999999999995,101.0,82.0,2.297396352389182,183,19.0,-32.0,0.1,283.75,8.0
2025-02-14 07:34:30,281.29,70.0,295.0,9.0,280.0,9.0,296.0,45.0,288.14,13.70999999999998,79.0,54.0,2.4127308179677303,133,25.0,-50.0,0.19,281.0,4.0
2025-02-14 07:34:31,281.0,32.0,294.57,7.0,280.0,7.0,296.0,35.0,287.79,13.569999999999991,39.0,42.0,2.437176645212945,81,-3.0,-52.0,-0.04,281.0,2.0
2025-02-14 07:34:32,281.88,34.0,292.0,11.0,280.98,41.0,296.64,55.0,286.94,10.120000000000005,75.0,66.0,2.3453208735632667,141,9.0,60.0,0.06,281.0,
2025-02-14 07:34:33,282.04,73.0,290.55,11.0,281.09,44.0,296.18,55.0,286.29,8.509999999999991,117.0,66.0,1.3544260777066823,183,51.0,42.0,0.28,281.0,
2025-02-14 07:34:34,284.1,30.0,288.7,10.0,281.12,68.0,295.5,50.0,286.4,4.599999999999966,98.0,60.0,0.8259358328414157,158,38.0,-25.0,0.24,281.0,
2025-02-14 07:34:35,285.0,24.0,293.0,16.0,280.71,17.0,299.25,32.0,289.0,8.0,41.0,48.0,1.127887405715459,89,-7.0,-69.0,-0.08,288.0,1.0
2025-02-14 07:34:36,289.0,36.0,295.53,57.0,283.87,31.0,337.54,72.0,292.26,6.529999999999973,67.0,129.0,2.5296679623958678,196,-62.0,107.0,-0.32,288.6,5.0
2025-02-14 07:34:37,286.15,13.0,294.31,39.0,280.25,64.0,295.92,65.0,290.23,8.160000000000025,77.0,104.0,2.5549031292736784,181,-27.0,-15.0,-0.15,288.6,
2025-02-14 07:34:38,287.93,14.0,291.57,42.0,286.0,140.0,295.07,70.0,289.75,3.6399999999999855,154.0,112.0,2.1253870235730776,266,42.0,85.0,0.16,288.6,
2025-02-14 07:34:39,286.02,91.0,291.0,30.0,283.81,37.0,295.3,50.0,288.51,4.980000000000018,128.0,80.0,1.4517747759115422,208,48.0,-58.0,0.23,288.0,1.0
2025-02-14 07:34:40,286.0,130.0,291.46,41.0,278.32,139.0,295.69,62.0,288.73,5.45999999999998,269.0,103.0,1.5001599914585697,372,166.0,164.0,0.45,288.0,
2025-02-14 07:34:41,289.6,50.0,294.91,46.0,284.35,126.0,300.18,51.0,292.26,5.310000000000002,176.0,97.0,1.5001599914585697,273,79.0,-99.0,0.29,288.0,
2025-02-14 07:34:42,286.95,95.0,292.15,26.0,282.88,82.0,295.0,65.0,289.55,5.199999999999989,177.0,91.0,1.4931175439237507,268,86.0,-5.0,0.32,292.25,4.0
2025-02-14 07:34:43,286.35,86.0,293.42,48.0,282.64,53.0,345.71,34.0,289.88,7.069999999999993,139.0,82.0,1.494031458829736,221,57.0,-47.0,0.26,289.0,6.0
2025-02-14 07:34:44,291.0,22.0,300.0,55.0,286.0,110.0,384.0,55.0,295.5,9.0,132.0,110.0,2.746730784036476,242,22.0,21.0,0.09,289.0,
2025-02-14 07:34:45,292.79,96.0,300.0,55.0,286.97,62.0,374.53,19.0,296.4,7.2099999999999795,158.0,74.0,3.14630259192825,232,84.0,-10.0,0.36,289.0,
2025-02-14 07:34:46,293.0,280.0,300.0,70.0,291.0,28.0,339.12,34.0,296.5,7.0,308.0,104.0,3.53889530785736,412,204.0,173.5,0.5,293.0,1.0
2025-02-14 07:34:47,293.0,220.0,298.27,33.0,291.0,22.0,300.73,55.0,295.64,5.269999999999982,242.0,88.0,2.777171222660828,330,154.0,-82.0,0.47,293.0,
2025-02-14 07:34:48,293.0,316.0,296.82,51.0,291.0,34.0,304.0,85.0,294.91,3.819999999999993,350.0,136.0,0.6627971031740172,486,214.0,156.0,0.44,293.0,2.0
2025-02-14 07:34:49,293.0,164.0,295.2,30.0,291.0,20.0,306.3,50.0,294.1,2.1999999999999886,184.0,80.0,1.017005408036599,264,104.0,-174.5,0.39,293.0,4.0
2025-02-14 07:34:50,293.0,119.0,301.27,49.0,291.0,26.0,376.14,64.0,297.13,8.269999999999982,145.0,113.0,1.210673366344451,258,32.0,-6.0,0.12,293.0,9.0
2025-02-14 07:34:51,293.0,55.0,308.0,55.0,291.0,50.0,452.85,20.0,300.5,15.0,105.0,75.0,2.520660627687977,180,30.0,-78.0,0.17,293.0,
2025-02-14 07:34:52,293.0,60.0,308.0,60.0,291.0,192.0,346.74,19.0,300.5,15.0,252.0,79.0,3.0157536371489195,331,173.0,151.0,0.52,293.0,
2025-02-14 07:34:53,293.0,40.0,308.0,40.0,291.0,128.0,435.12,17.0,300.5,15.0,168.0,57.0,2.8821138076033037,225,111.0,-106.0,0.49,293.0,
2025-02-14 07:34:54,293.0,35.0,308.0,35.0,291.0,112.0,362.14,7.0,300.5,15.0,147.0,42.0,1.5071098168277093,189,105.0,-36.0,0.56,293.0,5.0
2025-02-14 07:34:55,291.0,96.0,308.0,30.0,288.0,6.0,358.83,6.0,299.5,17.0,102.0,36.0,0.4472135954762099,138,66.0,-51.0,0.48,293.0,
2025-02-14 07:34:56,291.0,96.0,308.0,30.0,288.0,6.0,411.5,8.0,299.5,17.0,102.0,38.0,0.5477225574856533,140,64.0,2.0,0.46,293.0,
2025-02-14 07:34:57,291.0,118.0,306.93,28.0,288.0,8.0,323.0,20.0,298.96,15.930000000000009,126.0,48.0,0.6828762698896709,174,78.0,34.0,0.45,291.0,2.0
2025-02-14 07:34:58,291.0,140.0,304.62,34.0,288.0,10.0,324.12,32.0,297.81,13.620000000000005,150.0,66.0,0.9804488767794444,216,84.0,42.0,0.39,291.0,
2025-02-14 07:34:59,291.14,70.0,305.0,50.0,290.7,50.0,429.0,10.0,298.07,13.860000000000014,120.0,60.0,0.7926979247971765,180,60.0,-36.0,0.33,291.0,5.0
2025-02-14 07:35:00,292.0,26.0,303.59,54.0,291.0,117.0,312.02,53.0,297.8,11.589999999999977,143.0,107.0,0.7643101464572736,250,36.0,70.0,0.14,291.0,
2025-02-14 07:35:01,292.43,21.0,303.0,36.0,291.1,60.0,400.27,33.0,297.71,10.569999999999991,81.0,69.0,0.515315437355943,150,12.0,-100.0,0.08,291.0,
2025-02-14 07:35:02,293.0,36.0,300.61,49.0,292.0,24.0,309.45,58.0,296.81,7.610000000000014,60.0,107.0,0.4830113870056602,167,-47.0,17.0,-0.28,291.0,
2025-02-14 07:35:03,292.08,39.0,299.67,18.0,291.5,16.0,300.77,39.0,295.87,7.590000000000032,55.0,57.0,0.9061567193244904,112,-2.0,-55.0,-0.02,292.6,5.0
2025-02-14 07:35:04,291.0,117.0,296.05,37.0,288.0,13.0,298.38,13.0,293.53,5.050000000000011,130.0,50.0,1.7568665287882468,180,80.0,68.0,0.44,292.6,
2025-02-14 07:35:05,291.0,99.0,293.62,32.0,288.0,11.0,295.22,23.0,292.31,2.6200000000000045,110.0,55.0,2.262273193046269,165,55.0,-15.0,0.33,292.6,
2025-02-14 07:35:06,290.89,66.0,300.33,63.0,286.26,62.0,334.42,45.0,295.61,9.439999999999998,128.0,108.0,1.847344039418629,236,20.0,71.0,0.08,291.0,9.0
2025-02-14 07:35:07,292.0,40.0,307.0,50.0,286.2,50.0,357.0,40.0,299.5,15.0,90.0,90.0,2.7437893505106743,180,0.0,-56.0,0.0,291.0,
2025-02-14 07:35:08,292.0,28.0,307.0,35.0,288.0,7.0,357.0,28.0,299.5,15.0,35.0,63.0,3.328986332200264,98,-28.0,-82.0,-0.29,292.0,1.0
2025-02-14 07:35:09,292.0,18.0,307.0,30.0,288.0,6.0,493.71,14.0,299.5,15.0,24.0,44.0,3.250958320245994,68,-20.0,-30.0,-0.29,292.0,
2025-02-14 07:35:10,292.0,15.0,307.0,25.0,288.0,5.0,680.71,17.0,299.5,15.0,20.0,42.0,1.739660886488298,62,-22.0,-6.0,-0.35,292.0,
2025-02-14 07:35:11,292.0,15.0,307.0,25.0,288.0,5.0,666.0,15.0,299.5,15.0,20.0,40.0,0.0,60,-20.0,-2.0,-0.33,292.0,
2025-02-14 07:35:12,292.0,36.0,307.0,60.0,288.0,12.0,666.0,36.0,299.5,15.0,48.0,96.0,0.0,144,-48.0,84.0,-0.33,292.0,
2025-02-14 07:35:13,292.0,18.0,307.0,30.0,290.73,11.0,432.67,18.0,299.5,15.0,29.0,48.0,0.0,77,-19.0,-67.0,-0.25,292.0,
2025-02-14 07:35:14,292.0,20.0,307.0,40.0,291.0,80.0,316.0,24.0,299.5,15.0,100.0,64.0,0.0,164,36.0,87.0,0.22,292.0,1.0
2025-02-14 07:35:15,291.2,20.0,307.0,20.0,290.62,29.0,371.5,12.0,299.1,15.800000000000011,49.0,32.0,0.1788854381371357,81,17.0,-83.0,0.21,291.5,4.0
2025-02-14 07:35:16,291.0,40.0,307.0,25.0,288.0,8.0,347.0,25.0,299.0,16.0,48.0,50.0,0.2489979919145671,98,-2.0,17.0,-0.02,291.5,
2025-02-14 07:35:17,291.0,33.0,307.0,45.0,288.0,15.0,363.44,45.0,299.0,16.0,48.0,90.0,0.2588435820673568,138,-42.0,40.0,-0.3,291.0,7.0
2025-02-14 07:35:18,286.71,7.0,306.79,29.0,282.78,9.0,441.29,35.0,296.75,20.08000000000004,16.0,64.0,1.0929318368394798,80,-48.0,-58.0,-0.6,287.4,5.0
2025-02-14 07:35:19,285.0,9.0,304.57,23.0,283.0,9.0,495.0,45.0,294.78,19.569999999999997,18.0,68.0,1.9212964372988115,86,-50.0,6.0,-0.58,287.4,
2025-02-14 07:35:20,285.3,10.0,300.91,23.0,283.2,10.0,441.68,31.0,293.11,15.610000000000014,20.0,54.0,2.598513036329939,74,-34.0,-12.0,-0.46,287.4,
2025-02-14 07:35:21,281.55,22.0,298.0,20.0,226.79,47.0,299.0,30.0,289.77,16.44999999999999,69.0,50.0,3.5188876083182827,119,19.0,45.0,0.16,285.33,3.0
2025-02-14 07:35:22,282.11,81.0,295.61,36.0,281.85,78.0,297.04,49.0,288.86,13.5,159.0,85.0,3.324790218942407,244,74.0,125.0,0.3,285.33,
2025-02-14 07:35:23,284.03,66.0,295.19,32.0,233.1,50.0,323.27,40.0,289.61,11.160000000000023,116.0,72.0,2.5743795368932,188,44.0,-56.0,0.23,291.4,5.0
2025-02-14 07:35:24,287.0,10.0,389.8,5.0,285.75,16.0,472.8,15.0,338.4,102.8,26.0,20.0,21.556461908206963,46,6.0,-142.0,0.13,291.4,
2025-02-14 07:35:25,286.5,32.0,329.29,21.0,283.18,38.0,513.52,23.0,307.89,42.79000000000002,70.0,44.0,21.396801863829538,114,26.0,68.0,0.23,286.8,5.0
2025-02-14 07:35:26,285.89,18.0,298.71,17.0,184.57,35.0,321.32,19.0,292.3,12.819999999999991,53.0,36.0,21.03535761521489,89,17.0,-25.0,0.19,287.67,3.0
2025-02-14 07:35:27,285.0,12.0,298.0,15.0,172.17,30.0,352.0,18.0,291.5,13.0,42.0,33.0,20.607560505794456,75,9.0,-14.0,0.12,287.67,
2025-02-14 07:35:28,290.33,36.0,298.0,24.0,209.0,14.0,372.0,18.0,294.17,7.670000000000016,50.0,42.0,19.90371497987197,92,8.0,17.0,0.09,287.67,
2025-02-14 07:35:29,291.0,80.0,296.49,35.0,286.0,20.0,312.88,24.0,293.74,5.490000000000009,100.0,59.0,6.777473718132281,159,41.0,67.0,0.26,287.67,
2025-02-14 07:35:30,290.21,33.0,294.05,20.0,265.36,28.0,295.08,52.0,292.13,3.840000000000032,61.0,72.0,1.1340502634238925,133,-11.0,-26.0,-0.08,291.0,8.0
2025-02-14 07:35:31,290.31,13.0,292.47,15.0,284.14,14.0,296.61,31.0,291.39,2.160000000000025,27.0,46.0,1.2902054099916351,73,-19.0,-60.0,-0.26,292.0,3.0
2025-02-14 07:35:32,288.0,8.0,291.2,20.0,281.75,16.0,299.0,16.0,289.6,3.1999999999999886,24.0,36.0,1.8488726294613704,60,-12.0,-13.0,-0.2,290.0,4.0
2025-02-14 07:35:33,283.15,13.0,288.74,27.0,218.88,33.0,291.96,25.0,285.95,5.590000000000032,46.0,52.0,2.976570173869641,98,-6.0,38.0,-0.06,284.5,2.0
2025-02-14 07:35:34,281.0,8.0,286.97,32.0,131.44,48.0,292.11,28.0,283.98,5.970000000000027,56.0,60.0,3.521768021884594,116,-4.0,18.0,-0.03,282.0,4.0
2025-02-14 07:35:35,281.0,10.0,285.87,30.0,143.45,22.0,288.19,32.0,283.43,4.8700000000000045,32.0,62.0,3.4969772661496905,94,-30.0,-22.0,-0.32,282.0,
2025-02-14 07:35:36,281.0,11.0,282.97,37.0,92.51,43.0,283.88,25.0,281.99,1.9700000000000275,54.0,62.0,2.942252538441679,116,-8.0,22.0,-0.07,283.0,1.0
2025-02-14 07:35:37,281.0,12.0,282.0,12.0,173.45,75.0,283.0,48.0,281.5,1.0,87.0,60.0,1.7630513321980434,147,27.0,31.0,0.18,281.0,1.0
2025-02-14 07:35:41,289.65,17.0,293.73,44.0,240.22,18.0,406.5,32.0,291.69,4.080000000000041,35.0,76.0,22.406089574041147,111,-41.0,14.0,-0.37,293.0,3.0
2025-02-14 07:35:42,293.0,10.0,294.0,20.0,290.0,5.0,519.0,10.0,293.5,1.0,15.0,30.0,24.72676384001669,45,-15.0,-66.0,-0.33,293.0,
2025-02-14 07:35:43,293.0,8.0,294.0,16.0,291.88,16.0,519.0,8.0,293.5,1.0,24.0,24.0,14.152157786004413,48,0.0,3.0,0.0,293.0,
2025-02-14 07:35:44,293.0,10.0,294.0,20.0,292.0,25.0,575.67,6.0,293.5,1.0,35.0,26.0,10.497451119198866,61,9.0,13.0,0.15,293.0,
2025-02-14 07:35:45,293.0,10.0,294.0,20.0,292.0,49.0,604.0,5.0,293.5,1.0,59.0,25.0,0.8094566078382408,84,34.0,23.0,0.4,293.0,
2025-02-14 07:35:46,293.0,10.0,294.0,20.0,292.0,85.0,316.0,10.0,293.5,1.0,95.0,30.0,0.0,125,65.0,41.0,0.52,293.0,
2025-02-14 07:35:47,292.12,51.0,294.0,24.0,291.89,54.0,316.0,12.0,293.06,1.8799999999999957,105.0,36.0,0.1967739819518637,141,69.0,16.0,0.49,292.5,4.0
2025-02-14 07:35:48,292.0,58.0,294.0,16.0,290.0,4.0,316.0,8.0,293.0,2.0,62.0,24.0,0.2583021486033321,86,38.0,-55.0,0.44,292.0,2.0
2025-02-14 07:35:49,292.0,85.0,293.75,32.0,290.0,9.0,303.42,24.0,292.88,1.75,94.0,56.0,0.2920958746250689,150,38.0,64.0,0.25,292.0,6.0
2025-02-14 07:35:50,292.0,40.0,293.62,26.0,290.0,7.0,299.42,19.0,292.81,1.6200000000000043,47.0,45.0,0.2699999999497475,92,2.0,-58.0,0.02,292.25,4.0
2025-02-14 07:35:51,287.0,56.0,293.0,27.0,284.71,34.0,298.56,27.0,290.0,6.0,90.0,54.0,1.3173458163945808,144,36.0,52.0,0.25,291.6,5.0
2025-02-14 07:35:52,285.95,19.0,293.0,15.0,284.71,42.0,299.0,15.0,289.47,7.050000000000011,61.0,30.0,1.743149448547581,91,31.0,-53.0,0.34,291.6,
2025-02-14 07:35:53,291.0,9.0,292.56,27.0,285.0,126.0,299.0,27.0,291.78,1.5600000000000025,135.0,54.0,1.581698454185107,189,81.0,98.0,0.43,291.6,
2025-02-14 07:35:54,285.08,71.0,297.83,18.0,283.16,19.0,344.56,9.0,291.46,12.75,90.0,27.0,1.3585764608483928,117,63.0,-72.0,0.54,291.0,1.0
2025-02-14 07:35:55,285.0,154.0,298.24,34.0,278.0,11.0,317.0,27.0,291.62,13.240000000000007,165.0,61.0,1.0554051354674956,226,104.0,109.0,0.46,291.0,
2025-02-14 07:35:56,285.0,154.0,295.0,25.0,244.75,32.0,296.78,37.0,290.0,10.0,186.0,62.0,1.0554051354674956,248,124.0,22.0,0.5,291.0,
2025-02-14 07:35:57,285.0,182.0,292.47,38.0,251.6,55.0,295.08,26.0,288.74,7.470000000000027,237.0,64.0,1.315294643785588,301,173.0,53.0,0.57,291.0,
2025-02-14 07:35:58,285.0,168.0,289.0,48.0,279.88,16.0,290.0,36.0,287.0,4.0,184.0,84.0,1.940690598722601,268,100.0,-33.0,0.37,291.0,
2025-02-14 07:35:59,285.0,210.0,286.27,30.0,281.0,15.0,288.0,75.0,285.63,1.2699999999999818,225.0,105.0,2.3707003184648503,330,120.0,62.0,0.36,291.0,
2025-02-14 07:36:00,285.02,129.0,288.43,47.0,284.29,51.0,296.03,38.0,286.72,3.410000000000025,180.0,85.0,1.737331286763839,265,95.0,-65.0,0.36,286.71,7.0
2025-02-14 07:36:01,285.71,85.0,298.0,36.0,284.88,64.0,302.0,24.0,291.85,12.29000000000002,149.0,60.0,2.430261302816809,209,89.0,-56.0,0.43,285.0,3.0
2025-02-14 07:36:02,286.0,84.0,296.48,63.0,285.0,70.0,298.69,42.0,291.24,10.480000000000018,154.0,105.0,2.845376952175107,259,49.0,50.0,0.19,285.0,
2025-02-14 07:36:03,286.0,70.0,287.27,44.0,284.52,50.0,296.67,48.0,286.64,1.2699999999999818,120.0,92.0,2.8965375882196405,212,28.0,-47.0,0.13,286.0,1.0
2025-02-14 07:36:04,286.0,14.0,287.0,16.0,285.0,12.0,298.0,20.0,286.5,1.0,26.0,36.0,2.7072864643346075,62,-10.0,-150.0,-0.16,286.0,3.0
2025-02-14 07:36:05,285.08,26.0,297.0,44.0,283.06,99.0,527.42,31.0,291.04,11.920000000000016,125.0,75.0,2.650033962040901,200,50.0,138.0,0.25,286.0,2.0
2025-02-14 07:36:06,290.6,15.0,298.0,35.0,284.2,30.0,505.0,21.0,294.3,7.399999999999977,45.0,56.0,3.3404011735075474,101,-11.0,-99.0,-0.11,286.0,
2025-02-14 07:36:07,292.0,24.0,298.0,60.0,285.0,36.0,498.09,35.0,295.0,6.0,60.0,95.0,4.052441239545761,155,-35.0,54.0,-0.23,286.0,
2025-02-14 07:36:08,285.39,31.0,297.0,20.0,283.19,21.0,298.0,32.0,291.19,11.610000000000014,52.0,52.0,3.36680560768986,104,0.0,-51.0,0.0,287.8,5.0
2025-02-14 07:36:09,282.0,84.0,295.36,22.0,279.0,15.0,297.88,32.0,288.68,13.360000000000014,99.0,54.0,2.592357999963021,153,45.0,49.0,0.29,287.8,
2025-02-14 07:36:10,282.0,20.0,284.0,10.0,279.0,15.0,289.4,10.0,283.0,2.0,35.0,20.0,4.865868884379339,55,15.0,-98.0,0.27,287.8,
2025-02-14 07:36:11,282.0,40.0,283.0,20.0,279.0,14.0,286.2,20.0,282.5,1.0,54.0,40.0,5.358664012603262,94,14.0,39.0,0.15,287.8,
2025-02-14 07:36:12,281.86,42.0,283.0,24.0,278.62,16.0,288.0,24.0,282.43,1.1399999999999864,58.0,48.0,4.097114838513498,106,10.0,12.0,0.09,282.0,4.0
2025-02-14 07:36:13,279.81,43.0,286.71,24.0,278.23,31.0,335.91,47.0,283.26,6.899999999999977,74.0,71.0,2.6533714402560293,145,3.0,39.0,0.02,287.0,1.0
2025-02-14 07:36:14,280.12,33.0,282.0,12.0,279.0,12.0,284.5,24.0,281.06,1.8799999999999957,45.0,36.0,0.8505292469781328,81,9.0,-64.0,0.11,280.0,3.0
2025-02-14 07:36:15,279.62,13.0,284.0,23.0,277.27,26.0,290.83,36.0,281.81,4.379999999999996,39.0,59.0,0.8242390429754102,98,-20.0,17.0,-0.2,282.0,4.0
2025-02-14 07:36:16,278.4,10.0,285.69,16.0,276.0,30.0,293.11,38.0,282.04,7.29000000000002,40.0,54.0,0.8095986659851614,94,-14.0,-4.0,-0.15,282.0,
2025-02-14 07:36:17,283.46,91.0,293.0,58.0,277.89,101.0,293.89,54.0,288.23,9.54000000000002,192.0,112.0,2.877924599423297,304,80.0,173.5,0.26,285.33,3.0
2025-02-14 07:36:18,291.0,75.0,295.0,55.0,290.0,62.0,297.0,11.0,293.0,4.0,137.0,66.0,5.211388490600852,203,71.0,-101.0,0.35,291.0,1.0
2025-02-14 07:36:19,291.86,42.0,295.0,35.0,290.0,42.0,297.0,7.0,293.43,3.1399999999999864,84.0,42.0,5.655339954412008,126,42.0,-77.0,0.33,291.0,
2025-02-14 07:36:20,292.0,42.0,295.0,35.0,290.0,42.0,297.0,7.0,293.5,3.0,84.0,42.0,4.987519423518128,126,42.0,0.0,0.33,291.0,
2025-02-14 07:36:21,292.0,60.0,295.0,54.0,290.0,60.0,297.0,10.0,293.5,3.0,120.0,64.0,2.3025355588942515,184,56.0,58.0,0.3,291.0,
2025-02-14 07:36:22,292.0,54.0,294.57,69.0,290.0,54.0,295.93,15.0,293.28,2.569999999999993,108.0,84.0,0.2112344668212516,192,24.0,8.0,0.12,291.0,
2025-02-14 07:36:23,292.0,30.0,293.0,45.0,290.0,54.0,297.0,9.0,292.5,1.0,84.0,54.0,0.4244054664741923,138,30.0,-54.0,0.22,292.0,4.0
2025-02-14 07:36:24,290.29,56.0,295.15,26.0,288.0,40.0,298.78,36.0,292.72,4.859999999999957,96.0,62.0,0.4628174585871367,158,34.0,20.0,0.22,292.0,2.0
2025-02-14 07:36:25,290.0,87.0,293.66,29.0,285.0,24.0,296.08,39.0,291.83,3.660000000000025,111.0,68.0,0.6618005741707979,179,43.0,21.0,0.24,292.0,1.0
2025-02-14 07:36:26,290.0,143.0,291.23,26.0,285.0,22.0,295.31,29.0,290.62,1.2300000000000182,165.0,55.0,1.0197548724925574,220,110.0,41.0,0.5,292.0,
2025-02-14 07:36:27,290.0,182.0,291.0,56.0,285.0,28.0,292.19,16.0,290.5,1.0,210.0,72.0,1.0346400340078925,282,138.0,62.0,0.49,292.0,
2025-02-14 07:36:28,290.0,79.0,291.32,19.0,285.0,14.0,295.18,11.0,290.66,1.3199999999999932,93.0,30.0,0.9751307604478154,123,63.0,-159.0,0.51,290.0,4.0
2025-02-14 07:36:29,290.0,99.0,293.0,11.0,282.78,23.0,303.48,29.0,291.5,3.0,122.0,40.0,0.6013484846337566,162,82.0,39.0,0.51,290.0,
2025-02-14 07:36:30,290.0,72.0,293.0,8.0,283.19,48.0,301.0,16.0,291.5,3.0,120.0,24.0,0.500079993572291,144,96.0,-18.0,0.67,290.0,
2025-02-14 07:36:31,290.0,45.0,293.0,5.0,286.0,55.0,301.0,10.0,291.5,3.0,100.0,15.0,0.5070700148612576,115,85.0,-29.0,0.74,290.0,
2025-02-14 07:36:32,290.0,45.0,293.0,5.0,286.0,55.0,301.0,10.0,291.5,3.0,100.0,15.0,0.3756594201820871,115,85.0,0.0,0.74,290.0,
2025-02-14 07:36:33,290.0,48.0,292.89,9.0,286.17,72.0,300.53,17.0,291.44,2.8899999999999864,120.0,26.0,0.0268328152019381,146,94.0,31.0,0.64,290.0,4.0
2025-02-14 07:36:34,290.0,52.0,291.92,12.0,286.0,132.0,295.29,14.0,290.96,1.920000000000016,184.0,26.0,0.2362202361602237,210,158.0,64.0,0.75,290.0,3.0
2025-02-14 07:36:35,290.0,12.0,294.67,6.0,286.0,66.0,301.0,12.0,292.33,4.670000000000016,78.0,18.0,0.49333558555177,96,60.0,-114.0,0.62,290.0,
2025-02-14 07:36:36,286.94,49.0,295.0,10.0,285.06,86.0,301.8,20.0,290.97,8.060000000000002,135.0,30.0,0.5583457709803371,165,105.0,69.0,0.64,290.0,2.0
2025-02-14 07:36:37,290.0,66.0,295.0,12.0,286.33,92.0,302.0,24.0,292.5,5.0,158.0,36.0,0.7360366838492353,194,122.0,29.0,0.63,290.0,
2025-02-14 07:36:38,291.0,71.0,295.0,9.0,288.0,27.0,302.0,18.0,293.0,4.0,98.0,27.0,0.934061025828631,125,71.0,-69.0,0.57,291.0,5.0
2025-02-14 07:36:39,291.75,32.0,295.0,13.0,290.45,49.0,301.92,26.0,293.38,3.25,81.0,39.0,0.9183844510728691,120,42.0,-5.0,0.35,293.0,2.0
2025-02-14 07:36:40,292.0,10.0,295.0,5.0,291.0,20.0,301.0,10.0,293.5,3.0,30.0,15.0,1.0272292830583536,45,15.0,-75.0,0.33,293.0,
2025-02-14 07:36:41,292.0,24.0,294.0,24.0,291.0,48.0,295.58,12.0,293.0,2.0,72.0,36.0,0.3922754134187727,108,36.0,63.0,0.33,293.0,
2025-02-14 07:36:42,292.0,14.0,293.43,14.0,291.0,28.0,296.0,7.0,292.71,1.4300000000000068,42.0,21.0,0.3197186262526856,63,21.0,-45.0,0.33,293.0,
2025-02-14 07:36:43,291.16,38.0,295.87,15.0,288.92,39.0,303.05,21.0,293.51,4.70999999999998,77.0,36.0,0.3523492585105948,113,41.0,50.0,0.36,291.67,3.0
2025-02-14 07:36:44,291.0,24.0,298.0,8.0,288.0,24.0,305.0,16.0,294.5,7.0,48.0,24.0,0.6816377336775867,72,24.0,-41.0,0.33,291.67,
2025-02-14 07:36:45,291.0,18.0,298.0,6.0,288.0,18.0,305.0,12.0,294.5,7.0,36.0,18.0,0.8322439546030078,54,18.0,-18.0,0.33,291.67,
2025-02-14 07:36:46,289.69,16.0,295.54,13.0,286.21,86.0,304.63,19.0,292.61,5.850000000000023,102.0,32.0,0.9212111592752232,134,70.0,80.0,0.52,289.8,5.0
2025-02-14 07:36:47,288.0,9.0,291.33,24.0,286.0,99.0,301.69,13.0,289.67,3.329999999999984,108.0,37.0,1.9995174417775845,145,71.0,11.0,0.49,289.8,
2025-02-14 07:36:48,286.0,112.0,297.05,55.0,285.0,64.0,299.89,19.0,291.53,11.050000000000011,176.0,74.0,2.05807434267389,250,102.0,105.0,0.41,286.4,5.0
2025-02-14 07:36:49,287.17,64.0,296.1,40.0,286.34,59.0,298.0,10.0,291.64,8.930000000000007,123.0,50.0,1.760752679956011,173,73.0,-77.0,0.42,286.4,
2025-02-14 07:36:50,292.29,99.0,296.0,60.0,288.97,124.0,300.71,21.0,294.15,3.70999999999998,223.0,81.0,1.638749523256133,304,142.0,131.0,0.47,286.4,
2025-02-14 07:36:51,293.0,122.0,294.8,61.0,291.0,104.0,297.25,48.0,293.9,1.8000000000000114,226.0,109.0,1.8610131649110728,335,117.0,31.0,0.35,293.0,3.0
2025-02-14 07:36:52,291.91,53.0,297.37,49.0,289.2,140.0,300.29,34.0,294.64,5.45999999999998,193.0,83.0,1.4734890566179606,276,110.0,-59.0,0.4,292.0,10.0
2025-02-14 07:36:53,292.43,56.0,299.0,45.0,289.56,50.0,303.67,30.0,295.71,6.569999999999993,106.0,75.0,1.4946136624470057,181,31.0,-95.0,0.17,292.0,
2025-02-14 07:36:54,293.0,40.0,299.0,30.0,291.0,20.0,305.0,20.0,296.0,6.0,60.0,50.0,0.9346389677162052,110,10.0,-71.0,0.09,292.0,
2025-02-14 07:36:55,293.0,52.0,299.0,39.0,291.0,26.0,305.0,26.0,296.0,6.0,78.0,65.0,0.9395743717097484,143,13.0,33.0,0.09,292.0,
2025-02-14 07:36:56,293.0,32.0,299.0,24.0,291.0,16.0,305.0,16.0,296.0,6.0,48.0,40.0,0.5893216439041757,88,8.0,-55.0,0.09,292.0,
2025-02-14 07:36:57,293.0,52.0,299.0,39.0,291.0,26.0,305.0,26.0,296.0,6.0,78.0,65.0,0.1296919425948439,143,13.0,55.0,0.09,292.0,
2025-02-14 07:36:58,293.0,36.0,299.0,27.0,291.0,18.0,305.0,18.0,296.0,6.0,54.0,45.0,0.0,99,9.0,-44.0,0.09,292.0,
2025-02-14 07:36:59,293.0,52.0,296.61,46.0,291.0,26.0,298.35,17.0,294.8,3.6100000000000136,78.0,63.0,0.5366563145756621,141,15.0,42.0,0.11,292.0,
2025-02-14 07:37:00,293.0,52.0,295.69,52.0,292.0,26.0,298.0,13.0,294.35,2.6899999999999977,78.0,65.0,0.796555082824641,143,13.0,2.0,0.09,292.0,
2025-02-14 07:37:01,292.88,50.0,294.52,23.0,291.79,28.0,298.72,46.0,293.7,1.6399999999999864,78.0,69.0,1.0183319694351145,147,9.0,4.0,0.06,293.0,4.0
2025-02-14 07:37:02,291.9,20.0,293.8,10.0,289.8,30.0,301.19,21.0,292.85,1.900000000000034,50.0,31.0,1.1828989813053976,81,19.0,-66.0,0.23,292.0,2.0
2025-02-14 07:37:03,291.0,26.0,292.0,15.0,288.0,180.0,293.0,15.0,291.5,1.0,206.0,30.0,1.309293702716492,236,176.0,155.0,0.75,291.0,1.0
2025-02-14 07:37:04,288.0,48.0,292.0,4.0,286.17,18.0,304.0,10.0,290.0,4.0,66.0,14.0,1.7487852927025629,80,52.0,-156.0,0.65,291.0,1.0
2025-02-14 07:37:05,288.0,71.0,299.0,12.0,286.0,40.0,306.36,22.0,293.5,11.0,111.0,34.0,1.5517731792928788,145,77.0,65.0,0.53,288.67,6.0
2025-02-14 07:37:06,288.16,74.0,299.49,43.0,286.45,62.0,306.65,31.0,293.83,11.329999999999984,136.0,74.0,1.5816858094997015,210,62.0,65.0,0.3,288.67,
2025-02-14 07:37:07,291.71,28.0,302.82,62.0,288.41,73.0,306.43,42.0,297.27,11.110000000000014,101.0,104.0,2.746807237498272,205,-3.0,-5.0,-0.01,288.67,
2025-02-14 07:37:08,293.0,38.0,303.46,97.0,289.15,68.0,305.37,27.0,298.23,10.45999999999998,106.0,124.0,3.2887277175183187,230,-18.0,25.0,-0.08,288.67,
2025-02-14 07:37:09,289.28,47.0,300.0,65.0,287.2,70.0,304.6,47.0,294.64,10.720000000000027,117.0,112.0,2.128034304228547,229,5.0,-1.0,0.02,290.5,4.0
2025-02-14 07:37:10,288.4,20.0,298.45,55.0,286.05,41.0,302.0,44.0,293.43,10.050000000000011,61.0,99.0,2.1445978643963666,160,-38.0,-69.0,-0.24,288.0,4.0
2025-02-14 07:37:11,291.8,30.0,297.43,70.0,290.25,28.0,302.0,56.0,294.61,5.629999999999996,58.0,126.0,2.019277098363044,184,-68.0,24.0,-0.37,288.0,
2025-02-14 07:37:12,291.0,21.0,296.0,35.0,288.0,7.0,302.0,28.0,293.5,5.0,28.0,63.0,1.9595841395493463,91,-35.0,-93.0,-0.38,288.0,
2025-02-14 07:37:13,289.89,27.0,295.89,45.0,287.33,9.0,302.0,36.0,292.89,6.0,36.0,81.0,0.7771293328482831,117,-45.0,26.0,-0.38,289.4,5.0
2025-02-14 07:37:14,286.59,51.0,293.65,85.0,285.81,37.0,302.92,103.0,290.12,7.060000000000002,88.0,188.0,1.6802529571386395,276,-100.0,159.0,-0.36,289.4,
2025-02-14 07:37:15,287.64,42.0,292.79,70.0,286.0,42.0,300.56,36.0,290.21,5.150000000000034,84.0,106.0,2.014877167465332,190,-22.0,-86.0,-0.12,289.4,
2025-02-14 07:37:16,288.0,27.0,292.0,45.0,285.86,21.0,301.62,26.0,290.0,4.0,48.0,71.0,1.705060116234322,119,-23.0,-71.0,-0.19,289.4,
2025-02-14 07:37:17,290.74,34.0,292.0,65.0,287.92,37.0,302.0,52.0,291.37,1.259999999999991,71.0,117.0,1.2322621474235684,188,-46.0,69.0,-0.24,291.0,1.0
2025-02-14 07:37:18,288.33,48.0,302.0,56.0,286.5,22.0,303.0,98.0,295.17,13.670000000000016,70.0,154.0,2.1923115654425174,224,-84.0,36.0,-0.38,290.57,7.0
2025-02-14 07:37:19,290.0,16.0,302.0,32.0,288.0,24.0,303.0,56.0,296.0,12.0,40.0,88.0,2.8344928999687324,128,-48.0,-96.0,-0.38,290.57,
2025-02-14 07:37:20,290.43,14.0,302.0,44.0,288.0,33.0,303.0,77.0,296.21,11.569999999999991,47.0,121.0,2.8660687360866373,168,-74.0,40.0,-0.44,290.0,1.0
2025-02-14 07:37:21,289.33,24.0,300.35,82.0,287.94,49.0,302.74,91.0,294.84,11.02000000000004,73.0,173.0,1.9556252197119408,246,-100.0,78.0,-0.41,288.75,4.0
2025-02-14 07:37:22,286.0,53.0,299.17,35.0,285.0,7.0,300.62,29.0,292.59,13.170000000000016,60.0,64.0,1.4421754400812064,124,-4.0,-122.0,-0.03,286.0,1.0
2025-02-14 07:37:23,286.09,33.0,297.96,68.0,285.46,46.0,298.68,31.0,292.02,11.870000000000005,79.0,99.0,1.93307268357228,178,-20.0,54.0,-0.11,286.5,2.0
2025-02-14 07:37:24,286.0,66.0,297.0,33.0,285.0,61.0,298.0,70.0,291.5,11.0,127.0,103.0,2.0084247558654424,230,24.0,52.0,0.1,286.5,
2025-02-14 07:37:25,286.0,66.0,297.0,47.0,285.0,15.0,299.0,55.0,291.5,11.0,81.0,102.0,1.3886684269374674,183,-21.0,-47.0,-0.11,286.5,
2025-02-14 07:37:26,286.0,54.0,294.0,45.0,285.0,11.0,295.78,45.0,290.0,8.0,65.0,90.0,0.9625590890811556,155,-25.0,-28.0,-0.16,286.5,
2025-02-14 07:37:27,286.14,91.0,289.5,70.0,285.32,19.0,290.57,70.0,287.82,3.3600000000000136,110.0,140.0,1.7117009084453256,250,-30.0,95.0,-0.12,286.5,
2025-02-14 07:37:28,287.13,45.0,295.2,50.0,286.0,60.0,299.15,82.0,291.17,8.069999999999993,105.0,132.0,1.567584128515129,237,-27.0,-13.0,-0.11,287.0,10.0
2025-02-14 07:37:29,288.97,30.0,297.0,60.0,286.0,72.0,300.0,108.0,292.98,8.029999999999973,102.0,168.0,1.926364451492135,270,-66.0,33.0,-0.24,289.0,2.0
2025-02-14 07:37:30,290.0,25.0,297.0,25.0,286.0,30.0,300.0,45.0,293.5,7.0,55.0,70.0,2.305836073959433,125,-15.0,-145.0,-0.12,289.0,
2025-02-14 07:37:31,291.0,8.0,297.0,40.0,290.0,32.0,300.0,37.0,294.0,6.0,40.0,77.0,2.5157265352125906,117,-37.0,-8.0,-0.32,289.0,
2025-02-14 07:37:32,291.83,46.0,297.96,75.0,290.15,47.0,301.65,80.0,294.89,6.129999999999996,93.0,155.0,1.3871805938568138,248,-62.0,131.0,-0.25,289.0,
2025-02-14 07:37:33,292.0,30.0,296.0,24.0,290.5,16.0,303.0,54.0,294.0,4.0,46.0,78.0,0.7076581095225687,124,-32.0,-124.0,-0.26,289.0,
2025-02-14 07:37:34,292.0,50.0,296.0,40.0,291.0,20.0,302.96,54.0,294.0,4.0,70.0,94.0,0.5029115230068967,164,-24.0,40.0,-0.15,289.0,
2025-02-14 07:37:35,292.0,35.0,296.0,28.0,291.0,14.0,302.0,7.0,294.0,4.0,49.0,35.0,0.3980200999612325,84,14.0,-80.0,0.17,289.0,
2025-02-14 07:37:36,292.0,26.0,296.0,40.0,291.0,20.0,302.0,10.0,294.0,4.0,46.0,50.0,0.3980200999612325,96,-4.0,12.0,-0.04,292.0,3.0
2025-02-14 07:37:37,292.0,22.0,296.0,44.0,291.0,22.0,302.0,11.0,294.0,4.0,44.0,55.0,0.0,99,-11.0,3.0,-0.11,292.0,
2025-02-14 07:37:38,292.0,10.0,296.0,20.0,291.0,10.0,302.0,5.0,294.0,4.0,20.0,25.0,0.0,45,-5.0,-54.0,-0.11,292.0,
2025-02-14 07:37:39,291.83,12.0,296.0,24.0,290.67,15.0,302.0,6.0,293.92,4.170000000000016,27.0,30.0,0.0357770872641265,57,-3.0,12.0,-0.05,292.0,2.0
2025-02-14 07:37:40,290.86,37.0,293.68,50.0,289.82,83.0,295.28,47.0,292.27,2.819999999999993,120.0,97.0,0.7655194314797314,217,23.0,160.0,0.11,291.0,2.0
2025-02-14 07:37:41,290.0,83.0,291.69,26.0,285.0,54.0,299.82,34.0,290.85,1.6899999999999975,137.0,60.0,1.4143443710684116,197,77.0,-20.0,0.39,290.0,3.0
2025-02-14 07:37:42,290.0,18.0,291.0,18.0,285.0,27.0,301.62,39.0,290.5,1.0,45.0,57.0,1.6475345216330743,102,-12.0,-95.0,-0.12,290.0,
2025-02-14 07:37:43,285.0,3.0,291.0,6.0,284.0,9.0,301.0,20.0,288.0,6.0,12.0,26.0,2.1996295142528903,38,-14.0,-64.0,-0.37,287.5,4.0
2025-02-14 07:37:44,285.0,10.0,290.9,20.0,284.0,30.0,301.0,100.0,287.95,5.899999999999977,40.0,120.0,1.890166659311303,160,-80.0,122.0,-0.5,287.5,
2025-02-14 07:37:45,285.0,14.0,288.64,28.0,282.22,54.0,301.0,140.0,286.82,3.6399999999999855,68.0,168.0,1.758729655169234,236,-100.0,76.0,-0.42,287.5,
2025-02-14 07:37:46,285.0,14.0,287.21,28.0,282.0,56.0,294.6,75.0,286.11,2.2099999999999795,70.0,103.0,1.6688409151178027,173,-33.0,-63.0,-0.19,287.5,
2025-02-14 07:37:47,285.0,7.0,286.0,14.0,282.72,25.0,293.0,35.0,285.5,1.0,32.0,49.0,1.1068107335812778,81,-17.0,-92.0,-0.21,287.5,
2025-02-14 07:37:48,284.14,14.0,291.83,24.0,282.55,22.0,297.91,22.0,287.99,7.689999999999998,36.0,46.0,1.104278044683826,82,-10.0,1.0,-0.12,285.0,1.0
2025-02-14 07:37:49,284.0,12.0,293.0,22.0,282.0,16.0,302.0,12.0,288.5,9.0,28.0,34.0,1.2553206761504376,62,-6.0,-20.0,-0.1,285.0,
2025-02-14 07:37:50,283.2,35.0,291.82,11.0,280.41,44.0,295.94,36.0,287.51,8.620000000000005,79.0,47.0,1.2706179598804903,126,32.0,64.0,0.25,284.5,6.0
2025-02-14 07:37:51,282.0,44.0,288.23,31.0,278.0,35.0,290.39,23.0,285.11,6.230000000000018,79.0,54.0,1.523308898408576,133,25.0,7.0,0.19,284.5,
2025-02-14 07:37:52,282.0,36.0,286.62,21.0,278.0,9.0,291.89,9.0,284.31,4.6200000000000045,45.0,30.0,1.857358339139388,75,15.0,-58.0,0.2,287.0,3.0
2025-02-14 07:37:53,282.0,64.0,284.25,32.0,278.06,16.0,291.0,16.0,283.12,2.25,80.0,48.0,2.238984144644645,128,32.0,53.0,0.25,287.0,
2025-02-14 07:37:54,281.86,42.0,285.0,22.0,277.94,17.0,294.27,41.0,283.43,3.1399999999999864,59.0,63.0,1.7553859974289476,122,-4.0,-6.0,-0.03,282.0,4.0
2025-02-14 07:37:55,279.0,10.0,292.22,23.0,276.0,30.0,294.94,66.0,285.61,13.220000000000027,40.0,89.0,1.0630522094278545,129,-49.0,7.0,-0.38,282.0,
2025-02-14 07:37:56,280.15,75.0,290.41,58.0,277.83,29.0,291.98,42.0,285.28,10.260000000000048,104.0,100.0,1.0969731081341252,204,4.0,75.0,0.02,282.6,5.0
2025-02-14 07:37:57,278.0,98.0,293.57,30.0,277.0,14.0,295.65,23.0,285.78,15.569999999999991,112.0,53.0,1.267331842876832,165,59.0,-39.0,0.36,289.2,5.0
2025-02-14 07:37:58,279.16,124.0,292.04,23.0,277.67,103.0,293.45,51.0,285.6,12.879999999999995,227.0,74.0,0.9728566184026568,301,153.0,136.0,0.51,292.0,2.0
2025-02-14 07:37:59,288.82,17.0,291.91,22.0,278.67,63.0,293.68,37.0,290.37,3.090000000000032,80.0,59.0,2.1553352407387902,139,21.0,-162.0,0.15,290.0,2.0
2025-02-14 07:38:00,289.0,14.0,293.82,55.0,284.0,14.0,294.84,43.0,291.41,4.819999999999993,28.0,98.0,2.951486066369156,126,-70.0,-13.0,-0.56,290.0,
2025-02-14 07:38:01,286.6,15.0,294.0,30.0,285.6,15.0,296.0,12.0,290.3,7.399999999999977,30.0,42.0,2.776197039111562,72,-12.0,-54.0,-0.17,290.0,
2025-02-14 07:38:02,286.0,16.0,294.64,22.0,284.0,4.0,299.18,11.0,290.32,8.639999999999986,20.0,33.0,2.284589678688986,53,-13.0,-19.0,-0.25,290.0,
2025-02-14 07:38:03,289.0,50.0,296.0,70.0,286.0,40.0,491.62,40.0,292.5,7.0,90.0,110.0,0.9702319310211404,200,-20.0,147.0,-0.1,290.0,
2025-02-14 07:38:04,289.06,33.0,296.0,56.0,286.29,31.0,521.12,26.0,292.53,6.939999999999998,64.0,82.0,1.1025742605254525,146,-18.0,-54.0,-0.12,289.0,2.0
2025-02-14 07:38:05,289.45,11.0,295.0,7.0,287.62,21.0,296.0,37.0,292.23,5.550000000000011,32.0,44.0,1.161606645975031,76,-12.0,-70.0,-0.16,288.12,8.0
2025-02-14 07:38:06,286.0,10.0,294.0,10.0,284.0,10.0,295.62,26.0,290.0,8.0,20.0,36.0,1.248491089264688,56,-16.0,-20.0,-0.29,288.12,
2025-02-14 07:38:07,284.0,8.0,292.25,8.0,276.0,128.0,293.25,8.0,288.12,8.25,136.0,16.0,1.960186215636928,152,120.0,96.0,0.79,286.0,1.0
2025-02-14 07:38:08,284.0,10.0,289.5,10.0,276.0,165.0,290.5,10.0,286.75,5.5,175.0,20.0,2.5220685954137534,195,155.0,43.0,0.79,286.0,
2025-02-14 07:38:09,284.0,8.0,288.75,8.0,280.18,34.0,290.0,8.0,286.38,4.75,42.0,16.0,2.432700145922549,58,26.0,-137.0,0.45,286.0,
2025-02-14 07:38:10,284.0,8.0,290.0,8.0,281.0,8.0,294.88,40.0,287.0,6.0,16.0,48.0,1.4653327267111935,64,-32.0,6.0,-0.5,288.0,1.0
2025-02-14 07:38:11,285.25,12.0,293.92,48.0,283.14,21.0,300.42,60.0,289.58,8.670000000000016,33.0,108.0,1.2996076330842288,141,-75.0,77.0,-0.53,289.0,1.0
2025-02-14 07:38:12,286.5,12.0,295.58,60.0,283.33,18.0,309.6,58.0,291.04,9.079999999999984,30.0,118.0,2.050146336233392,148,-88.0,7.0,-0.59,289.0,1.0
2025-02-14 07:38:13,284.94,32.0,295.0,40.0,283.6,10.0,302.0,40.0,289.97,10.060000000000002,42.0,80.0,2.005686914743085,122,-38.0,-26.0,-0.31,289.0,
2025-02-14 07:38:14,285.69,80.0,293.19,48.0,283.45,22.0,295.28,90.0,289.44,7.5,102.0,138.0,1.4839406996143758,240,-36.0,118.0,-0.15,289.0,
2025-02-14 07:38:15,286.19,62.0,292.25,36.0,285.0,20.0,296.0,95.0,289.22,6.060000000000002,82.0,131.0,0.7190966555145762,213,-49.0,-27.0,-0.23,289.0,
2025-02-14 07:38:16,288.05,88.0,291.58,36.0,286.75,64.0,296.0,60.0,289.81,3.5299999999999727,152.0,96.0,0.7047198024550398,248,56.0,35.0,0.23,289.0,
2025-02-14 07:38:17,289.34,106.0,294.57,63.0,288.26,117.0,297.27,75.0,291.96,5.230000000000018,223.0,138.0,1.0918562176277389,361,85.0,113.0,0.24,291.0,3.0
2025-02-14 07:38:18,290.37,35.0,296.6,50.0,288.84,95.0,299.4,50.0,293.49,6.230000000000018,130.0,100.0,1.8645723370180105,230,30.0,-131.0,0.13,290.2,5.0
2025-02-14 07:38:19,289.0,80.0,298.15,67.0,286.0,50.0,300.3,50.0,293.57,9.149999999999975,130.0,117.0,2.027966962248956,247,13.0,17.0,0.05,290.2,
2025-02-14 07:38:20,289.0,48.0,297.69,39.0,286.0,30.0,299.0,30.0,293.35,8.689999999999998,78.0,69.0,1.6089375376234225,147,9.0,-100.0,0.06,290.2,
2025-02-14 07:38:21,289.0,64.0,296.5,32.0,286.0,40.0,298.0,40.0,292.75,7.5,104.0,72.0,0.6761508707189642,176,32.0,29.0,0.18,290.2,
2025-02-14 07:38:22,289.0,56.0,296.0,40.0,286.0,50.0,298.0,50.0,292.5,7.0,106.0,90.0,0.4777237695301135,196,16.0,20.0,0.08,289.0,7.0
2025-02-14 07:38:23,289.0,6.0,295.17,24.0,286.0,30.0,298.5,30.0,292.08,6.170000000000016,36.0,54.0,0.611105555508962,90,-18.0,-106.0,-0.2,289.0,
2025-02-14 07:38:24,289.0,10.0,293.8,40.0,286.0,50.0,299.26,47.0,291.4,4.800000000000011,60.0,87.0,0.7307735627222,147,-27.0,57.0,-0.18,289.0,
2025-02-14 07:38:25,289.0,12.0,291.26,38.0,286.0,50.0,293.56,25.0,290.13,2.259999999999991,62.0,63.0,1.0506997668093967,125,-1.0,-22.0,-0.01,289.0,
2025-02-14 07:38:26,286.33,45.0,289.21,24.0,285.52,33.0,290.82,33.0,287.77,2.8799999999999955,78.0,57.0,1.9049488182029235,135,21.0,10.0,0.16,289.0,1.0
2025-02-14 07:38:27,285.25,8.0,287.0,8.0,283.14,7.0,289.0,4.0,286.12,1.75,15.0,12.0,2.504026757039932,27,3.0,-108.0,0.11,289.0,
2025-02-14 07:38:28,283.22,18.0,284.85,26.0,281.73,22.0,285.86,21.0,284.03,1.6299999999999957,40.0,47.0,2.974247804062583,87,-7.0,60.0,-0.08,284.67,3.0
2025-02-14 07:38:29,281.91,22.0,283.64,22.0,275.64,94.0,294.36,39.0,282.77,1.7299999999999611,116.0,61.0,2.9318731213969933,177,55.0,90.0,0.31,283.0,2.0
2025-02-14 07:38:30,281.0,8.0,283.0,8.0,275.0,56.0,295.0,16.0,282.0,2.0,64.0,24.0,2.3860993273476927,88,40.0,-89.0,0.45,283.0,
2025-02-14 07:38:31,281.0,16.0,282.86,14.0,275.0,112.0,293.29,28.0,281.93,1.8600000000000136,128.0,42.0,1.7541807204414142,170,86.0,82.0,0.51,283.0,
2025-02-14 07:38:32,281.0,22.0,282.0,18.0,275.0,154.0,286.47,30.0,281.5,1.0,176.0,48.0,0.9967597503750464,224,128.0,54.0,0.57,282.0,1.0
2025-02-14 07:38:33,281.0,14.0,282.0,14.0,275.02,85.0,283.0,28.0,281.5,1.0,99.0,42.0,0.5195671274892351,141,57.0,-83.0,0.4,282.0,
2025-02-14 07:38:34,281.0,22.0,282.94,34.0,275.0,154.0,294.82,44.0,281.97,1.9399999999999975,176.0,78.0,0.2568073207042772,254,98.0,113.0,0.39,282.5,4.0
2025-02-14 07:38:35,275.34,105.0,292.58,38.0,274.7,60.0,297.91,55.0,283.96,17.24000000000001,165.0,93.0,1.0246316411118637,258,72.0,4.0,0.28,279.0,7.0
2025-02-14 07:38:36,275.0,99.0,288.0,36.0,274.0,18.0,295.54,37.0,281.5,13.0,117.0,73.0,1.0671832082484818,190,44.0,-68.0,0.23,279.0,
2025-02-14 07:38:37,275.3,67.0,287.0,15.0,274.87,76.0,292.0,44.0,281.15,11.699999999999989,143.0,59.0,1.125135547375284,202,84.0,12.0,0.42,287.0,3.0
2025-02-14 07:38:38,278.5,28.0,292.0,56.0,275.0,160.0,298.0,56.0,285.25,13.5,188.0,112.0,1.763782866445894,300,76.0,98.0,0.25,287.0,1.0
2025-02-14 07:38:39,280.53,15.0,292.0,40.0,275.64,39.0,298.0,40.0,286.27,11.470000000000027,54.0,80.0,2.257771024698657,134,-26.0,-166.0,-0.19,287.0,
2025-02-14 07:38:40,283.32,19.0,292.0,56.0,282.0,14.0,296.5,32.0,287.66,8.680000000000007,33.0,88.0,2.907478288821694,121,-55.0,-13.0,-0.45,283.0,1.0
2025-02-14 07:38:41,282.5,12.0,293.68,38.0,276.0,28.0,297.49,37.0,288.09,11.180000000000009,40.0,75.0,2.774090842054512,115,-35.0,-6.0,-0.3,285.0,1.0
2025-02-14 07:38:42,278.0,9.0,298.0,36.0,277.0,18.0,299.0,45.0,288.0,20.0,27.0,81.0,1.245443696026408,108,-54.0,-7.0,-0.5,285.0,
2025-02-14 07:38:43,277.64,22.0,293.27,71.0,273.33,122.0,320.84,61.0,285.45,15.629999999999995,144.0,132.0,1.174193340115663,276,12.0,168.0,0.04,277.5,2.0
2025-02-14 07:38:44,279.24,62.0,295.63,57.0,273.22,102.0,318.98,64.0,287.44,16.389999999999986,164.0,121.0,1.0818826183889705,285,43.0,9.0,0.15,277.5,
2025-02-14 07:38:45,281.46,65.0,289.15,59.0,279.0,13.0,292.14,44.0,285.31,7.689999999999998,78.0,103.0,1.372905677740374,181,-25.0,-104.0,-0.14,277.5,
2025-02-14 07:38:46,283.0,50.0,287.4,50.0,279.0,10.0,289.15,41.0,285.2,4.399999999999977,60.0,91.0,1.3323100239701424,151,-31.0,-30.0,-0.21,277.5,
2025-02-14 07:38:47,283.5,60.0,285.42,60.0,279.0,12.0,289.0,84.0,284.46,1.920000000000016,72.0,144.0,1.11219153025493,216,-72.0,65.0,-0.33,277.5,
2025-02-14 07:38:48,284.06,50.0,286.28,47.0,278.08,12.0,290.02,44.0,285.17,2.2199999999999704,62.0,91.0,1.1268229674490815,153,-29.0,-63.0,-0.19,284.6,5.0
2025-02-14 07:38:49,284.31,29.0,289.0,39.0,272.66,94.0,292.0,39.0,286.66,4.689999999999998,123.0,78.0,0.8006559810371953,201,45.0,48.0,0.22,286.0,3.0
2025-02-14 07:38:50,273.33,33.0,289.0,20.0,271.93,110.0,292.0,24.0,281.17,15.670000000000016,143.0,44.0,2.042662478230329,187,99.0,-14.0,0.53,283.5,2.0
2025-02-14 07:38:51,273.94,18.0,288.17,24.0,272.85,91.0,289.69,26.0,281.06,14.230000000000018,109.0,50.0,2.493517595680752,159,59.0,-28.0,0.37,283.5,
2025-02-14 07:38:52,275.57,14.0,287.54,26.0,273.02,85.0,289.93,59.0,281.55,11.970000000000027,99.0,85.0,2.6098409913190324,184,14.0,25.0,0.08,283.5,
2025-02-14 07:38:53,273.32,62.0,281.35,23.0,272.25,134.0,287.33,48.0,277.34,8.03000000000003,196.0,71.0,3.324925563071772,267,125.0,83.0,0.47,277.0,1.0
2025-02-14 07:38:54,273.0,49.0,277.0,7.0,272.0,98.0,278.0,14.0,275.0,4.0,147.0,21.0,2.9137484448673057,168,126.0,-99.0,0.75,277.0,
2025-02-14 07:38:55,274.05,66.0,277.0,12.0,272.29,147.0,278.0,24.0,275.52,2.9499999999999886,213.0,36.0,3.062185494049309,249,177.0,81.0,0.71,277.0,
2025-02-14 07:38:56,277.0,17.0,284.92,36.0,271.38,117.0,289.25,51.0,280.96,7.920000000000016,134.0,87.0,3.0382034164890843,221,47.0,-28.0,0.21,277.67,3.0
2025-02-14 07:38:57,278.67,49.0,288.0,51.0,278.38,29.0,294.0,26.0,283.34,9.329999999999984,78.0,77.0,3.6031264202031736,155,1.0,-66.0,0.01,288.0,2.0
2025-02-14 07:38:58,281.24,17.0,289.2,50.0,269.83,163.0,351.84,25.0,285.22,7.9599999999999795,180.0,75.0,4.593356071541501,255,105.0,100.0,0.41,285.0,10.0
2025-02-14 07:38:59,281.5,10.0,294.0,20.0,271.0,100.0,559.06,16.0,287.75,12.5,110.0,36.0,4.656760676690255,146,74.0,-109.0,0.51,285.0,
2025-02-14 07:39:00,282.0,9.0,288.0,30.0,274.33,72.0,319.43,23.0,285.0,6.0,81.0,53.0,2.509856569601082,134,28.0,-12.0,0.21,285.0,
2025-02-14 07:39:01,277.19,52.0,285.0,45.0,275.69,26.0,294.0,18.0,281.1,7.810000000000002,78.0,63.0,2.4614467290538022,141,15.0,7.0,0.11,277.4,5.0
2025-02-14 07:39:02,278.33,96.0,285.0,60.0,276.0,24.0,294.0,24.0,281.67,6.670000000000016,120.0,84.0,2.751376019370936,204,36.0,63.0,0.18,277.4,
2025-02-14 07:39:03,279.21,112.0,281.29,70.0,273.86,28.0,283.89,47.0,280.25,2.080000000000041,140.0,117.0,3.1378862312023013,257,23.0,53.0,0.09,277.4,
2025-02-14 07:39:04,280.0,72.0,281.0,42.0,274.0,18.0,282.0,27.0,280.5,1.0,90.0,69.0,1.92310426133591,159,21.0,-98.0,0.13,281.0,1.0
2025-02-14 07:39:05,278.36,44.0,281.6,30.0,272.2,20.0,284.5,24.0,279.98,3.240000000000009,64.0,54.0,0.682238961045092,118,10.0,-41.0,0.08,281.0,4.0
2025-02-14 07:39:06,275.9,50.0,282.04,28.0,271.6,20.0,285.29,14.0,278.97,6.140000000000043,70.0,42.0,0.9730518999352924,112,28.0,-6.0,0.25,281.0,
2025-02-14 07:39:07,276.0,65.0,278.68,37.0,271.92,26.0,283.59,34.0,277.34,2.680000000000007,91.0,71.0,1.293935856202825,162,20.0,50.0,0.12,281.0,
2025-02-14 07:39:08,276.67,45.0,278.0,22.0,270.39,23.0,282.0,45.0,277.33,1.329999999999984,68.0,67.0,1.4663662571019327,135,1.0,-27.0,0.01,278.0,2.0
2025-02-14 07:39:09,277.0,32.0,278.0,16.0,269.0,40.0,282.0,40.0,277.5,1.0,72.0,56.0,1.1984281371725585,128,16.0,-7.0,0.12,277.0,2.0
2025-02-14 07:39:10,277.0,24.0,278.0,16.0,269.0,40.0,282.0,40.0,277.5,1.0,64.0,56.0,0.6991923912390832,120,8.0,-8.0,0.07,277.0,
2025-02-14 07:39:11,270.49,35.0,281.59,39.0,267.33,120.0,282.41,17.0,276.04,11.099999999999966,155.0,56.0,0.6215464584134278,211,99.0,91.0,0.47,278.0,2.0
2025-02-14 07:39:12,270.07,57.0,282.14,44.0,269.21,48.0,285.5,40.0,276.1,12.069999999999991,105.0,84.0,0.7556983524966394,189,21.0,-22.0,0.11,282.29,7.0
2025-02-14 07:39:13,270.0,27.0,283.0,12.0,269.0,12.0,288.0,12.0,276.5,13.0,39.0,24.0,0.7265810346864623,63,15.0,-126.0,0.24,282.29,
2025-02-14 07:39:14,271.68,38.0,282.54,39.0,269.21,38.0,286.26,38.0,277.11,10.860000000000014,76.0,77.0,0.6385922016169696,153,-1.0,90.0,-0.01,282.29,
2025-02-14 07:39:15,272.86,28.0,287.08,52.0,268.28,125.0,291.06,32.0,279.97,14.21999999999997,153.0,84.0,1.636377095893932,237,69.0,84.0,0.29,284.5,4.0
2025-02-14 07:39:16,270.07,28.0,282.68,50.0,269.0,42.0,288.6,40.0,276.38,12.610000000000014,70.0,90.0,1.585298079216113,160,-20.0,-77.0,-0.12,284.5,
2025-02-14 07:39:17,271.73,22.0,275.0,33.0,268.12,49.0,287.0,44.0,273.36,3.269999999999982,71.0,77.0,2.3533231822182947,148,-6.0,-12.0,-0.04,284.5,
2025-02-14 07:39:18,272.0,16.0,275.0,24.0,268.0,24.0,285.0,32.0,273.5,3.0,40.0,56.0,2.753929919218305,96,-16.0,-52.0,-0.17,284.5,
2025-02-14 07:39:19,273.37,19.0,275.0,32.0,269.67,36.0,280.08,52.0,274.18,1.6299999999999957,55.0,84.0,2.7872423647694164,139,-29.0,43.0,-0.21,275.0,2.0
2025-02-14 07:39:20,273.92,26.0,275.0,9.0,271.57,21.0,277.0,36.0,274.46,1.079999999999984,47.0,45.0,1.2104875050841064,92,2.0,-47.0,0.02,275.0,
2025-02-14 07:39:21,274.0,33.0,277.0,44.0,267.0,22.0,282.0,11.0,275.5,3.0,55.0,55.0,0.8593020423370714,110,0.0,18.0,0.0,275.0,1.0
2025-02-14 07:39:22,274.05,21.0,278.4,43.0,269.88,25.0,283.04,23.0,276.22,4.349999999999966,46.0,66.0,1.0831066429327112,112,-20.0,2.0,-0.18,277.0,4.0
2025-02-14 07:39:23,266.35,23.0,282.0,54.0,264.41,58.0,284.78,27.0,274.17,15.649999999999975,81.0,81.0,0.9147567982611666,162,0.0,50.0,0.0,277.0,
2025-02-14 07:39:24,266.0,21.0,282.0,42.0,264.0,28.0,283.0,7.0,274.0,16.0,49.0,49.0,0.9532051195650434,98,0.0,-64.0,0.0,277.0,
2025-02-14 07:39:25,266.0,18.0,282.0,36.0,264.0,18.0,283.0,6.0,274.0,16.0,36.0,42.0,1.0223600148504293,78,-6.0,-20.0,-0.08,277.0,
2025-02-14 07:39:26,266.0,39.0,278.55,71.0,264.0,26.0,282.12,48.0,272.27,12.550000000000011,65.0,119.0,1.4020591998787812,184,-54.0,106.0,-0.29,277.0,
2025-02-14 07:39:33,272.1,21.0,274.85,40.0,270.51,61.0,275.95,44.0,273.47,2.75,82.0,84.0,1.4108614389667933,166,-2.0,26.0,-0.01,274.5,2.0
2025-02-14 07:39:34,271.17,60.0,275.0,48.0,266.0,36.0,278.0,24.0,273.08,3.829999999999984,96.0,72.0,1.222558792027468,168,24.0,2.0,0.14,274.5,
2025-02-14 07:39:35,273.36,70.0,275.0,56.0,262.86,42.0,278.0,28.0,274.18,1.6399999999999864,112.0,84.0,0.9907825190040016,196,28.0,28.0,0.14,274.5,
2025-02-14 07:39:36,274.0,55.0,280.44,72.0,261.27,33.0,280.33,15.0,277.22,6.439999999999998,88.0,87.0,1.9093585310161711,175,1.0,-21.0,0.01,276.86,7.0
2025-02-14 07:39:37,274.12,40.0,282.0,96.0,263.21,109.0,283.0,12.0,278.06,7.8799999999999955,149.0,108.0,2.2796754154845065,257,41.0,82.0,0.16,276.86,
2025-02-14 07:39:38,277.88,42.0,281.11,73.0,275.45,42.0,282.01,105.0,279.5,3.230000000000018,84.0,178.0,2.692047547864754,262,-94.0,5.0,-0.36,276.86,
2025-02-14 07:39:39,279.83,36.0,281.43,61.0,271.1,31.0,282.08,61.0,280.63,1.6000000000000227,67.0,122.0,2.466661711699591,189,-55.0,-73.0,-0.29,281.58,12.0
2025-02-14 07:39:40,279.69,16.0,282.0,16.0,266.72,58.0,283.0,16.0,280.84,2.3100000000000023,74.0,32.0,1.5836666315752457,106,42.0,-83.0,0.4,281.58,
2025-02-14 07:39:41,276.36,11.0,282.0,9.0,269.0,18.0,283.0,9.0,279.18,5.639999999999986,29.0,18.0,1.1344249644489346,47,11.0,-59.0,0.23,281.0,1.0
2025-02-14 07:39:42,267.8,20.0,281.11,18.0,264.0,20.0,282.2,10.0,274.46,13.310000000000002,40.0,28.0,2.5935535467703112,68,12.0,21.0,0.18,281.0,
2025-02-14 07:39:43,266.92,26.0,280.38,26.0,265.23,26.0,281.71,17.0,273.65,13.45999999999998,52.0,43.0,3.446791261443713,95,9.0,27.0,0.09,281.0,
2025-02-14 07:39:44,269.2,50.0,279.0,26.0,268.64,50.0,281.0,65.0,274.1,9.800000000000011,100.0,91.0,3.3184152844338968,191,9.0,96.0,0.05,281.0,
2025-02-14 07:39:45,270.94,34.0,280.03,38.0,269.0,106.0,280.76,37.0,275.48,9.089999999999977,140.0,75.0,2.232012544759628,215,65.0,24.0,0.3,279.0,2.0
2025-02-14 07:39:46,272.71,34.0,278.0,9.0,269.5,48.0,279.0,9.0,275.35,5.2900000000000205,82.0,18.0,0.791940654319612,100,64.0,-115.0,0.64,279.0,
2025-02-14 07:39:47,275.56,54.0,278.2,15.0,274.24,66.0,280.11,27.0,276.88,2.6399999999999864,120.0,42.0,1.2725446946823706,162,78.0,62.0,0.48,278.0,1.0
2025-02-14 07:39:48,276.0,84.0,279.21,14.0,264.0,46.0,281.17,69.0,277.61,3.2099999999999795,130.0,83.0,1.3785971129972503,213,47.0,51.0,0.22,280.67,6.0
2025-02-14 07:39:49,276.68,68.0,282.0,14.0,265.13,69.0,283.83,53.0,279.34,5.319999999999993,137.0,67.0,1.6486267012166438,204,70.0,-9.0,0.34,276.5,2.0
2025-02-14 07:39:50,278.0,30.0,282.0,11.0,266.0,18.0,283.0,18.0,280.0,4.0,48.0,29.0,1.8768404300751231,77,19.0,-127.0,0.25,276.5,
2025-02-14 07:39:51,279.04,50.0,282.0,26.0,272.82,49.0,283.0,39.0,280.52,2.9599999999999795,99.0,65.0,1.5626899884381185,164,34.0,87.0,0.21,281.0,2.0
2025-02-14 07:39:52,279.34,67.0,282.1,29.0,267.55,33.0,283.09,43.0,280.72,2.760000000000048,100.0,72.0,1.2531240959956107,172,28.0,8.0,0.16,282.0,2.0
2025-02-14 07:39:53,270.59,51.0,280.09,32.0,269.66,65.0,281.78,49.0,275.34,9.5,116.0,81.0,2.2141996296551167,197,35.0,25.0,0.18,282.0,
2025-02-14 07:39:54,272.29,42.0,275.18,17.0,271.0,92.0,279.22,55.0,273.73,2.8899999999999864,134.0,72.0,3.28017072725869,206,62.0,9.0,0.3,274.0,1.0
2025-02-14 07:39:55,274.53,45.0,279.0,60.0,267.26,38.0,283.0,45.0,276.77,4.470000000000027,83.0,105.0,3.1170867809486493,188,-22.0,-18.0,-0.12,274.0,
2025-02-14 07:39:56,276.47,90.0,278.95,60.0,274.1,60.0,281.72,74.0,277.71,2.4799999999999613,150.0,134.0,2.633311603279192,284,16.0,96.0,0.06,277.8,5.0
2025-02-14 07:39:57,275.86,42.0,283.62,24.0,266.0,28.0,300.4,42.0,279.74,7.759999999999991,70.0,66.0,2.2873718543264343,136,4.0,-148.0,0.03,284.0,14.0
2025-02-14 07:39:58,277.0,42.0,285.07,42.0,265.29,28.0,374.33,36.0,281.04,8.069999999999993,70.0,78.0,2.82378646500842,148,-8.0,12.0,-0.05,284.0,
2025-02-14 07:39:59,280.67,54.0,285.0,54.0,276.17,47.0,401.79,43.0,282.83,4.329999999999984,101.0,97.0,2.4548665951462145,198,4.0,50.0,0.02,284.0,
2025-02-14 07:40:00,283.0,30.0,384.36,28.0,282.0,30.0,549.21,29.0,333.68,101.36,60.0,57.0,23.93190652664273,117,3.0,-81.0,0.03,285.0,3.0
2025-02-14 07:40:01,285.43,23.0,444.75,24.0,283.73,33.0,570.0,13.0,365.09,159.32,56.0,37.0,38.97626110852559,93,19.0,-24.0,0.2,285.0,
2025-02-14 07:40:02,290.0,5.0,456.0,10.0,285.8,15.0,593.2,5.0,373.0,166.0,20.0,15.0,43.80267994084341,35,5.0,-58.0,0.14,285.0,
2025-02-14 07:40:03,290.0,9.0,430.75,24.0,287.0,27.0,501.3,23.0,360.38,140.75,36.0,47.0,36.73324012389822,83,-11.0,48.0,-0.13,285.0,
2025-02-14 07:40:04,289.83,46.0,364.74,23.0,283.07,58.0,455.81,47.0,327.28,74.91000000000003,104.0,70.0,20.1817263879968,174,34.0,91.0,0.2,287.75,4.0
2025-02-14 07:40:05,281.15,115.0,408.25,69.0,280.63,108.0,447.57,63.0,344.7,127.10000000000002,223.0,132.0,18.20096426016948,355,91.0,173.5,0.26,283.6,5.0
2025-02-14 07:40:06,280.0,121.0,341.9,49.0,275.27,22.0,345.64,28.0,310.95,61.89999999999998,143.0,77.0,24.89443753130339,220,66.0,-135.0,0.3,283.6,
2025-02-14 07:40:07,280.64,85.0,345.0,50.0,278.38,32.0,355.57,23.0,312.82,64.36000000000001,117.0,73.0,21.195355151541264,190,44.0,-30.0,0.23,283.6,
2025-02-14 07:40:08,289.07,29.0,332.22,45.0,283.98,86.0,370.83,60.0,310.65,43.150000000000034,115.0,105.0,14.796737816152817,220,10.0,30.0,0.05,289.5,2.0
2025-02-14 07:40:09,289.0,20.0,342.17,46.0,284.0,80.0,450.93,29.0,315.59,53.170000000000016,100.0,75.0,14.532882370678118,175,25.0,-45.0,0.14,289.5,
2025-02-14 07:40:10,288.53,38.0,332.97,37.0,283.27,59.0,420.2,50.0,310.75,44.440000000000055,97.0,87.0,2.117337951288397,184,10.0,9.0,0.05,289.0,3.0
2025-02-14 07:40:11,283.0,33.0,413.29,31.0,281.57,70.0,614.14,35.0,348.15,130.29000000000002,103.0,66.0,16.090180856658108,169,37.0,-15.0,0.22,289.0,
2025-02-14 07:40:12,283.0,48.0,289.31,68.0,281.0,96.0,386.67,33.0,286.15,6.310000000000002,144.0,101.0,22.16881413156704,245,43.0,76.0,0.18,284.0,1.0
2025-02-14 07:40:13,281.7,46.0,283.95,38.0,280.57,46.0,369.77,35.0,282.82,2.25,92.0,73.0,26.39248794638288,165,19.0,-80.0,0.12,283.0,3.0
2025-02-14 07:40:14,281.0,66.0,283.0,11.0,279.0,22.0,286.0,44.0,282.0,2.0,88.0,55.0,28.39663941384553,143,33.0,-22.0,0.23,283.0,
2025-02-14 07:40:15,281.0,54.0,282.11,27.0,279.0,18.0,285.0,18.0,281.56,1.1100000000000136,72.0,45.0,29.132363961751626,117,27.0,-26.0,0.23,283.0,
2025-02-14 07:40:16,281.0,58.0,282.0,44.0,279.0,22.0,285.18,11.0,281.5,1.0,80.0,55.0,1.9423130540580325,135,25.0,18.0,0.19,281.0,1.0
2025-02-14 07:40:17,281.0,30.0,282.0,22.0,279.0,12.0,286.0,6.0,281.5,1.0,42.0,28.0,0.5676971023037877,70,14.0,-65.0,0.2,282.0,2.0
2025-02-14 07:40:18,281.0,24.0,282.0,12.0,279.0,12.0,286.0,6.0,281.5,1.0,36.0,18.0,0.218449078652349,54,18.0,-16.0,0.33,281.0,2.0
2025-02-14 07:40:19,281.0,33.0,282.0,20.0,279.0,22.0,286.0,11.0,281.5,1.0,55.0,31.0,0.0268328150598488,86,24.0,32.0,0.28,282.0,1.0
2025-02-14 07:40:20,279.46,26.0,282.0,12.0,276.27,44.0,286.0,12.0,280.73,2.5400000000000205,70.0,24.0,0.3443544684826783,94,46.0,8.0,0.49,281.0,3.0
2025-02-14 07:40:21,280.45,38.0,283.2,10.0,277.29,28.0,287.26,19.0,281.82,2.75,66.0,29.0,0.4045985664383889,95,37.0,1.0,0.39,282.0,1.0
2025-02-14 07:40:22,282.0,65.0,287.51,39.0,274.2,50.0,289.68,37.0,284.76,5.509999999999991,115.0,76.0,1.5607434125967503,191,39.0,96.0,0.2,283.75,4.0
2025-02-14 07:40:23,282.94,35.0,288.54,52.0,278.93,58.0,291.0,45.0,285.74,5.600000000000023,93.0,97.0,2.199999999991902,190,-4.0,-1.0,-0.02,289.0,1.0
2025-02-14 07:40:24,285.1,30.0,289.0,33.0,283.28,25.0,290.82,33.0,287.05,3.899999999999977,55.0,66.0,2.662282854988297,121,-11.0,-69.0,-0.09,289.0,
2025-02-14 07:40:25,286.36,33.0,289.0,33.0,284.0,22.0,290.0,33.0,287.68,2.6399999999999864,55.0,66.0,2.305536813838577,121,-11.0,0.0,-0.09,289.0,
2025-02-14 07:40:26,286.96,27.0,289.3,30.0,283.4,35.0,392.92,36.0,288.13,2.340000000000032,62.0,66.0,1.3972365583412123,128,-4.0,7.0,-0.03,289.0,3.0
2025-02-14 07:40:27,278.13,31.0,290.0,27.0,273.87,23.0,453.97,37.0,284.06,11.870000000000005,54.0,64.0,1.6490815625569026,118,-10.0,-10.0,-0.08,283.33,3.0
2025-02-14 07:40:28,282.88,33.0,292.2,30.0,273.61,93.0,407.5,38.0,287.54,9.319999999999991,126.0,68.0,1.6293158073146037,194,58.0,76.0,0.3,288.33,3.0
2025-02-14 07:40:29,280.5,46.0,292.6,20.0,270.85,85.0,408.29,28.0,286.55,12.100000000000025,131.0,48.0,1.6325348388212744,179,83.0,-15.0,0.46,288.33,
2025-02-14 07:40:30,276.77,62.0,291.5,28.0,275.89,53.0,293.0,42.0,284.14,14.730000000000018,115.0,70.0,1.8972954435103009,185,45.0,6.0,0.24,288.33,
2025-02-14 07:40:31,282.14,14.0,290.57,14.0,277.38,26.0,293.0,21.0,286.36,8.430000000000007,40.0,35.0,1.5542200616273134,75,5.0,-110.0,0.07,288.33,
2025-02-14 07:40:32,284.11,18.0,290.0,18.0,282.0,18.0,293.0,27.0,287.06,5.889999999999986,36.0,45.0,1.3078990786620783,81,-9.0,6.0,-0.11,288.33,
2025-02-14 07:40:33,285.14,14.0,289.84,19.0,282.06,17.0,294.85,26.0,287.49,4.699999999999989,31.0,45.0,1.2964759928225038,76,-14.0,-5.0,-0.18,286.0,2.0
2025-02-14 07:40:34,284.09,11.0,288.6,20.0,282.07,15.0,289.4,20.0,286.35,4.510000000000048,26.0,40.0,1.2906781163268706,66,-14.0,-10.0,-0.21,286.0,
2025-02-14 07:40:35,284.19,37.0,287.46,35.0,282.25,24.0,288.68,44.0,285.82,3.269999999999982,61.0,79.0,0.6578221643918885,140,-18.0,74.0,-0.13,283.62,8.0
2025-02-14 07:40:36,279.33,18.0,284.59,34.0,274.45,58.0,285.7,43.0,281.96,5.259999999999991,76.0,77.0,2.206338595946887,153,-1.0,13.0,-0.01,282.0,1.0
2025-02-14 07:40:37,272.05,57.0,284.8,20.0,268.5,42.0,285.86,28.0,278.43,12.75,99.0,48.0,3.748366310803152,147,51.0,-6.0,0.35,276.0,4.0
2025-02-14 07:40:38,271.0,72.0,283.64,11.0,189.88,24.0,284.97,29.0,277.32,12.639999999999986,96.0,40.0,4.127981346852611,136,56.0,-11.0,0.41,276.0,
2025-02-14 07:40:39,271.0,81.0,281.25,44.0,213.04,25.0,282.86,21.0,276.12,10.25,106.0,65.0,3.949405018475836,171,41.0,35.0,0.24,276.0,
2025-02-14 07:40:40,271.65,86.0,279.26,23.0,256.04,83.0,280.33,49.0,275.46,7.610000000000014,169.0,72.0,2.559984374944768,241,97.0,70.0,0.4,276.0,
2025-02-14 07:40:41,275.0,18.0,278.0,9.0,271.0,45.0,280.0,27.0,276.5,3.0,63.0,36.0,1.1477717542965455,99,27.0,-142.0,0.27,276.0,
2025-02-14 07:40:42,275.0,20.0,279.78,18.0,271.0,30.0,280.91,66.0,277.39,4.779999999999973,50.0,84.0,0.8175695688813779,134,-34.0,35.0,-0.25,279.0,2.0
2025-02-14 07:40:43,275.92,13.0,280.0,22.0,273.67,24.0,281.0,88.0,277.96,4.079999999999984,37.0,110.0,0.9970857535643224,147,-73.0,13.0,-0.5,279.0,
2025-02-14 07:40:44,277.0,15.0,280.0,19.0,274.0,30.0,281.0,120.0,278.5,3.0,45.0,139.0,1.205620172343331,184,-94.0,37.0,-0.51,280.0,1.0
2025-02-14 07:40:45,277.4,15.0,280.0,15.0,270.74,92.0,281.0,100.0,278.7,2.6000000000000227,107.0,115.0,0.8920762299049703,222,-8.0,38.0,-0.04,280.0,
2025-02-14 07:40:46,272.97,29.0,280.38,21.0,269.23,65.0,281.26,38.0,276.67,7.409999999999968,94.0,59.0,0.8308008184646133,153,35.0,-69.0,0.23,280.0,1.0
2025-02-14 07:40:47,272.0,55.0,280.78,41.0,268.0,99.0,281.77,52.0,276.39,8.779999999999973,154.0,93.0,1.0569910122424708,247,61.0,94.0,0.25,280.0,3.0
2025-02-14 07:40:48,272.0,45.0,281.0,36.0,269.0,81.0,282.0,45.0,276.5,9.0,126.0,81.0,1.145805393581822,207,45.0,-40.0,0.22,280.0,
2025-02-14 07:40:49,272.57,30.0,279.69,45.0,270.74,86.0,281.09,57.0,276.13,7.1200000000000045,116.0,102.0,1.0372415340512129,218,14.0,11.0,0.06,279.5,4.0
2025-02-14 07:40:50,274.88,8.0,280.85,26.0,272.0,40.0,281.79,38.0,277.86,5.970000000000027,48.0,64.0,0.6721235005271206,112,-16.0,-106.0,-0.14,279.0,1.0
2025-02-14 07:40:51,276.42,12.0,281.0,48.0,272.0,60.0,282.0,60.0,278.71,4.579999999999984,72.0,108.0,1.1150201791721346,180,-36.0,68.0,-0.2,279.0,
2025-02-14 07:40:52,270.11,57.0,280.0,22.0,267.46,109.0,282.09,47.0,275.05,9.889999999999986,166.0,69.0,1.4457351071205633,235,97.0,55.0,0.41,280.67,6.0
2025-02-14 07:40:53,269.0,50.0,279.5,22.0,265.86,70.0,282.27,22.0,274.25,10.5,120.0,44.0,1.8698663053707063,164,76.0,-71.0,0.46,278.0,1.0
2025-02-14 07:40:54,269.0,55.0,277.43,28.0,264.43,35.0,281.82,11.0,273.21,8.430000000000007,90.0,39.0,2.365561244178733,129,51.0,-35.0,0.4,276.33,3.0
2025-02-14 07:40:55,269.0,65.0,281.65,43.0,268.0,26.0,282.7,37.0,275.33,12.649999999999975,91.0,80.0,2.071328076370364,171,11.0,42.0,0.06,276.33,
2025-02-14 07:40:56,269.0,50.0,281.0,27.0,268.0,20.0,282.0,40.0,275.0,12.0,70.0,67.0,0.8580326333885906,137,3.0,-34.0,0.02,276.33,
2025-02-14 07:40:57,269.0,25.0,281.0,30.0,268.0,10.0,282.0,20.0,275.0,12.0,35.0,50.0,0.8512755135440871,85,-15.0,-52.0,-0.18,276.33,
2025-02-14 07:40:58,272.0,20.0,281.0,60.0,269.1,50.0,282.0,40.0,276.5,9.0,70.0,100.0,1.1792667212976116,170,-30.0,85.0,-0.18,276.33,
2025-02-14 07:40:59,274.36,28.0,281.0,84.0,270.0,70.0,282.0,56.0,277.68,6.639999999999986,98.0,140.0,1.1697521104749276,238,-42.0,68.0,-0.18,276.33,
2025-02-14 07:41:00,270.58,38.0,281.0,54.0,267.55,38.0,282.0,36.0,275.79,10.420000000000016,76.0,90.0,1.1309641903971115,166,-14.0,-72.0,-0.08,276.0,2.0
2025-02-14 07:41:01,271.0,44.0,281.0,66.0,268.0,22.0,282.0,44.0,276.0,10.0,66.0,110.0,0.9909994954391748,176,-44.0,10.0,-0.25,276.0,
2025-02-14 07:41:02,272.0,81.0,279.0,18.0,270.45,44.0,281.06,64.0,275.5,7.0,125.0,82.0,0.8564928487504986,207,43.0,31.0,0.21,276.0,
2025-02-14 07:41:03,272.32,66.0,282.62,26.0,270.67,30.0,283.67,12.0,277.47,10.300000000000011,96.0,38.0,1.0107769288823658,134,58.0,-73.0,0.43,278.58,12.0
2025-02-14 07:41:04,274.11,9.0,283.0,27.0,272.0,36.0,285.0,9.0,278.56,8.889999999999986,45.0,36.0,1.3042354081840335,81,9.0,-53.0,0.11,278.58,
2025-02-14 07:41:05,275.0,10.0,282.35,31.0,268.0,20.0,284.5,12.0,278.68,7.350000000000023,30.0,43.0,1.4520743782469672,73,-13.0,-8.0,-0.18,278.58,
2025-02-14 07:41:06,276.22,74.0,278.0,56.0,273.25,16.0,283.0,42.0,277.11,1.7799999999999727,90.0,98.0,1.290592886994745,188,-8.0,115.0,-0.04,278.58,
2025-02-14 07:41:07,277.05,57.0,281.95,38.0,276.33,27.0,283.62,16.0,279.5,4.899999999999977,84.0,54.0,0.9683129659164412,138,30.0,-50.0,0.22,278.0,4.0
2025-02-14 07:41:08,278.31,39.0,283.13,30.0,266.0,54.0,284.88,17.0,280.72,4.819999999999993,93.0,47.0,1.326604688655311,140,46.0,2.0,0.33,279.88,8.0
2025-02-14 07:41:09,280.4,30.0,284.0,20.0,266.15,66.0,286.3,20.0,282.2,3.6000000000000227,96.0,40.0,1.9404947822559495,136,56.0,-4.0,0.41,279.88,
2025-02-14 07:41:10,276.2,20.0,284.0,16.0,267.24,34.0,286.0,16.0,280.1,7.800000000000011,54.0,32.0,1.867024370479052,86,22.0,-50.0,0.26,281.0,3.0
2025-02-14 07:41:11,269.8,30.0,277.89,9.0,267.61,23.0,284.57,14.0,273.84,8.089999999999975,53.0,23.0,3.1982057469716523,76,30.0,-10.0,0.39,281.0,
2025-02-14 07:41:13,272.64,84.0,282.0,14.0,267.03,67.0,284.0,25.0,277.32,9.360000000000014,151.0,39.0,4.174053186048502,190,112.0,78.0,0.59,279.0,3.0
2025-02-14 07:41:14,275.46,78.0,283.12,16.0,267.0,65.0,312.3,37.0,279.29,7.660000000000025,143.0,53.0,3.426718546942754,196,90.0,6.0,0.46,283.5,4.0
2025-02-14 07:41:15,278.82,66.0,285.0,22.0,264.95,41.0,314.65,17.0,281.91,6.180000000000007,107.0,39.0,3.950996076935738,146,68.0,-50.0,0.47,283.5,
2025-02-14 07:41:16,280.0,72.0,285.0,24.0,265.74,70.0,323.79,19.0,282.5,5.0,142.0,43.0,4.160256001733799,185,99.0,39.0,0.54,283.5,
2025-02-14 07:41:17,280.0,60.0,285.0,20.0,266.0,74.0,448.2,20.0,282.5,5.0,134.0,40.0,2.310655751072101,174,94.0,-11.0,0.54,283.5,
2025-02-14 07:41:18,280.47,75.0,283.48,64.0,266.03,111.0,305.96,49.0,281.98,3.009999999999991,186.0,113.0,1.3407199558307623,299,73.0,125.0,0.24,283.0,5.0
2025-02-14 07:41:19,268.0,14.0,284.0,31.0,266.05,122.0,292.49,41.0,276.0,16.0,136.0,72.0,2.796698053055172,208,64.0,-91.0,0.31,283.0,
2025-02-14 07:41:20,269.93,14.0,280.0,56.0,267.9,70.0,284.0,28.0,274.96,10.069999999999991,84.0,84.0,3.774032326300608,168,0.0,-40.0,0.0,283.0,
2025-02-14 07:41:21,271.14,7.0,305.14,28.0,268.0,42.0,429.38,26.0,288.14,34.0,49.0,54.0,5.368154245172408,103,-5.0,-65.0,-0.05,283.2,10.0
2025-02-14 07:41:22,274.42,50.0,323.13,30.0,271.24,55.0,337.96,67.0,298.78,48.70999999999998,105.0,97.0,9.815626317253724,202,8.0,99.0,0.04,283.2,
2025-02-14 07:41:23,289.64,69.0,318.32,44.0,284.55,31.0,326.47,49.0,303.98,28.680000000000007,100.0,93.0,13.085660854537169,193,7.0,-9.0,0.04,283.2,
2025-02-14 07:41:24,290.7,70.0,314.5,20.0,289.0,20.0,318.0,40.0,302.6,23.80000000000001,90.0,60.0,12.173697876979258,150,30.0,-43.0,0.2,283.2,
2025-02-14 07:41:25,291.0,63.0,301.88,16.0,289.0,18.0,316.86,29.0,296.44,10.879999999999995,81.0,45.0,6.268597929359601,126,36.0,-24.0,0.29,283.2,
2025-02-14 07:41:26,291.0,105.0,298.6,30.0,289.0,30.0,571.33,63.0,294.8,7.600000000000023,135.0,93.0,3.9207907365698738,228,42.0,102.0,0.18,283.2,
2025-02-14 07:41:27,291.0,84.0,295.58,24.0,289.0,28.0,496.04,49.0,293.29,4.579999999999984,112.0,73.0,4.783609515833352,185,39.0,-43.0,0.21,283.2,
2025-02-14 07:41:28,290.59,59.0,324.52,27.0,287.43,67.0,400.17,18.0,307.56,33.93000000000001,126.0,45.0,5.979382911302117,171,81.0,-14.0,0.47,291.0,7.0
2025-02-14 07:41:29,289.0,42.0,358.75,24.0,286.0,76.0,391.71,42.0,323.88,69.75,118.0,66.0,12.856297289654377,184,52.0,13.0,0.28,291.0,
2025-02-14 07:41:30,289.0,15.0,427.73,11.0,286.0,42.0,543.64,22.0,358.36,138.73000000000002,57.0,33.0,26.88861878193045,90,24.0,-94.0,0.27,291.0,
2025-02-14 07:41:31,290.0,14.0,426.33,12.0,289.0,36.0,513.08,26.0,358.17,136.32999999999998,50.0,38.0,29.458415945192822,88,12.0,-2.0,0.14,290.0,1.0
2025-02-14 07:41:32,290.0,8.0,425.88,8.0,289.0,24.0,580.14,28.0,357.94,135.88,32.0,36.0,23.94944926297885,68,-4.0,-20.0,-0.06,290.0,
2025-02-14 07:41:33,287.69,26.0,424.36,14.0,287.06,54.0,513.08,52.0,356.02,136.67000000000002,80.0,66.0,15.11917259640895,146,14.0,78.0,0.1,288.6,5.0
2025-02-14 07:41:34,286.0,50.0,346.6,40.0,284.0,70.0,363.43,28.0,316.3,60.60000000000002,120.0,68.0,18.503727192109217,188,52.0,42.0,0.28,288.6,
2025-02-14 07:41:35,287.26,19.0,348.0,20.0,284.16,38.0,412.69,29.0,317.63,60.74000000000001,57.0,49.0,22.15510708617761,106,8.0,-82.0,0.08,286.0,4.0
2025-02-14 07:41:36,290.0,14.0,400.89,9.0,286.0,17.0,424.91,22.0,345.44,110.89,31.0,31.0,20.37944258315216,62,0.0,-44.0,0.0,286.0,
2025-02-14 07:41:37,290.0,18.0,405.09,11.0,286.0,27.0,473.0,18.0,347.55,115.08999999999996,45.0,29.0,18.351666681802897,74,16.0,12.0,0.22,286.0,
2025-02-14 07:41:38,288.29,21.0,421.57,35.0,284.36,77.0,422.51,41.0,354.93,133.27999999999997,98.0,76.0,18.067397432945203,174,22.0,100.0,0.13,290.0,2.0
2025-02-14 07:41:39,284.06,109.0,418.69,39.0,283.28,97.0,422.0,65.0,351.37,134.63,206.0,104.0,14.848716442844443,310,102.0,136.0,0.33,286.0,1.0
2025-02-14 07:41:40,285.0,26.0,403.45,29.0,284.0,127.0,410.86,37.0,344.22,118.45,153.0,66.0,4.41481256680299,219,87.0,-91.0,0.4,286.0,
2025-02-14 07:41:41,284.0,46.0,393.15,13.0,283.25,95.0,394.92,37.0,338.58,109.14999999999998,141.0,50.0,6.33175726003463,191,91.0,-28.0,0.48,284.44,9.0
2025-02-14 07:41:42,284.17,82.0,385.69,16.0,282.15,94.0,386.86,14.0,334.93,101.51999999999998,176.0,30.0,8.399751782046922,206,146.0,15.0,0.71,284.44,
2025-02-14 07:41:43,291.0,60.0,381.5,10.0,283.43,74.0,383.0,10.0,336.25,90.5,134.0,20.0,6.766546386451459,154,114.0,-52.0,0.74,284.44,
2025-02-14 07:41:44,291.0,84.0,340.21,38.0,286.57,98.0,345.31,26.0,315.61,49.20999999999998,182.0,64.0,10.834097562787449,246,118.0,92.0,0.48,284.44,
2025-02-14 07:41:45,291.0,35.0,335.07,15.0,290.0,90.0,337.0,21.0,313.03,44.06999999999999,125.0,36.0,12.299642271220543,161,89.0,-85.0,0.55,291.0,5.0
2025-02-14 07:41:46,286.13,62.0,311.49,35.0,284.19,95.0,321.17,29.0,298.81,25.360000000000014,157.0,64.0,15.838727221591803,221,93.0,60.0,0.42,288.9,10.0
2025-02-14 07:41:47,286.0,54.0,304.89,27.0,284.0,81.0,308.67,27.0,295.44,18.889999999999983,135.0,54.0,16.203528010899067,189,81.0,-32.0,0.43,288.9,
2025-02-14 07:41:48,286.28,53.0,303.44,9.0,284.15,78.0,305.0,36.0,294.86,17.160000000000025,131.0,45.0,9.988365732190028,176,86.0,-13.0,0.49,288.9,
2025-02-14 07:41:49,289.0,50.0,301.12,16.0,286.0,60.0,302.06,34.0,295.06,12.120000000000005,110.0,50.0,7.766044681817559,160,60.0,-16.0,0.38,288.9,
2025-02-14 07:41:50,289.0,28.0,300.0,8.0,286.0,48.0,302.0,32.0,294.5,11.0,76.0,40.0,1.752792058398798,116,36.0,-44.0,0.31,289.0,4.0
2025-02-14 07:41:51,289.0,13.0,298.95,40.0,286.0,78.0,299.84,25.0,293.98,9.949999999999989,91.0,65.0,0.5563452165567085,156,26.0,40.0,0.17,289.0,
2025-02-14 07:41:52,289.0,13.0,294.71,38.0,286.0,78.0,295.44,41.0,291.86,5.70999999999998,91.0,79.0,1.292253845026292,170,12.0,14.0,0.07,289.0,
2025-02-14 07:41:53,286.08,73.0,291.79,34.0,284.2,120.0,292.45,22.0,288.94,5.710000000000036,193.0,56.0,2.507492771671484,249,137.0,79.0,0.55,287.5,2.0
2025-02-14 07:41:54,286.0,70.0,289.08,25.0,284.0,126.0,293.24,49.0,287.54,3.079999999999984,196.0,74.0,3.058705608584126,270,122.0,21.0,0.45,288.5,2.0
