DateTime,Bid1_Price,Bid1_Volume,Ask1_Price,Ask1_Volume,Bid2_Price,Bid2_Volume,Ask2_Price,Ask2_Volume,Mid-Price,Bid_Ask_Spread,Market_Depth_Bid,Market_Depth_Ask,Historical_Volatility,Total_volume,Cumulative_Volume_Difference,Total_Volume_Change_Corrected,Order_imbalance,Weighted_Avg_Price,Trade_Volume
2025-04-28 07:30:03,147.15,13.0,187.0,24.0,127.2,15.0,0.0,0.0,167.08,39.85,28.0,24.0,,52,4.0,28.0,0.08,151.25,4.0
2025-04-28 07:30:39,144.0,6.0,164.75,24.0,142.0,54.0,233.75,16.0,154.38,20.75,60.0,40.0,2.5084417473801395,100,20.0,-20.0,0.2,152.09,11.0
2025-04-28 07:31:27,151.32,25.0,157.92,26.0,143.35,51.0,170.14,29.0,154.62,6.599999999999994,76.0,55.0,3.304704222770855,131,21.0,12.0,0.16,151.0,1.0
2025-04-28 07:31:28,152.0,24.0,157.0,28.0,143.0,70.0,260.4,35.0,154.5,5.0,94.0,63.0,3.577746497447788,157,31.0,26.0,0.2,151.0,
2025-04-28 07:31:29,143.82,44.0,156.08,24.0,142.27,74.0,324.1,30.0,149.95,12.26000000000002,118.0,54.0,2.929004950490884,172,64.0,15.0,0.37,152.0,1.0
2025-04-28 07:31:30,143.47,76.0,154.69,26.0,142.26,97.0,319.54,35.0,149.08,11.22,173.0,61.0,2.6486845791826834,234,112.0,62.0,0.48,152.0,
2025-04-28 07:31:34,147.91,70.0,225.74,68.0,147.31,102.0,500.61,36.0,186.82,77.83000000000001,172.0,104.0,17.44103551971616,276,68.0,128.0,0.25,151.0,1.0
2025-04-28 07:31:35,152.86,86.0,168.0,70.0,151.1,84.0,361.45,22.0,160.43,15.139999999999986,170.0,92.0,17.103935804369744,262,78.0,-14.0,0.3,151.0,
2025-04-28 07:31:36,154.46,65.0,168.0,55.0,153.18,110.0,216.88,51.0,161.23,13.539999999999992,175.0,106.0,15.841290035852577,281,69.0,19.0,0.25,151.0,
2025-04-28 07:31:37,156.01,174.0,240.0,45.0,154.58,66.0,499.74,50.0,198.0,83.99000000000001,240.0,95.0,20.58763293824729,335,145.0,54.0,0.43,151.0,
2025-04-28 07:31:38,158.14,7.0,325.0,20.0,156.0,133.0,691.53,30.0,241.57,166.86,140.0,50.0,33.29757723919278,190,90.0,-145.0,0.47,151.0,
2025-04-28 07:31:39,159.0,7.0,264.0,35.0,156.0,133.0,350.0,35.0,211.5,105.0,140.0,70.0,34.584975495148335,210,70.0,20.0,0.33,151.0,
2025-04-28 07:31:40,159.99,91.0,288.71,35.0,156.96,28.0,339.53,47.0,224.35,128.71999999999997,119.0,82.0,30.37970457394235,201,37.0,-9.0,0.18,151.0,
2025-04-28 07:31:41,160.0,150.0,286.4,30.0,159.0,15.0,421.45,58.0,223.2,126.39999999999998,165.0,88.0,16.20413928599778,253,77.0,52.0,0.3,151.0,
2025-04-28 07:31:42,160.0,90.0,225.56,18.0,159.0,9.0,288.57,21.0,192.78,65.56,99.0,39.0,18.020084627992635,138,60.0,-115.0,0.43,151.0,
2025-04-28 07:31:43,160.0,38.0,234.0,8.0,159.0,4.0,419.8,10.0,197.0,74.0,42.0,18.0,14.557361711519526,60,24.0,-78.0,0.4,160.0,2.0
2025-04-28 07:31:44,160.0,48.0,282.17,12.0,159.0,6.0,511.0,18.0,221.08,122.17000000000002,54.0,30.0,15.44596775860986,84,24.0,24.0,0.29,160.0,
2025-04-28 07:31:45,160.0,64.0,282.0,16.0,159.0,8.0,468.5,36.0,221.0,122.0,72.0,52.0,14.819025608993838,124,20.0,40.0,0.16,160.0,
2025-04-28 07:31:46,160.0,20.0,236.57,14.0,159.0,5.0,350.46,13.0,198.29,76.57,25.0,27.0,13.852927488441347,52,-2.0,-72.0,-0.04,160.0,5.0
2025-04-28 07:31:47,160.0,33.0,235.09,23.0,159.0,11.0,396.4,25.0,197.54,75.09,44.0,48.0,12.841344166403072,92,-4.0,40.0,-0.04,160.0,
2025-04-28 07:31:48,159.79,19.0,189.56,18.0,158.38,13.0,251.33,18.0,174.67,29.77000000000001,32.0,36.0,19.39265144326616,68,-4.0,-24.0,-0.06,160.0,
2025-04-28 07:31:49,159.75,16.0,188.0,14.0,158.27,11.0,190.0,14.0,173.88,28.25,27.0,28.0,19.58398657066558,55,-1.0,-13.0,-0.02,160.0,
2025-04-28 07:31:50,160.0,19.0,187.5,20.0,158.85,13.0,380.08,26.0,173.75,27.5,32.0,46.0,13.051457006786867,78,-14.0,23.0,-0.18,160.0,3.0
2025-04-28 07:31:51,160.0,8.0,187.0,16.0,159.0,16.0,363.38,16.0,173.5,27.0,24.0,32.0,10.558838477787418,56,-8.0,-22.0,-0.14,160.0,
2025-04-28 07:31:52,160.0,9.0,185.93,15.0,159.0,18.0,262.67,18.0,172.97,25.930000000000007,27.0,33.0,0.6192979896642471,60,-6.0,4.0,-0.1,160.0,
2025-04-28 07:31:53,160.0,13.0,180.88,34.0,159.0,26.0,182.57,28.0,170.44,20.879999999999995,39.0,62.0,1.422944131019137,101,-23.0,41.0,-0.23,160.0,
2025-04-28 07:31:54,160.0,11.0,177.25,32.0,159.0,22.0,178.4,30.0,168.62,17.25,33.0,62.0,2.23649949698213,95,-29.0,-6.0,-0.31,160.0,
2025-04-28 07:31:55,160.0,14.0,175.64,14.0,159.0,28.0,177.0,56.0,167.82,15.639999999999986,42.0,70.0,2.5336140195382533,112,-28.0,17.0,-0.25,160.0,
2025-04-28 07:31:56,160.0,13.0,171.0,34.0,159.0,26.0,174.16,25.0,165.5,11.0,39.0,59.0,2.8105515472946,98,-20.0,-14.0,-0.2,160.0,
2025-04-28 07:31:57,159.11,18.0,166.81,62.0,156.65,92.0,168.0,29.0,162.96,7.699999999999989,110.0,91.0,2.901675378121946,201,19.0,103.0,0.09,158.8,5.0
2025-04-28 07:31:58,158.0,11.0,163.44,25.0,156.0,99.0,163.74,19.0,160.72,5.439999999999998,110.0,44.0,3.3056739101124686,154,66.0,-47.0,0.43,158.8,
2025-04-28 07:31:59,156.36,44.0,159.97,33.0,155.9,80.0,161.0,21.0,158.17,3.609999999999985,124.0,54.0,3.8080677514977785,178,70.0,24.0,0.39,158.0,1.0
2025-04-28 07:32:00,154.88,114.0,157.18,39.0,153.51,86.0,157.49,37.0,156.03,2.300000000000012,200.0,76.0,3.753495704006641,276,124.0,98.0,0.45,154.89,9.0
2025-04-28 07:32:01,155.44,64.0,294.71,21.0,153.5,48.0,438.0,26.0,225.08,139.26999999999998,112.0,47.0,29.457613107650158,159,65.0,-117.0,0.41,154.83,6.0
2025-04-28 07:32:02,156.0,68.0,271.97,29.0,154.0,51.0,369.8,30.0,213.98,115.97000000000004,119.0,59.0,33.803057997761194,178,60.0,19.0,0.34,154.83,
2025-04-28 07:32:03,154.66,58.0,172.56,27.0,152.06,279.0,195.05,37.0,163.61,17.900000000000006,337.0,64.0,33.352920861597816,401,273.0,173.5,0.68,156.0,4.0
2025-04-28 07:32:04,158.0,69.0,160.58,12.0,154.0,36.0,162.7,33.0,159.29,2.5800000000000125,105.0,45.0,33.144441012031066,150,60.0,-174.5,0.4,158.0,1.0
2025-04-28 07:32:05,157.57,37.0,159.36,11.0,153.34,32.0,200.06,17.0,158.47,1.7900000000000205,69.0,28.0,32.65136643388768,97,41.0,-53.0,0.42,158.0,5.0
2025-04-28 07:32:06,154.0,24.0,158.42,12.0,153.0,36.0,243.0,40.0,156.21,4.419999999999988,60.0,52.0,24.558068327944696,112,8.0,15.0,0.07,158.0,
2025-04-28 07:32:07,154.96,48.0,157.3,10.0,153.31,26.0,194.53,34.0,156.13,2.3400000000000034,74.0,44.0,3.0539024214920616,118,30.0,6.0,0.25,155.0,4.0
2025-04-28 07:32:08,153.81,16.0,216.55,11.0,152.17,69.0,465.15,26.0,185.18,62.74000000000001,85.0,37.0,12.445106668887863,122,48.0,4.0,0.39,154.0,4.0
2025-04-28 07:32:09,153.31,13.0,349.43,23.0,152.01,172.0,537.13,47.0,251.37,196.12,185.0,70.0,40.95411236982198,255,115.0,133.0,0.45,154.0,
2025-04-28 07:32:10,153.46,57.0,245.88,16.0,151.88,110.0,346.0,16.0,199.67,92.42,167.0,32.0,39.279589101720624,199,135.0,-56.0,0.68,153.8,5.0
2025-04-28 07:32:11,152.0,54.0,284.33,6.0,151.0,21.0,346.0,6.0,218.17,132.32999999999998,75.0,12.0,35.676357437384425,87,63.0,-112.0,0.72,155.75,4.0
2025-04-28 07:32:12,152.0,71.0,276.0,22.0,151.0,35.0,592.85,13.0,214.0,124.0,106.0,35.0,24.74534643119833,141,71.0,54.0,0.5,152.0,5.0
2025-04-28 07:32:13,152.0,35.0,344.0,15.0,151.0,21.0,622.0,6.0,248.0,192.0,56.0,21.0,22.50512097279252,77,35.0,-64.0,0.45,152.0,2.0
2025-04-28 07:32:14,152.0,55.0,355.05,19.0,151.0,35.0,465.25,16.0,253.53,203.05,90.0,35.0,23.12037694329454,125,55.0,48.0,0.44,152.0,
2025-04-28 07:32:15,152.0,33.0,211.67,15.0,151.0,21.0,353.0,5.0,181.83,59.66999999999999,54.0,20.0,28.966888510850172,74,34.0,-51.0,0.46,152.0,
2025-04-28 07:32:16,152.0,55.0,208.0,25.0,150.0,5.0,333.2,5.0,180.0,56.0,60.0,30.0,34.99534211863088,90,30.0,16.0,0.33,152.0,
2025-04-28 07:32:17,152.0,88.0,208.0,40.0,151.0,24.0,510.0,8.0,180.0,56.0,112.0,48.0,38.48243716294508,160,64.0,70.0,0.4,152.0,
2025-04-28 07:32:20,151.29,24.0,424.62,29.0,144.59,17.0,534.66,29.0,287.96,273.33000000000004,41.0,58.0,88.74607918099845,99,-17.0,3.0,-0.17,152.0,
2025-04-28 07:32:21,138.15,221.0,268.45,22.0,40.31,26.0,332.21,38.0,203.3,130.29999999999998,247.0,60.0,83.12774127810793,307,187.0,173.5,0.61,150.75,4.0
2025-04-28 07:32:22,139.13,79.0,242.3,10.0,137.13,77.0,243.73,11.0,190.71,103.17000000000002,156.0,21.0,80.09016200508057,177,135.0,-130.0,0.76,150.75,
2025-04-28 07:32:23,154.33,99.0,238.25,16.0,153.0,27.0,239.45,11.0,196.29,83.91999999999999,126.0,27.0,71.64660026826147,153,99.0,-24.0,0.65,150.75,
2025-04-28 07:32:24,155.0,88.0,234.13,15.0,153.0,24.0,235.54,13.0,194.57,79.13,112.0,28.0,41.2812394436024,140,84.0,-13.0,0.6,150.75,
2025-04-28 07:32:25,155.98,108.0,230.65,17.0,153.87,38.0,231.8,20.0,193.31,74.67000000000002,146.0,37.0,4.742802968712645,183,109.0,43.0,0.6,150.75,
2025-04-28 07:32:26,157.91,111.0,202.91,22.0,156.27,118.0,210.13,23.0,180.41,45.0,229.0,45.0,6.29047851916117,274,184.0,91.0,0.67,158.0,5.0
2025-04-28 07:32:27,160.0,56.0,194.93,28.0,159.0,154.0,196.36,28.0,177.46,34.93000000000001,210.0,56.0,8.774287435457493,266,154.0,-8.0,0.58,158.0,
2025-04-28 07:32:28,160.0,44.0,188.27,22.0,159.0,121.0,189.55,22.0,174.14,28.27000000000001,165.0,44.0,9.37120429827596,209,121.0,-57.0,0.58,158.0,
2025-04-28 07:32:29,160.0,35.0,184.0,18.0,159.0,99.0,186.0,18.0,172.0,24.0,134.0,36.0,8.376737431722717,170,98.0,-39.0,0.58,160.0,1.0
2025-04-28 07:32:30,160.0,30.0,179.4,20.0,159.0,110.0,181.6,20.0,169.7,19.40000000000001,140.0,40.0,4.266628645666637,180,100.0,10.0,0.56,160.0,
2025-04-28 07:32:31,160.0,30.0,175.9,20.0,159.0,110.0,177.3,20.0,167.95,15.900000000000006,140.0,40.0,3.7340058918033874,180,100.0,0.0,0.56,160.0,
2025-04-28 07:32:32,160.0,24.0,173.75,16.0,159.0,88.0,175.5,16.0,166.88,13.75,112.0,32.0,2.961280128596712,144,80.0,-36.0,0.56,160.0,
2025-04-28 07:32:33,160.0,4.0,172.5,8.0,159.0,44.0,174.0,8.0,166.25,12.5,48.0,16.0,2.3272150738643176,64,32.0,-80.0,0.5,160.0,2.0
2025-04-28 07:32:34,159.07,56.0,170.67,18.0,158.9,49.0,171.67,18.0,164.87,11.599999999999994,105.0,36.0,1.8180896567608535,141,69.0,77.0,0.49,159.25,4.0
2025-04-28 07:32:35,159.0,24.0,169.67,6.0,158.0,3.0,170.67,6.0,164.33,10.669999999999987,27.0,12.0,1.4738995895312537,39,15.0,-102.0,0.38,159.25,
2025-04-28 07:32:36,159.0,38.0,166.4,20.0,158.0,10.0,167.8,20.0,162.7,7.400000000000006,48.0,40.0,1.6471581587752984,88,8.0,49.0,0.09,159.0,7.0
2025-04-28 07:32:37,158.7,10.0,160.77,26.0,157.1,10.0,161.83,24.0,159.73,2.0700000000000216,20.0,50.0,2.49761486222747,70,-30.0,-18.0,-0.43,159.0,1.0
2025-04-28 07:32:38,155.0,8.0,158.69,13.0,153.0,24.0,159.77,26.0,156.85,3.6899999999999977,32.0,39.0,3.367830161991366,71,-7.0,1.0,-0.1,158.0,1.0
2025-04-28 07:32:39,153.71,14.0,156.22,9.0,152.38,39.0,158.64,14.0,154.97,2.509999999999991,53.0,23.0,3.9029450418905327,76,30.0,5.0,0.39,155.0,1.0
2025-04-28 07:32:40,153.0,13.0,156.95,19.0,152.0,72.0,259.43,14.0,154.97,3.9499999999999886,85.0,33.0,3.340865157413122,118,52.0,42.0,0.44,154.0,5.0
2025-04-28 07:32:41,155.57,28.0,159.1,40.0,152.16,38.0,373.6,20.0,157.34,3.530000000000001,66.0,60.0,1.97312442588311,126,6.0,8.0,0.05,154.0,
2025-04-28 07:32:42,155.75,48.0,162.69,52.0,152.38,32.0,299.36,22.0,159.22,6.939999999999998,80.0,74.0,1.7863230390991782,154,6.0,28.0,0.04,156.0,4.0
2025-04-28 07:32:43,153.0,9.0,225.0,9.0,152.0,45.0,378.0,18.0,189.0,72.0,54.0,27.0,14.587972785826668,81,27.0,-73.0,0.33,156.0,
2025-04-28 07:32:44,152.19,31.0,334.87,15.0,151.33,90.0,383.78,18.0,243.53,182.68,121.0,33.0,37.701290030979415,154,88.0,73.0,0.57,153.0,1.0
2025-04-28 07:32:45,152.0,59.0,339.17,24.0,150.71,63.0,374.29,14.0,245.58,187.17,122.0,38.0,43.504596079035565,160,84.0,6.0,0.53,152.0,1.0
2025-04-28 07:32:46,152.07,27.0,291.86,29.0,151.28,29.0,323.0,18.0,221.97,139.79000000000002,56.0,47.0,37.20144016029545,103,9.0,-57.0,0.09,152.5,2.0
2025-04-28 07:32:47,152.0,22.0,164.0,10.0,151.0,30.0,270.0,26.0,158.0,12.0,52.0,36.0,37.63449521383332,88,16.0,-15.0,0.18,152.0,1.0
2025-04-28 07:32:48,152.0,24.0,162.87,23.0,151.0,36.0,194.15,13.0,157.43,10.870000000000005,60.0,36.0,44.414882303120415,96,24.0,8.0,0.25,152.0,
2025-04-28 07:32:49,152.0,26.0,161.67,15.0,151.0,30.0,162.67,15.0,156.83,9.669999999999987,56.0,30.0,42.64828214594382,86,26.0,-10.0,0.3,152.0,
2025-04-28 07:32:50,153.85,39.0,159.5,20.0,151.1,30.0,161.5,16.0,156.67,5.650000000000006,69.0,36.0,28.95626702460143,105,33.0,19.0,0.31,152.0,
2025-04-28 07:32:51,158.0,16.0,159.0,18.0,152.56,9.0,285.89,9.0,158.5,1.0,25.0,27.0,0.7732593355488487,52,-2.0,-53.0,-0.04,158.0,3.0
2025-04-28 07:32:52,158.0,9.0,159.0,18.0,155.82,17.0,339.63,19.0,158.5,1.0,26.0,37.0,0.8811526542055591,63,-11.0,11.0,-0.17,158.0,
2025-04-28 07:32:54,153.52,23.0,222.15,40.0,150.26,46.0,275.41,59.0,187.84,68.63,69.0,99.0,93.34843769447907,168,-30.0,109.0,-0.18,156.0,2.0
2025-04-28 07:32:55,153.67,6.0,213.0,6.0,149.8,20.0,215.0,30.0,183.33,59.33000000000001,26.0,36.0,90.49277374464796,62,-10.0,-106.0,-0.16,153.0,2.0
2025-04-28 07:32:56,153.4,25.0,202.23,13.0,149.1,63.0,214.78,45.0,177.82,48.829999999999984,88.0,58.0,88.01307618757593,146,30.0,84.0,0.21,153.0,
2025-04-28 07:32:57,155.0,73.0,210.85,47.0,151.0,11.0,211.63,19.0,182.93,55.85,84.0,66.0,84.64251030067604,150,18.0,4.0,0.12,155.0,1.0
2025-04-28 07:32:58,155.0,98.0,195.25,57.0,151.0,13.0,201.67,45.0,175.12,40.25,111.0,102.0,4.994844341921642,213,9.0,63.0,0.04,155.0,
2025-04-28 07:32:59,155.0,82.0,188.33,46.0,153.0,32.0,190.85,48.0,171.66,33.33000000000001,114.0,94.0,5.0271333779823975,208,20.0,-5.0,0.1,155.0,2.0
2025-04-28 07:33:00,153.94,34.0,184.0,33.0,151.62,13.0,185.0,11.0,168.97,30.06,47.0,44.0,5.4295073441356525,91,3.0,-117.0,0.03,155.0,
2025-04-28 07:33:01,155.0,96.0,180.77,56.0,153.0,24.0,182.39,36.0,167.88,25.77000000000001,120.0,92.0,6.059362177657135,212,28.0,121.0,0.13,155.0,
2025-04-28 07:33:02,155.0,96.0,178.23,22.0,153.0,24.0,180.0,46.0,166.61,23.22999999999999,120.0,68.0,3.391381724315285,188,52.0,-24.0,0.28,155.0,
2025-04-28 07:33:03,155.0,73.0,174.04,28.0,153.0,20.0,175.25,12.0,164.52,19.039999999999992,93.0,40.0,2.6630565146121747,133,53.0,-55.0,0.4,155.0,1.0
2025-04-28 07:33:04,155.0,43.0,174.0,27.0,153.0,18.0,175.0,9.0,164.5,19.0,61.0,36.0,1.996103704725132,97,25.0,-36.0,0.26,155.0,4.0
2025-04-28 07:33:05,155.0,87.0,172.69,26.0,153.0,16.0,173.29,14.0,163.85,17.689999999999998,103.0,40.0,1.7011378545011275,143,63.0,46.0,0.44,155.0,
2025-04-28 07:33:06,155.0,118.0,166.68,41.0,153.0,22.0,168.66,41.0,160.84,11.680000000000009,140.0,82.0,2.0808724131997507,222,58.0,79.0,0.26,155.0,5.0
2025-04-28 07:33:07,155.0,168.0,163.07,42.0,153.0,28.0,165.25,40.0,159.04,8.069999999999993,196.0,82.0,2.48080632053668,278,114.0,56.0,0.41,155.0,
2025-04-28 07:33:08,155.05,195.0,160.2,59.0,153.55,44.0,160.95,21.0,157.62,5.149999999999977,239.0,80.0,2.9799161062039627,319,159.0,41.0,0.5,158.0,3.0
2025-04-28 07:33:09,155.0,180.0,158.13,39.0,153.0,30.0,168.57,21.0,156.56,3.1299999999999955,210.0,60.0,2.875503434185521,270,150.0,-49.0,0.56,158.0,
2025-04-28 07:33:10,155.13,78.0,157.57,69.0,153.95,42.0,164.04,24.0,156.35,2.4399999999999977,120.0,93.0,1.8744385826192769,213,27.0,-57.0,0.13,155.67,6.0
2025-04-28 07:33:11,154.14,21.0,156.14,14.0,152.07,90.0,294.04,26.0,155.14,2.0,111.0,40.0,1.4667037874127873,151,71.0,-62.0,0.47,154.6,5.0
2025-04-28 07:33:12,153.47,43.0,155.09,11.0,152.35,104.0,219.0,15.0,154.28,1.6200000000000043,147.0,26.0,1.2998076780856311,173,121.0,22.0,0.7,155.0,1.0
2025-04-28 07:33:13,153.76,68.0,321.78,18.0,152.82,88.0,285.45,51.0,237.77,168.01999999999998,156.0,69.0,36.76705386619959,225,87.0,52.0,0.39,156.0,1.0
2025-04-28 07:33:17,148.12,75.0,448.17,30.0,147.07,28.0,619.21,38.0,298.14,300.05,103.0,68.0,63.27074221154778,171,35.0,83.0,0.2,150.0,5.0
2025-04-28 07:33:18,153.0,31.0,391.03,32.0,148.0,96.0,471.05,37.0,272.02,238.03,127.0,69.0,52.29603302354912,196,58.0,25.0,0.3,153.0,1.0
2025-04-28 07:33:19,150.5,28.0,186.86,37.0,147.9,62.0,214.07,30.0,168.68,36.360000000000014,90.0,67.0,89.07289110610543,157,23.0,-39.0,0.15,151.33,3.0
2025-04-28 07:33:20,148.0,63.0,174.27,44.0,147.0,27.0,244.03,29.0,161.14,26.27000000000001,90.0,73.0,102.58443644140225,163,17.0,6.0,0.1,151.33,
2025-04-28 07:33:32,152.88,91.0,225.75,32.0,151.0,19.0,459.0,50.0,189.31,72.87,110.0,82.0,17.647457323932716,192,28.0,78.0,0.15,153.0,2.0
2025-04-28 07:33:33,156.53,43.0,373.18,34.0,156.09,35.0,614.46,26.0,264.86,216.65,78.0,60.0,49.60310101193311,138,18.0,-54.0,0.13,153.0,
2025-04-28 07:33:34,159.57,21.0,213.0,10.0,157.5,24.0,474.8,20.0,186.29,53.43000000000001,45.0,30.0,46.23924220832391,75,15.0,-63.0,0.2,153.0,
2025-04-28 07:33:35,160.0,84.0,325.33,42.0,159.0,42.0,541.57,42.0,242.67,165.32999999999998,126.0,84.0,45.7691642921307,210,42.0,135.0,0.2,153.0,
2025-04-28 07:33:36,160.0,36.0,368.17,24.0,159.0,18.0,406.33,12.0,264.08,208.17,54.0,36.0,39.057260144562896,90,18.0,-120.0,0.2,153.0,
2025-04-28 07:33:37,160.0,12.0,367.0,8.0,159.0,6.0,405.0,4.0,263.5,207.0,18.0,12.0,33.72838937749724,30,6.0,-60.0,0.2,153.0,
2025-04-28 07:33:38,160.0,48.0,361.34,32.0,159.0,24.0,385.53,15.0,260.67,201.34,72.0,47.0,33.13608863460001,119,25.0,89.0,0.21,153.0,
2025-04-28 07:33:39,160.0,39.0,338.14,28.0,159.0,21.0,340.0,35.0,249.07,178.14,60.0,63.0,9.605455220866595,123,-3.0,4.0,-0.02,160.0,1.0
2025-04-28 07:33:40,160.0,30.0,321.92,26.0,159.0,18.0,330.61,28.0,240.96,161.92000000000002,48.0,54.0,10.210045543486718,102,-6.0,-21.0,-0.06,160.0,
2025-04-28 07:33:41,160.0,40.0,289.03,34.0,159.0,24.0,310.68,38.0,224.51,129.02999999999997,64.0,72.0,15.834556198393097,136,-8.0,34.0,-0.06,160.0,
2025-04-28 07:33:42,160.0,50.0,254.44,43.0,159.0,30.0,271.64,45.0,207.22,94.44,80.0,88.0,20.99501678970663,168,-8.0,32.0,-0.05,160.0,
2025-04-28 07:33:43,160.0,50.0,190.84,32.0,159.0,30.0,253.77,39.0,175.42,30.840000000000003,80.0,71.0,29.38469380476942,151,9.0,-17.0,0.06,160.0,
2025-04-28 07:33:44,160.0,37.0,188.38,40.0,159.0,24.0,190.17,36.0,174.19,28.379999999999995,61.0,76.0,29.586587332777093,137,-15.0,-14.0,-0.11,160.0,3.0
2025-04-28 07:33:45,152.68,57.0,185.35,40.0,151.93,59.0,186.6,42.0,169.02,32.66999999999999,116.0,82.0,24.44450592669113,198,34.0,61.0,0.17,157.2,10.0
2025-04-28 07:33:46,152.0,121.0,179.62,32.0,151.0,11.0,184.37,51.0,165.81,27.620000000000005,132.0,83.0,16.610736588123697,215,49.0,17.0,0.23,157.2,
2025-04-28 07:33:47,152.0,55.0,175.08,12.0,151.0,5.0,183.48,21.0,163.54,23.080000000000013,60.0,33.0,5.156658801978866,93,27.0,-122.0,0.29,153.0,1.0
2025-04-28 07:33:48,152.0,106.0,180.1,51.0,151.0,11.0,181.42,48.0,166.05,28.099999999999994,117.0,99.0,4.106710362324691,216,18.0,123.0,0.08,152.0,3.0
2025-04-28 07:33:49,152.03,66.0,176.4,50.0,151.67,24.0,180.0,40.0,164.22,24.370000000000005,90.0,90.0,2.121855320238339,180,0.0,-36.0,0.0,152.0,
2025-04-28 07:33:50,153.75,16.0,174.33,48.0,152.02,82.0,176.0,60.0,164.04,20.580000000000013,98.0,108.0,1.124842211167019,206,-10.0,26.0,-0.05,152.0,
2025-04-28 07:33:51,155.0,42.0,172.83,58.0,153.0,14.0,175.69,78.0,163.91,17.830000000000013,56.0,136.0,0.981412247744479,192,-80.0,-14.0,-0.42,152.0,
2025-04-28 07:33:52,156.28,47.0,169.36,64.0,154.09,22.0,171.09,53.0,162.82,13.080000000000013,69.0,117.0,1.1658344651033357,186,-48.0,-6.0,-0.26,152.0,
2025-04-28 07:33:53,158.15,41.0,167.53,64.0,156.76,51.0,168.77,53.0,162.84,9.379999999999995,92.0,117.0,0.6808670942425826,209,-25.0,23.0,-0.12,152.0,
2025-04-28 07:33:54,159.0,5.0,165.83,24.0,158.0,25.0,167.52,21.0,162.42,6.8300000000000125,30.0,45.0,0.7231735614789039,75,-15.0,-134.0,-0.2,152.0,
2025-04-28 07:33:55,159.0,11.0,164.82,44.0,158.0,55.0,166.0,55.0,161.91,5.819999999999993,66.0,99.0,0.7363083593317252,165,-33.0,90.0,-0.2,152.0,
2025-04-28 07:33:56,157.36,28.0,160.83,48.0,154.94,35.0,164.34,59.0,159.1,3.469999999999999,63.0,107.0,1.5657969217050884,170,-44.0,5.0,-0.26,158.17,6.0
2025-04-28 07:33:57,153.82,33.0,157.56,52.0,152.0,72.0,157.96,56.0,155.69,3.740000000000009,105.0,108.0,3.0078181461019446,213,-3.0,43.0,-0.01,154.4,5.0
2025-04-28 07:34:02,152.17,75.0,233.39,33.0,149.94,62.0,369.79,28.0,192.78,81.22,137.0,61.0,18.019114018175824,198,76.0,-68.0,0.38,151.0,1.0
2025-04-28 07:34:03,153.0,48.0,304.0,24.0,151.0,30.0,437.0,6.0,228.5,151.0,78.0,30.0,34.27478417145806,108,48.0,-90.0,0.44,151.0,
2025-04-28 07:34:04,153.48,31.0,326.27,22.0,152.6,50.0,497.35,34.0,239.88,172.79,81.0,56.0,41.06119725482982,137,25.0,29.0,0.18,151.0,
2025-04-28 07:34:05,155.33,78.0,204.29,17.0,153.63,43.0,360.63,38.0,179.81,48.95999999999998,121.0,55.0,35.83323206187307,176,66.0,39.0,0.38,151.0,
2025-04-28 07:34:06,157.0,48.0,202.0,18.0,154.0,18.0,205.0,6.0,179.5,45.0,66.0,24.0,28.279297728197783,90,42.0,-86.0,0.47,151.0,
2025-04-28 07:34:07,158.5,64.0,201.0,24.0,154.0,24.0,404.69,32.0,179.75,42.5,88.0,56.0,30.12284133344745,144,32.0,54.0,0.22,151.0,
2025-04-28 07:34:08,159.0,88.0,201.0,33.0,157.73,75.0,435.04,46.0,180.0,42.0,163.0,79.0,26.88483903615647,242,84.0,98.0,0.35,151.0,
2025-04-28 07:34:09,159.88,64.0,201.0,24.0,158.0,56.0,437.0,32.0,180.44,41.120000000000005,120.0,56.0,0.3507848343840835,176,64.0,-66.0,0.36,151.0,
2025-04-28 07:34:10,160.0,55.0,200.38,24.0,158.0,56.0,275.0,32.0,180.19,40.38,111.0,56.0,0.3671920478903751,167,55.0,-9.0,0.33,160.0,3.0
2025-04-28 07:34:11,160.0,35.0,199.0,21.0,158.0,49.0,543.43,28.0,179.5,39.0,84.0,49.0,0.3671920478903751,133,35.0,-34.0,0.26,160.0,
2025-04-28 07:34:12,160.0,50.0,198.78,27.0,158.0,70.0,387.86,37.0,179.39,38.78,120.0,64.0,0.4488095364783085,184,56.0,51.0,0.3,160.0,
2025-04-28 07:34:13,160.0,55.0,197.42,24.0,158.0,77.0,198.48,31.0,178.71,37.41999999999999,132.0,55.0,0.6872626863388273,187,77.0,3.0,0.41,160.0,
2025-04-28 07:34:14,158.16,61.0,195.7,20.0,157.05,143.0,196.84,25.0,176.93,37.53999999999999,204.0,45.0,1.2421272076696024,249,159.0,62.0,0.64,160.0,5.0
2025-04-28 07:34:15,158.0,70.0,194.86,28.0,157.0,170.0,195.73,22.0,176.43,36.860000000000014,240.0,50.0,1.4240505609115377,290,190.0,41.0,0.66,160.0,
2025-04-28 07:34:16,158.0,75.0,192.0,36.0,157.0,238.0,193.26,34.0,175.0,34.0,313.0,70.0,1.7705705295276175,383,243.0,93.0,0.63,158.0,3.0
2025-04-28 07:34:17,158.0,38.0,189.21,28.0,157.0,238.0,190.88,34.0,173.61,31.210000000000008,276.0,62.0,1.9373641887964053,338,214.0,-45.0,0.63,158.0,3.0
2025-04-28 07:34:18,157.08,91.0,186.38,26.0,156.61,137.0,188.08,26.0,171.73,29.299999999999983,228.0,52.0,2.124664679432892,280,176.0,-58.0,0.63,157.25,4.0
2025-04-28 07:34:19,157.0,182.0,184.85,26.0,154.0,39.0,188.0,26.0,170.92,27.849999999999994,221.0,52.0,2.2709623510813164,273,169.0,-7.0,0.62,157.25,
2025-04-28 07:34:20,157.0,210.0,180.87,30.0,154.0,45.0,182.95,40.0,168.93,23.870000000000005,255.0,70.0,2.3584465226134834,325,185.0,52.0,0.57,157.25,
2025-04-28 07:34:21,157.02,150.0,177.96,47.0,155.41,74.0,179.71,51.0,167.49,20.94,224.0,98.0,2.391647967412107,322,126.0,-3.0,0.39,157.12,8.0
2025-04-28 07:34:22,157.68,44.0,173.65,51.0,156.33,30.0,175.64,53.0,165.66,15.97,74.0,104.0,2.4781706963050816,178,-30.0,-144.0,-0.17,157.0,5.0
2025-04-28 07:34:23,157.63,19.0,169.57,51.0,155.46,26.0,170.96,48.0,163.6,11.939999999999998,45.0,99.0,2.8361505601825776,144,-54.0,-34.0,-0.38,158.5,4.0
2025-04-28 07:34:24,157.14,14.0,166.08,36.0,155.15,26.0,167.05,42.0,161.61,8.940000000000026,40.0,78.0,2.9361488381930667,118,-38.0,-26.0,-0.32,158.5,
2025-04-28 07:34:25,158.0,15.0,163.17,60.0,157.0,15.0,164.43,35.0,160.58,5.169999999999988,30.0,95.0,2.8407516610962595,125,-65.0,7.0,-0.52,158.5,
2025-04-28 07:34:26,158.0,17.0,161.63,67.0,156.0,17.0,162.81,52.0,159.81,3.629999999999996,34.0,119.0,2.3771137961864515,153,-85.0,28.0,-0.56,158.5,
2025-04-28 07:34:27,157.27,15.0,159.82,67.0,155.1,50.0,160.73,75.0,158.54,2.549999999999983,65.0,142.0,1.912346725889146,207,-77.0,54.0,-0.37,156.0,5.0
2025-04-28 07:34:28,155.0,8.0,159.0,24.0,154.0,24.0,160.0,40.0,157.0,4.0,32.0,64.0,1.7948453972468004,96,-32.0,-111.0,-0.33,156.0,
2025-04-28 07:34:29,153.81,36.0,156.53,57.0,152.99,71.0,213.57,63.0,155.17,2.719999999999999,107.0,120.0,2.178933225231357,227,-13.0,131.0,-0.06,154.25,4.0
2025-04-28 07:34:31,152.0,87.0,171.29,14.0,151.0,6.0,300.5,12.0,161.64,19.289999999999992,93.0,26.0,3.334089080995929,119,67.0,-174.5,0.56,153.0,7.0
2025-04-28 07:34:32,153.32,177.0,246.75,24.0,151.94,77.0,442.08,24.0,200.04,93.43,254.0,48.0,19.664464142203887,302,206.0,173.5,0.68,154.0,3.0
2025-04-28 07:34:33,154.14,84.0,280.64,22.0,153.14,126.0,457.29,28.0,217.39,126.5,210.0,50.0,29.398218823595958,260,160.0,-42.0,0.62,154.0,
2025-04-28 07:34:34,154.0,87.0,295.4,20.0,152.0,70.0,484.0,20.0,224.7,141.39999999999998,157.0,40.0,32.52211140132267,197,117.0,-63.0,0.59,154.0,3.0
2025-04-28 07:34:35,154.0,105.0,290.92,25.0,152.0,98.0,546.05,19.0,222.46,136.92000000000002,203.0,44.0,26.22423649984976,247,159.0,50.0,0.64,154.0,
2025-04-28 07:34:36,154.0,75.0,193.0,5.0,152.0,70.0,295.0,20.0,173.5,39.0,145.0,25.0,21.38361335228576,170,120.0,-77.0,0.71,154.0,
2025-04-28 07:34:37,154.0,120.0,190.0,8.0,152.0,112.0,240.56,27.0,172.0,36.0,232.0,35.0,26.846802416676173,267,197.0,97.0,0.74,154.0,
2025-04-28 07:34:38,154.0,150.0,180.5,16.0,152.0,140.0,242.19,37.0,167.25,26.5,290.0,53.0,28.947851733765013,343,237.0,76.0,0.69,154.0,
2025-04-28 07:34:39,154.0,120.0,179.38,32.0,152.0,112.0,311.24,21.0,166.69,25.379999999999995,232.0,53.0,23.70705696622913,285,179.0,-58.0,0.63,154.0,
2025-04-28 07:34:40,154.0,195.0,178.85,52.0,152.0,182.0,295.35,31.0,166.42,24.849999999999994,377.0,83.0,3.322539691263956,460,294.0,173.5,0.64,154.0,
2025-04-28 07:34:41,154.4,168.0,178.0,44.0,152.73,154.0,201.88,32.0,166.2,23.599999999999994,322.0,76.0,2.4290059695322355,398,246.0,-62.0,0.62,154.0,1.0
2025-04-28 07:34:42,155.0,164.0,177.0,48.0,152.17,168.0,200.0,48.0,166.0,22.0,332.0,96.0,0.4858703531007567,428,236.0,30.0,0.55,155.0,5.0
2025-04-28 07:34:43,155.0,60.0,161.33,15.0,152.09,44.0,178.73,11.0,158.17,6.3300000000000125,104.0,26.0,3.657161467589416,130,78.0,-174.5,0.6,157.0,2.0
2025-04-28 07:34:44,155.09,108.0,156.65,34.0,154.17,47.0,195.0,27.0,155.87,1.5600000000000025,155.0,61.0,5.099193073420427,216,94.0,86.0,0.44,155.0,11.0
2025-04-28 07:34:45,155.0,26.0,156.4,25.0,153.0,26.0,219.78,49.0,155.7,1.4000000000000057,52.0,74.0,5.305258711883613,126,-22.0,-90.0,-0.17,156.0,1.0
2025-04-28 07:34:46,155.0,12.0,156.0,6.0,153.0,12.0,245.0,24.0,155.5,1.0,24.0,30.0,4.466494150899012,54,-6.0,-72.0,-0.11,156.0,
2025-04-28 07:34:47,152.34,71.0,156.0,7.0,151.34,47.0,301.14,28.0,154.17,3.6599999999999966,118.0,35.0,1.4443926059119028,153,83.0,99.0,0.54,154.0,4.0
2025-04-28 07:34:48,152.0,211.0,156.0,11.0,151.0,143.0,356.54,26.0,154.0,4.0,354.0,37.0,0.8908254599034733,391,317.0,173.5,0.81,152.0,4.0
2025-04-28 07:34:52,152.07,56.0,452.38,24.0,151.57,92.0,603.23,22.0,302.22,300.31,148.0,46.0,66.74049655194395,194,102.0,-158.0,0.53,153.0,2.0
2025-04-28 07:34:53,153.42,12.0,155.0,48.0,152.0,156.0,213.91,33.0,154.21,1.5800000000000125,168.0,81.0,66.71787556569859,249,87.0,55.0,0.35,153.0,
2025-04-28 07:34:54,152.47,17.0,155.0,19.0,151.84,62.0,196.0,20.0,153.74,2.530000000000001,79.0,39.0,66.63128829611537,118,40.0,-131.0,0.34,155.0,1.0
2025-04-28 07:34:55,152.0,39.0,155.0,9.0,151.0,30.0,196.0,12.0,153.5,3.0,69.0,21.0,66.51812970912549,90,48.0,-28.0,0.53,155.0,
2025-04-28 07:34:56,153.51,43.0,155.0,24.0,152.0,104.0,196.0,32.0,154.26,1.490000000000009,147.0,56.0,66.31919164163601,203,91.0,113.0,0.45,154.0,5.0
2025-04-28 07:34:59,153.0,64.0,157.0,10.0,152.0,110.0,266.93,28.0,155.0,4.0,174.0,38.0,0.6178349294207183,212,136.0,9.0,0.64,153.0,1.0
2025-04-28 07:35:00,153.0,24.0,157.0,9.0,152.0,99.0,375.0,23.0,155.0,4.0,123.0,32.0,0.6634907685963636,155,91.0,-57.0,0.59,153.0,5.0
2025-04-28 07:35:01,153.0,6.0,157.0,6.0,152.0,66.0,343.0,30.0,155.0,4.0,72.0,36.0,0.7258098924737335,108,36.0,-47.0,0.33,153.0,
2025-04-28 07:35:02,152.15,33.0,157.0,9.0,151.58,95.0,194.18,33.0,154.58,4.849999999999994,128.0,42.0,0.5814808681400411,170,86.0,62.0,0.51,152.2,5.0
2025-04-28 07:35:03,152.0,21.0,157.0,3.0,151.0,30.0,201.0,3.0,154.5,5.0,51.0,6.0,0.2535350074704723,57,45.0,-113.0,0.79,152.2,
2025-04-28 07:35:04,153.25,72.0,156.24,25.0,151.37,95.0,200.33,15.0,154.75,2.990000000000009,167.0,40.0,0.2319051530540143,207,127.0,150.0,0.61,155.0,7.0
2025-04-28 07:35:05,155.0,14.0,158.0,7.0,152.0,49.0,219.36,11.0,156.5,3.0,63.0,18.0,0.8241844453842141,81,45.0,-126.0,0.56,155.0,
2025-04-28 07:35:06,155.0,10.0,158.0,5.0,152.0,35.0,323.0,25.0,156.5,3.0,45.0,30.0,1.0391246316075708,75,15.0,-6.0,0.2,155.0,
2025-04-28 07:35:07,155.0,10.0,158.0,5.0,152.22,27.0,338.0,25.0,156.5,3.0,37.0,30.0,1.0307764064111813,67,7.0,-8.0,0.1,155.0,
2025-04-28 07:35:08,155.0,20.0,158.0,10.0,152.02,129.0,338.2,50.0,156.5,3.0,149.0,60.0,0.7826237921340973,209,89.0,142.0,0.43,155.0,
2025-04-28 07:35:09,156.03,29.0,158.0,10.0,152.17,104.0,360.05,38.0,157.02,1.9699999999999989,133.0,48.0,0.2325510696918572,181,85.0,-28.0,0.47,157.0,5.0
2025-04-28 07:35:10,155.14,14.0,158.0,9.0,152.11,53.0,328.0,45.0,156.57,2.8600000000000136,67.0,54.0,0.2267597848271201,121,13.0,-60.0,0.11,155.0,1.0
2025-04-28 07:35:11,156.1,21.0,306.95,39.0,155.17,12.0,432.37,19.0,231.52,150.85,33.0,58.0,33.48470277604432,91,-25.0,-30.0,-0.27,157.33,3.0
2025-04-28 07:35:12,156.0,7.0,332.93,15.0,155.0,7.0,655.0,4.0,244.47,176.93,14.0,19.0,44.76414111764068,33,-5.0,-58.0,-0.15,157.33,
2025-04-28 07:35:13,156.0,5.0,158.0,5.0,155.0,41.0,392.0,2.0,157.0,2.0,46.0,7.0,44.67325072120954,53,39.0,20.0,0.74,157.33,
2025-04-28 07:35:14,156.38,8.0,210.0,9.0,155.0,80.0,369.5,16.0,183.19,53.620000000000005,88.0,25.0,41.353112942075526,113,63.0,60.0,0.56,158.0,1.0
2025-04-28 07:35:15,157.86,14.0,364.38,16.0,155.46,26.0,463.88,16.0,261.12,206.52,40.0,32.0,43.71288082476464,72,8.0,-41.0,0.11,158.0,
2025-04-28 07:35:16,158.9,20.0,318.0,24.0,156.09,46.0,597.0,24.0,238.45,159.1,66.0,48.0,44.45299573707128,114,18.0,42.0,0.16,158.0,
2025-04-28 07:35:17,160.0,8.0,263.38,16.0,159.0,16.0,284.25,16.0,211.69,103.38,24.0,32.0,41.69193147360854,56,-8.0,-58.0,-0.14,158.0,
2025-04-28 07:35:18,160.0,9.0,257.72,36.0,159.0,18.0,264.92,24.0,208.86,97.72000000000004,27.0,60.0,29.90483857171078,87,-33.0,31.0,-0.38,158.0,
2025-04-28 07:35:19,160.0,10.0,188.38,32.0,159.0,20.0,218.0,20.0,174.19,28.379999999999995,30.0,52.0,32.85001324200767,82,-22.0,-5.0,-0.27,158.0,
2025-04-28 07:35:20,160.0,11.0,174.7,20.0,159.0,22.0,179.16,32.0,167.35,14.699999999999989,33.0,52.0,29.26464795619557,85,-19.0,3.0,-0.22,158.0,
2025-04-28 07:35:21,155.13,67.0,170.45,55.0,153.55,88.0,173.0,11.0,162.79,15.319999999999991,155.0,66.0,23.46974392702333,221,89.0,136.0,0.4,157.6,5.0
2025-04-28 07:35:22,158.0,9.0,166.97,33.0,155.0,72.0,168.76,21.0,162.48,8.969999999999999,81.0,54.0,19.438511517089967,135,27.0,-86.0,0.2,157.6,
2025-04-28 07:35:23,155.75,40.0,160.87,31.0,154.33,120.0,163.22,69.0,158.31,5.1200000000000045,160.0,100.0,6.040826102449025,260,60.0,125.0,0.23,156.0,3.0
2025-04-28 07:35:24,155.0,84.0,157.5,14.0,153.0,112.0,160.0,56.0,156.25,2.5,196.0,70.0,4.317554863580332,266,126.0,6.0,0.47,156.0,
2025-04-28 07:35:25,154.7,46.0,156.23,26.0,152.88,82.0,159.57,28.0,155.46,1.5300000000000011,128.0,54.0,3.4288438284681417,182,74.0,-84.0,0.41,154.71,7.0
2025-04-28 07:35:26,153.0,91.0,155.54,13.0,152.0,130.0,160.0,52.0,154.27,2.539999999999992,221.0,65.0,3.221293218572723,286,156.0,104.0,0.55,155.0,1.0
2025-04-28 07:35:27,153.98,55.0,159.92,52.0,152.52,83.0,231.14,44.0,156.95,5.939999999999998,138.0,96.0,1.5229970453095871,234,42.0,-52.0,0.18,155.0,
2025-04-28 07:35:28,155.0,33.0,158.89,45.0,152.06,85.0,465.89,38.0,156.94,3.8899999999999855,118.0,83.0,1.1324442591233823,201,35.0,-33.0,0.17,155.0,
2025-04-28 07:35:29,155.0,39.0,157.78,36.0,153.0,9.0,288.0,18.0,156.39,2.780000000000001,48.0,54.0,1.1426591792925511,102,-6.0,-99.0,-0.06,155.0,
2025-04-28 07:35:30,154.96,52.0,157.0,52.0,152.75,16.0,275.29,34.0,155.98,2.039999999999992,68.0,86.0,1.1040063405712923,154,-18.0,52.0,-0.12,155.0,4.0
2025-04-28 07:35:31,152.33,18.0,156.15,33.0,151.4,40.0,183.0,48.0,154.24,3.819999999999993,58.0,81.0,1.116490035791459,139,-23.0,-15.0,-0.17,153.0,1.0
2025-04-28 07:35:40,152.32,37.0,156.5,40.0,148.86,28.0,173.04,54.0,154.41,4.180000000000007,65.0,94.0,1.702600951491131,159,-29.0,82.0,-0.18,154.0,2.0
2025-04-28 07:35:41,149.83,41.0,172.63,57.0,143.81,52.0,304.0,48.0,161.23,22.799999999999983,93.0,105.0,4.086273363349576,198,-12.0,39.0,-0.06,150.0,2.0
2025-04-28 07:35:42,151.19,42.0,159.0,32.0,149.25,16.0,288.11,54.0,155.1,7.810000000000002,58.0,86.0,3.469557608690337,144,-28.0,-54.0,-0.19,151.0,2.0
2025-04-28 07:35:43,155.29,34.0,159.0,32.0,153.48,31.0,322.36,56.0,157.15,3.710000000000008,65.0,88.0,3.178603466936664,153,-23.0,9.0,-0.15,155.0,2.0
2025-04-28 07:35:44,156.64,22.0,159.0,22.0,155.64,22.0,201.11,38.0,157.82,2.3600000000000136,44.0,60.0,2.683518213096861,104,-16.0,-49.0,-0.15,155.0,
2025-04-28 07:35:45,158.0,18.0,159.0,18.0,156.89,18.0,345.44,18.0,158.5,1.0,36.0,36.0,2.2270945197775687,72,0.0,-32.0,0.0,155.0,
2025-04-28 07:35:46,158.0,19.0,159.0,22.0,156.0,22.0,355.23,26.0,158.5,1.0,41.0,48.0,1.4096027809361074,89,-7.0,17.0,-0.08,158.0,1.0
2025-04-28 07:35:47,156.44,18.0,159.0,22.0,152.82,22.0,208.0,44.0,157.72,2.5600000000000023,40.0,66.0,0.5731666424551125,106,-26.0,17.0,-0.25,158.0,
2025-04-28 07:35:48,156.58,62.0,159.0,30.0,152.73,30.0,208.0,60.0,157.79,2.4199999999999875,92.0,90.0,0.3978441906367164,182,2.0,76.0,0.01,158.0,
2025-04-28 07:35:49,157.0,120.0,159.0,16.0,154.0,16.0,310.8,20.0,158.0,2.0,136.0,36.0,0.3776506322295961,172,100.0,-10.0,0.58,157.0,4.0
2025-04-28 07:35:50,157.29,98.0,159.0,14.0,154.0,14.0,379.71,14.0,158.14,1.710000000000008,112.0,28.0,0.3112876483629759,140,84.0,-32.0,0.6,157.0,
2025-04-28 07:35:51,158.0,128.0,159.0,22.0,154.0,22.0,422.22,18.0,158.5,1.0,150.0,40.0,0.3112876483629759,190,110.0,50.0,0.58,158.0,4.0
2025-04-28 07:35:52,158.0,71.0,159.0,22.0,154.0,22.0,447.67,18.0,158.5,1.0,93.0,40.0,0.3125379977274579,133,53.0,-57.0,0.4,158.0,10.0
2025-04-28 07:35:53,154.0,9.0,159.0,18.0,153.0,18.0,270.2,10.0,156.5,5.0,27.0,28.0,0.8282028737110535,55,-1.0,-78.0,-0.02,156.0,2.0
2025-04-28 07:35:54,153.83,12.0,159.0,22.0,152.82,22.0,273.83,12.0,156.42,5.169999999999988,34.0,34.0,1.0622240818315891,68,0.0,13.0,0.0,154.0,1.0
2025-04-28 07:35:55,153.0,16.0,158.18,22.0,151.0,16.0,183.0,14.0,155.59,5.180000000000007,32.0,36.0,1.3249981132146915,68,-4.0,0.0,-0.06,154.0,
2025-04-28 07:35:56,154.73,30.0,156.53,51.0,152.77,31.0,157.63,49.0,155.63,1.8000000000000114,61.0,100.0,1.1818925501169584,161,-39.0,93.0,-0.24,155.0,2.0
2025-04-28 07:35:57,152.89,27.0,155.38,39.0,151.95,38.0,157.11,44.0,154.14,2.490000000000009,65.0,83.0,0.948593695963206,148,-18.0,-13.0,-0.12,153.0,2.0
2025-04-28 07:36:02,151.0,11.0,156.0,11.0,148.29,48.0,162.0,22.0,153.5,5.0,59.0,33.0,1.0481889142790488,92,26.0,-54.0,0.28,153.0,
2025-04-28 07:36:03,152.81,16.0,156.0,16.0,150.46,26.0,162.0,32.0,154.41,3.1899999999999977,42.0,48.0,1.5913736204983375,90,-6.0,-2.0,-0.07,153.0,
2025-04-28 07:36:04,152.0,28.0,156.0,8.0,149.17,24.0,162.0,16.0,154.0,4.0,52.0,24.0,1.5277663433976305,76,28.0,-14.0,0.37,153.0,
2025-04-28 07:36:05,152.84,62.0,156.0,15.0,151.59,73.0,162.0,30.0,154.42,3.1599999999999966,135.0,45.0,1.2020274539373774,180,90.0,104.0,0.5,153.0,
2025-04-28 07:36:06,154.0,28.0,156.0,7.0,152.0,70.0,162.0,14.0,155.0,2.0,98.0,21.0,0.5569380576148701,119,77.0,-61.0,0.65,153.0,
2025-04-28 07:36:07,154.04,25.0,156.0,7.0,152.3,37.0,162.0,14.0,155.02,1.960000000000008,62.0,21.0,0.4360045871548993,83,41.0,-36.0,0.49,153.0,
2025-04-28 07:36:08,155.0,14.0,161.0,12.0,152.28,58.0,197.22,9.0,158.0,6.0,72.0,21.0,1.5749666663205282,93,51.0,10.0,0.55,156.0,1.0
2025-04-28 07:36:09,155.09,11.0,161.29,21.0,152.06,51.0,169.0,9.0,158.19,6.199999999999989,62.0,30.0,1.8147672027071744,92,32.0,-1.0,0.35,156.0,
2025-04-28 07:36:10,154.5,22.0,160.5,60.0,152.5,50.0,162.0,24.0,157.5,6.0,72.0,84.0,1.6010683932993697,156,-12.0,64.0,-0.08,156.4,5.0
2025-04-28 07:36:11,152.8,35.0,159.55,55.0,151.93,108.0,162.0,22.0,156.17,6.75,143.0,77.0,1.3483805101018296,220,66.0,64.0,0.3,152.5,6.0
2025-04-28 07:36:12,152.0,28.0,158.75,20.0,151.0,32.0,162.0,8.0,155.38,6.75,60.0,28.0,1.2214622384759013,88,32.0,-132.0,0.36,152.5,
2025-04-28 07:36:13,152.0,35.0,155.91,22.0,151.0,40.0,157.58,19.0,153.95,3.9099999999999966,75.0,41.0,1.686614953100369,116,34.0,28.0,0.29,152.5,
2025-04-28 07:36:17,150.46,26.0,155.36,70.0,149.26,47.0,170.87,99.0,152.91,4.900000000000006,73.0,169.0,0.7357105409182934,242,-96.0,94.0,-0.4,151.0,2.0
2025-04-28 07:36:18,150.0,24.0,156.53,75.0,149.0,62.0,158.36,70.0,153.27,6.530000000000001,86.0,145.0,0.4968198868988217,231,-59.0,-11.0,-0.26,151.0,
2025-04-28 07:36:19,150.0,18.0,154.68,37.0,149.0,54.0,157.0,60.0,152.34,4.680000000000007,72.0,97.0,0.5142664679114046,169,-25.0,-62.0,-0.15,151.0,
2025-04-28 07:36:22,153.0,88.0,156.36,55.0,150.0,19.0,157.36,55.0,154.68,3.3600000000000136,107.0,110.0,1.0574828603899502,217,-3.0,-75.0,-0.01,154.0,4.0
2025-04-28 07:36:23,153.0,48.0,156.0,30.0,150.0,6.0,157.0,30.0,154.5,3.0,54.0,60.0,1.2577678641222954,114,-6.0,-103.0,-0.05,154.0,
2025-04-28 07:36:24,153.0,120.0,156.0,75.0,150.0,15.0,157.07,75.0,154.5,3.0,135.0,150.0,1.2361148814002654,285,-15.0,171.0,-0.05,154.0,
2025-04-28 07:36:25,153.0,76.0,155.0,36.0,150.0,9.0,156.0,45.0,154.0,2.0,85.0,81.0,0.7675154721695047,166,4.0,-119.0,0.02,154.0,
2025-04-28 07:36:26,153.0,113.0,155.0,96.0,150.0,14.0,156.57,70.0,154.0,2.0,127.0,166.0,0.3154045022186971,293,-39.0,127.0,-0.13,154.0,
2025-04-28 07:36:27,153.0,80.0,154.53,34.0,149.6,10.0,155.24,82.0,153.76,1.5300000000000011,90.0,116.0,0.3324454842822318,206,-26.0,-87.0,-0.13,154.0,
2025-04-28 07:36:29,153.0,33.0,154.94,63.0,151.0,26.0,155.75,73.0,153.97,1.9399999999999975,59.0,136.0,0.2178990592438293,195,-77.0,30.0,-0.39,153.0,3.0
2025-04-28 07:36:30,150.0,10.0,154.69,65.0,149.0,10.0,155.5,50.0,152.35,4.689999999999998,20.0,115.0,0.6818577564411759,135,-95.0,-60.0,-0.7,151.6,5.0
2025-04-28 07:36:41,142.8,40.0,298.1,39.0,111.47,43.0,430.58,36.0,220.45,155.3,83.0,75.0,34.95485617192588,158,8.0,-8.0,0.05,147.2,10.0
2025-04-28 07:36:42,133.28,57.0,221.96,27.0,95.0,79.0,288.67,48.0,177.62,88.68,136.0,75.0,34.55233754755289,211,61.0,53.0,0.29,145.25,4.0
2025-04-28 07:36:43,149.97,40.0,366.03,59.0,125.42,36.0,587.61,49.0,258.0,216.06,76.0,108.0,50.50230757104138,184,-32.0,-27.0,-0.17,150.8,5.0
2025-04-28 07:36:44,154.45,22.0,214.0,28.0,149.67,36.0,345.4,30.0,184.23,59.55000000000001,58.0,58.0,44.09887130074957,116,0.0,-68.0,0.0,150.8,
2025-04-28 07:36:45,155.0,12.0,190.17,24.0,154.0,36.0,549.17,29.0,172.58,35.16999999999999,48.0,53.0,36.22995073140566,101,-5.0,-15.0,-0.05,150.8,
2025-04-28 07:36:46,155.0,22.0,311.74,46.0,152.86,42.0,398.31,52.0,233.37,156.74,64.0,98.0,38.22905504979276,162,-34.0,61.0,-0.21,150.8,
2025-04-28 07:36:47,152.19,32.0,243.2,50.0,111.37,60.0,349.96,49.0,197.69,91.01,92.0,99.0,35.576083679911854,191,-7.0,29.0,-0.04,155.0,2.0
2025-04-28 07:36:48,152.0,15.0,218.0,25.0,135.44,50.0,337.0,20.0,185.0,66.0,65.0,45.0,23.43733623942943,110,20.0,-81.0,0.18,155.0,
2025-04-28 07:36:49,154.04,53.0,218.0,65.0,129.59,64.0,319.87,60.0,186.02,63.96000000000001,117.0,125.0,23.25277768353864,242,-8.0,132.0,-0.03,152.0,1.0
2025-04-28 07:36:50,155.0,84.0,215.73,56.0,152.0,32.0,232.78,77.0,185.37,60.72999999999999,116.0,133.0,20.74770951213834,249,-17.0,7.0,-0.07,155.0,1.0
2025-04-28 07:36:51,155.0,21.0,212.83,54.0,152.0,26.0,214.3,53.0,183.92,57.83000000000001,47.0,107.0,5.691656173739156,154,-60.0,-95.0,-0.39,155.0,4.0
2025-04-28 07:36:52,155.0,9.0,211.56,45.0,152.0,18.0,213.0,36.0,183.28,56.56,27.0,81.0,1.1073030299151834,108,-54.0,-46.0,-0.5,155.0,
2025-04-28 07:36:53,150.77,13.0,208.54,65.0,148.33,15.0,212.43,53.0,179.65,57.76999999999998,28.0,118.0,2.4892308048989658,146,-90.0,38.0,-0.62,151.8,5.0
2025-04-28 07:36:54,150.59,32.0,197.18,67.0,147.56,16.0,199.03,60.0,173.89,46.59,48.0,127.0,4.608412958932265,175,-79.0,29.0,-0.45,151.8,
2025-04-28 07:36:55,156.6,45.0,182.18,67.0,153.74,27.0,185.55,71.0,169.39,25.580000000000013,72.0,138.0,6.258356813098029,210,-66.0,35.0,-0.31,151.8,
2025-04-28 07:36:56,157.0,33.0,169.84,37.0,156.0,11.0,170.71,49.0,163.42,12.840000000000003,44.0,86.0,7.924867822244414,130,-42.0,-80.0,-0.32,151.8,
2025-04-28 07:36:57,157.4,30.0,168.0,30.0,156.2,10.0,169.0,50.0,162.7,10.599999999999994,40.0,80.0,7.15947972970377,120,-40.0,-10.0,-0.33,151.8,
2025-04-28 07:36:58,159.26,73.0,165.71,62.0,158.41,34.0,166.93,56.0,162.48,6.450000000000017,107.0,118.0,5.073808234456076,225,-11.0,105.0,-0.05,151.8,
2025-04-28 07:36:59,160.0,64.0,163.63,57.0,159.0,48.0,165.05,57.0,161.82,3.629999999999996,112.0,114.0,3.0876398753790784,226,-2.0,1.0,-0.01,160.0,4.0
2025-04-28 07:37:00,157.86,29.0,161.39,67.0,153.46,39.0,162.34,53.0,159.63,3.5299999999999727,68.0,120.0,1.447895023828785,188,-52.0,-38.0,-0.28,159.0,3.0
2025-04-28 07:37:01,153.91,23.0,155.94,31.0,151.61,69.0,158.68,37.0,154.92,2.030000000000001,92.0,68.0,3.2486766536585,160,24.0,-28.0,0.15,154.5,2.0
2025-04-28 07:37:02,153.0,35.0,154.73,44.0,151.58,36.0,155.75,24.0,153.86,1.7299999999999898,71.0,68.0,3.952115888992031,139,3.0,-21.0,0.02,154.25,8.0
2025-04-28 07:37:03,153.0,39.0,154.69,26.0,151.39,41.0,159.0,39.0,153.85,1.6899999999999975,80.0,65.0,3.677244892582062,145,15.0,6.0,0.1,154.25,
2025-04-28 07:37:05,151.0,23.0,238.86,7.0,125.0,21.0,671.0,16.0,194.93,87.86000000000001,44.0,23.0,18.375919840923025,67,21.0,-15.0,0.31,151.5,4.0
2025-04-28 07:37:06,151.03,34.0,241.82,33.0,134.06,48.0,471.19,27.0,196.42,90.79,82.0,60.0,23.09700045460536,142,22.0,75.0,0.15,151.5,
2025-04-28 07:37:07,152.92,12.0,248.0,48.0,151.0,36.0,319.5,12.0,200.46,95.08,48.0,60.0,24.14071726357885,108,-12.0,-34.0,-0.11,151.5,
2025-04-28 07:37:08,154.56,9.0,325.33,36.0,151.0,27.0,607.89,9.0,239.94,170.76999999999998,36.0,45.0,30.857518046662125,81,-9.0,-27.0,-0.11,151.5,
2025-04-28 07:37:09,155.27,15.0,412.09,43.0,151.43,42.0,479.27,22.0,283.68,256.81999999999994,57.0,65.0,38.63761742136951,122,-8.0,41.0,-0.07,156.0,1.0
2025-04-28 07:37:10,154.0,8.0,395.75,16.0,133.67,18.0,548.0,4.0,274.88,241.75,26.0,20.0,40.56759642867862,46,6.0,-76.0,0.13,153.4,5.0
2025-04-28 07:37:12,151.15,27.0,385.0,28.0,131.5,40.0,534.86,7.0,268.07,233.85,67.0,35.0,40.51384430043881,102,32.0,22.0,0.31,153.4,
2025-04-28 07:37:13,153.0,12.0,371.58,53.0,151.0,60.0,404.52,31.0,262.29,218.58,72.0,84.0,35.46391306666828,156,-12.0,54.0,-0.08,153.4,
2025-04-28 07:37:14,151.04,49.0,173.25,65.0,128.36,53.0,273.3,53.0,162.14,22.210000000000008,102.0,118.0,66.74883167516997,220,-16.0,64.0,-0.07,151.67,3.0
2025-04-28 07:37:15,152.42,64.0,171.91,44.0,145.58,36.0,172.55,44.0,162.17,19.49000000000001,100.0,88.0,79.67312865703306,188,12.0,-32.0,0.06,151.67,
2025-04-28 07:37:16,153.0,77.0,171.0,11.0,151.0,33.0,172.0,55.0,162.0,18.0,110.0,66.0,56.49442388413296,176,44.0,-12.0,0.25,151.67,
2025-04-28 07:37:17,153.85,91.0,171.0,13.0,151.0,39.0,172.0,65.0,162.42,17.150000000000006,130.0,78.0,44.769690975034266,208,52.0,32.0,0.25,151.67,
2025-04-28 07:37:18,156.53,105.0,167.3,61.0,154.26,73.0,169.18,67.0,161.91,10.77000000000001,178.0,128.0,0.1943450540576665,306,50.0,98.0,0.16,151.67,
2025-04-28 07:37:19,159.0,108.0,162.11,64.0,158.0,126.0,163.52,66.0,160.55,3.1100000000000136,234.0,130.0,0.7306503952207503,364,104.0,58.0,0.29,159.0,1.0
2025-04-28 07:37:20,158.24,55.0,160.0,35.0,153.28,89.0,161.09,43.0,159.12,1.759999999999991,144.0,78.0,1.3584366014045102,222,66.0,-142.0,0.3,158.55,11.0
2025-04-28 07:37:21,158.0,14.0,159.0,40.0,152.84,99.0,168.0,10.0,158.5,1.0,113.0,50.0,1.7015728018614211,163,63.0,-59.0,0.39,158.0,1.0
2025-04-28 07:37:22,158.0,7.0,159.0,35.0,155.0,42.0,180.0,14.0,158.5,1.0,49.0,49.0,1.4850690219762643,98,0.0,-65.0,0.0,158.0,
2025-04-28 07:37:23,155.23,13.0,158.29,35.0,153.5,24.0,180.0,14.0,156.76,3.0600000000000023,37.0,49.0,1.3639574773548655,86,-12.0,-12.0,-0.14,155.6,5.0
2025-04-28 07:37:24,153.05,40.0,156.0,55.0,152.09,99.0,180.0,22.0,154.53,2.9499999999999886,139.0,77.0,1.8702459731358103,216,62.0,130.0,0.29,153.0,3.0
2025-04-28 07:37:25,152.91,127.0,154.93,70.0,151.96,141.0,180.0,28.0,153.92,2.0200000000000102,268.0,98.0,2.155694783597485,366,170.0,150.0,0.46,153.25,8.0
2025-04-28 07:37:26,153.06,17.0,293.41,22.0,151.13,30.0,465.92,13.0,223.23,140.35000000000002,47.0,35.0,30.15375217116512,82,12.0,-174.5,0.15,153.0,5.0
2025-04-28 07:37:27,155.6,10.0,330.7,10.0,152.0,20.0,558.5,10.0,243.15,175.1,30.0,20.0,43.37670653703514,50,10.0,-32.0,0.2,153.0,
2025-04-28 07:37:28,157.5,10.0,164.2,10.0,152.0,22.0,619.4,10.0,160.85,6.699999999999989,32.0,20.0,42.713442614709344,52,12.0,2.0,0.23,153.0,
2025-04-28 07:37:29,158.0,8.0,174.0,8.0,152.0,41.0,596.5,8.0,166.0,16.0,49.0,16.0,40.7891523569695,65,33.0,13.0,0.51,153.0,
2025-04-28 07:37:30,158.67,6.0,347.0,6.0,152.0,42.0,617.5,6.0,252.83,188.33,48.0,12.0,43.176909569816296,60,36.0,-5.0,0.6,153.0,
2025-04-28 07:37:31,159.8,10.0,306.8,50.0,152.0,70.0,337.7,10.0,233.3,147.0,80.0,60.0,44.2165933785055,140,20.0,80.0,0.14,153.0,
2025-04-28 07:37:32,160.0,9.0,305.56,45.0,152.33,55.0,443.89,9.0,232.78,145.56,64.0,54.0,42.55688628177693,118,10.0,-22.0,0.08,153.0,
2025-04-28 07:37:33,152.13,61.0,298.44,39.0,151.92,13.0,340.33,27.0,225.28,146.31,74.0,66.0,32.94365826680619,140,8.0,22.0,0.06,153.89,9.0
2025-04-28 07:37:35,156.31,117.0,302.9,50.0,110.0,12.0,422.4,10.0,229.6,146.58999999999995,129.0,60.0,13.878566208370016,189,69.0,112.0,0.37,158.0,1.0
2025-04-28 07:37:36,158.0,126.0,289.52,33.0,146.77,39.0,322.14,21.0,223.76,131.51999999999998,165.0,54.0,12.938698543520823,219,111.0,30.0,0.51,158.0,
2025-04-28 07:37:37,158.32,62.0,171.89,27.0,156.3,74.0,258.33,15.0,165.11,13.569999999999991,136.0,42.0,26.988779520387563,178,94.0,-41.0,0.53,158.0,
2025-04-28 07:37:38,159.0,53.0,169.31,65.0,158.0,182.0,247.0,13.0,164.15,10.310000000000002,235.0,78.0,31.15725710007344,313,157.0,135.0,0.5,159.0,2.0
2025-04-28 07:37:39,159.0,33.0,168.0,75.0,158.0,210.0,249.94,36.0,163.5,9.0,243.0,111.0,34.25956552555896,354,132.0,41.0,0.37,159.0,2.0
2025-04-28 07:37:40,159.0,11.0,167.09,55.0,158.0,154.0,255.34,35.0,163.05,8.090000000000003,165.0,90.0,26.75793209498919,255,75.0,-99.0,0.29,159.0,
2025-04-28 07:37:41,159.0,16.0,165.32,60.0,158.0,224.0,200.72,60.0,162.16,6.319999999999993,240.0,120.0,1.1145088604576447,360,120.0,105.0,0.33,159.0,
2025-04-28 07:37:42,158.03,97.0,160.08,50.0,156.83,69.0,161.43,28.0,159.06,2.050000000000012,166.0,78.0,1.994174014482477,244,88.0,-116.0,0.36,158.09,11.0
2025-04-28 07:37:43,155.82,33.0,159.96,47.0,152.66,41.0,160.47,19.0,157.89,4.140000000000015,74.0,66.0,2.5073232739389124,140,8.0,-104.0,0.06,158.0,4.0
2025-04-28 07:37:44,155.0,45.0,158.67,15.0,152.0,60.0,160.0,75.0,156.83,3.669999999999988,105.0,90.0,2.699475875060614,195,15.0,55.0,0.08,158.0,
2025-04-28 07:37:45,154.61,41.0,156.46,26.0,152.58,38.0,157.96,48.0,155.54,1.8499999999999943,79.0,74.0,2.521096983464274,153,5.0,-42.0,0.03,155.0,3.0
2025-04-28 07:37:46,152.24,21.0,155.57,23.0,148.32,76.0,190.22,27.0,153.9,3.329999999999984,97.0,50.0,2.010753590082809,147,47.0,-6.0,0.32,153.0,2.0
2025-04-28 07:37:47,152.71,21.0,156.11,36.0,146.84,76.0,455.91,11.0,154.41,3.4000000000000057,97.0,47.0,1.6584420399971562,144,50.0,-3.0,0.35,154.0,1.0
2025-04-28 07:37:48,152.0,40.0,379.59,22.0,145.58,62.0,422.0,18.0,265.8,227.59,102.0,40.0,49.48808068616172,142,62.0,-2.0,0.44,155.0,1.0
2025-04-28 07:37:49,152.0,20.0,333.8,5.0,151.0,5.0,359.82,11.0,242.9,181.8,25.0,16.0,55.22612425293007,41,9.0,-101.0,0.22,155.0,
2025-04-28 07:37:50,152.0,145.0,358.62,13.0,151.0,11.0,359.77,31.0,255.31,206.62,156.0,44.0,55.64815297923275,200,112.0,159.0,0.56,155.0,
2025-04-28 07:37:51,152.0,228.0,322.33,33.0,151.0,13.0,340.42,31.0,237.17,170.32999999999998,241.0,64.0,44.29349128258132,305,177.0,105.0,0.58,152.0,3.0
2025-04-28 07:37:52,152.0,165.0,317.18,11.0,151.0,11.0,319.0,33.0,234.59,165.18,176.0,44.0,13.132255328012896,220,132.0,-85.0,0.6,152.0,
2025-04-28 07:37:53,152.0,150.0,258.78,18.0,151.0,10.0,295.23,22.0,205.39,106.77999999999996,160.0,40.0,18.41540985153768,200,120.0,-20.0,0.6,152.0,
2025-04-28 07:37:54,152.0,150.0,216.05,40.0,151.0,10.0,216.58,26.0,184.03,64.05000000000001,160.0,66.0,28.31687694644484,226,94.0,26.0,0.42,152.0,
2025-04-28 07:37:55,152.5,40.0,212.78,32.0,151.99,136.0,213.3,50.0,182.64,60.28,176.0,82.0,26.36048709717036,258,94.0,32.0,0.36,152.0,
2025-04-28 07:37:56,154.74,34.0,209.3,64.0,152.08,122.0,211.26,42.0,182.02,54.56,156.0,106.0,22.80097212840002,262,50.0,4.0,0.19,152.0,
2025-04-28 07:37:57,155.12,40.0,207.88,34.0,154.0,8.0,209.5,30.0,181.5,52.75999999999999,48.0,64.0,10.25921195804357,112,-16.0,-150.0,-0.14,152.0,
2025-04-28 07:37:58,152.29,96.0,205.62,32.0,152.78,64.0,207.56,36.0,178.96,53.33000000000001,160.0,68.0,1.862659389168967,228,92.0,116.0,0.4,154.75,8.0
2025-04-28 07:37:59,154.94,160.0,202.39,38.0,152.61,141.0,203.46,46.0,178.67,47.44999999999999,301.0,84.0,1.821927550716078,385,217.0,157.0,0.56,154.4,5.0
2025-04-28 07:38:00,155.06,202.0,201.0,39.0,152.57,190.0,202.0,65.0,178.03,45.94,392.0,104.0,1.7977291231043135,496,288.0,111.0,0.58,154.4,
2025-04-28 07:38:01,158.0,16.0,200.81,26.0,155.0,144.0,201.92,38.0,179.4,42.81,160.0,64.0,1.3204809730007026,224,96.0,-174.5,0.43,154.4,
2025-04-28 07:38:02,156.54,35.0,198.7,30.0,154.98,165.0,200.0,50.0,177.62,42.16,200.0,80.0,0.7140238091661562,280,120.0,56.0,0.43,157.0,3.0
2025-04-28 07:38:03,155.0,255.0,195.18,51.0,154.0,45.0,197.2,25.0,175.09,40.18000000000001,300.0,76.0,1.6385267773385446,376,224.0,96.0,0.6,157.0,
2025-04-28 07:38:04,154.95,126.0,184.33,33.0,153.28,47.0,195.65,23.0,169.64,29.380000000000024,173.0,56.0,3.8591877383788686,229,117.0,-147.0,0.51,157.0,
2025-04-28 07:38:05,155.35,34.0,193.27,26.0,154.03,29.0,195.36,22.0,174.31,37.920000000000016,63.0,48.0,3.715288683272552,111,15.0,-118.0,0.14,155.0,3.0
2025-04-28 07:38:06,156.1,40.0,191.82,51.0,154.47,45.0,193.08,39.0,173.96,35.72,85.0,90.0,2.886300400175288,175,-5.0,64.0,-0.03,157.0,2.0
2025-04-28 07:38:07,155.0,6.0,188.48,23.0,153.0,12.0,189.5,18.0,171.74,33.47999999999999,18.0,41.0,2.22875974480221,59,-23.0,-116.0,-0.39,155.0,2.0
2025-04-28 07:38:08,155.0,36.0,186.67,36.0,153.0,24.0,189.0,36.0,170.83,31.669999999999987,60.0,72.0,2.0085890570372804,132,-12.0,73.0,-0.09,155.0,
2025-04-28 07:38:09,155.0,55.0,168.06,34.0,153.0,22.0,171.59,34.0,161.53,13.060000000000002,77.0,68.0,5.210367549419918,145,9.0,13.0,0.06,155.0,
2025-04-28 07:38:10,155.0,32.0,156.1,30.0,153.0,20.0,157.7,30.0,155.55,1.0999999999999943,52.0,60.0,7.845621071657991,112,-8.0,-33.0,-0.07,155.0,3.0
2025-04-28 07:38:11,152.67,18.0,158.0,21.0,151.89,47.0,446.0,35.0,155.33,5.3300000000000125,65.0,56.0,7.971648512073251,121,9.0,9.0,0.07,153.6,5.0
2025-04-28 07:38:12,151.68,22.0,158.0,36.0,147.69,74.0,495.65,57.0,154.84,6.319999999999993,96.0,93.0,6.839764615835537,189,3.0,68.0,0.02,151.6,10.0
2025-04-28 07:38:13,152.07,45.0,157.56,16.0,147.36,55.0,294.67,36.0,154.81,5.490000000000009,100.0,52.0,2.878596880431885,152,48.0,-37.0,0.32,151.6,
2025-04-28 07:38:14,153.0,72.0,155.62,24.0,152.0,80.0,157.0,8.0,154.31,2.6200000000000045,152.0,32.0,0.4858188963292114,184,120.0,32.0,0.65,151.6,
2025-04-28 07:38:15,152.61,103.0,154.84,25.0,151.95,74.0,208.73,15.0,153.73,2.2299999999999898,177.0,40.0,0.6073549209729936,217,137.0,33.0,0.63,154.0,3.0
2025-04-28 07:38:16,152.38,126.0,155.27,11.0,151.94,101.0,254.0,22.0,153.83,2.890000000000015,227.0,33.0,0.5238129437401812,260,194.0,43.0,0.75,154.0,
2025-04-28 07:38:17,152.12,102.0,267.35,48.0,151.94,101.0,634.38,52.0,209.74,115.23000000000002,203.0,100.0,24.85537326213473,303,103.0,43.0,0.34,153.33,9.0
2025-04-28 07:38:18,152.0,112.0,411.48,31.0,151.0,8.0,651.77,31.0,281.74,259.48,120.0,62.0,56.34981943183199,182,58.0,-121.0,0.32,152.0,4.0
2025-04-28 07:38:19,152.0,96.0,380.38,40.0,151.0,8.0,578.5,28.0,266.19,228.38,104.0,68.0,60.37177014135079,172,36.0,-10.0,0.21,152.0,
2025-04-28 07:38:20,158.0,30.0,220.0,50.0,152.0,120.0,290.52,29.0,189.0,62.0,150.0,79.0,53.36204222104043,229,71.0,57.0,0.31,152.0,
2025-04-28 07:38:21,158.0,28.0,217.17,60.0,152.23,78.0,226.1,62.0,187.58,59.16999999999999,106.0,122.0,44.23814869544282,228,-16.0,-1.0,-0.07,158.0,2.0
2025-04-28 07:38:22,152.24,100.0,215.17,60.0,152.33,12.0,244.0,58.0,183.7,62.92999999999998,112.0,118.0,48.11862757810226,230,-6.0,2.0,-0.03,156.5,2.0
2025-04-28 07:38:23,152.22,108.0,212.33,24.0,151.87,55.0,222.41,41.0,182.28,60.110000000000014,163.0,65.0,36.12737327844473,228,98.0,-2.0,0.43,156.5,
2025-04-28 07:38:24,153.0,60.0,203.93,30.0,152.0,120.0,207.88,33.0,178.47,50.93000000000001,180.0,63.0,4.219997630338635,243,117.0,15.0,0.48,156.5,
2025-04-28 07:38:25,153.73,41.0,194.75,16.0,152.0,96.0,197.33,39.0,174.24,41.02000000000001,137.0,55.0,5.099037164020343,192,82.0,-51.0,0.43,153.0,1.0
2025-04-28 07:38:26,154.53,75.0,193.5,40.0,152.0,180.0,206.0,50.0,174.02,38.97,255.0,90.0,4.45921742013751,345,165.0,153.0,0.48,153.0,
2025-04-28 07:38:27,155.6,50.0,181.07,30.0,152.0,120.0,182.94,31.0,168.33,25.47,170.0,61.0,5.243354842088683,231,109.0,-114.0,0.47,153.0,
2025-04-28 07:38:28,157.62,40.0,177.33,27.0,152.0,96.0,178.57,21.0,167.48,19.710000000000008,136.0,48.0,4.570773457529049,184,88.0,-47.0,0.48,153.0,
2025-04-28 07:38:29,158.89,45.0,175.65,23.0,152.0,108.0,176.62,32.0,167.27,16.76000000000002,153.0,55.0,3.5486293128544606,208,98.0,24.0,0.47,153.0,
2025-04-28 07:38:30,159.0,30.0,174.5,16.0,152.0,72.0,175.75,16.0,166.75,15.5,102.0,32.0,2.989590272938498,134,70.0,-74.0,0.52,153.0,
2025-04-28 07:38:31,159.0,70.0,173.0,56.0,152.0,168.0,175.0,28.0,166.0,14.0,238.0,84.0,0.8655807299419991,322,154.0,173.5,0.48,153.0,
2025-04-28 07:38:32,159.0,40.0,172.4,25.0,153.91,33.0,173.33,21.0,165.7,13.400000000000006,73.0,46.0,0.7758543678078011,119,27.0,-174.5,0.23,153.0,
2025-04-28 07:38:33,159.0,60.0,169.61,33.0,155.0,36.0,171.1,29.0,164.3,10.610000000000014,96.0,62.0,1.135266488559348,158,34.0,39.0,0.22,153.0,
2025-04-28 07:38:34,159.0,44.0,164.23,39.0,155.0,36.0,165.17,36.0,161.62,5.22999999999999,80.0,75.0,2.0240750974321142,155,5.0,-3.0,0.03,159.0,4.0
2025-04-28 07:38:35,156.69,26.0,160.54,37.0,153.71,58.0,161.52,46.0,158.62,3.8499999999999934,84.0,83.0,3.1129278822425777,167,1.0,12.0,0.01,159.0,1.0
2025-04-28 07:38:36,154.5,30.0,156.6,40.0,151.98,46.0,158.0,20.0,155.55,2.0999999999999943,76.0,60.0,4.141451436397778,136,16.0,-31.0,0.12,155.0,3.0
2025-04-28 07:38:37,151.82,22.0,155.0,43.0,80.09,32.0,155.97,37.0,153.41,3.180000000000007,54.0,80.0,4.410198408239579,134,-26.0,-2.0,-0.19,152.0,5.0
2025-04-28 07:38:41,158.78,9.0,390.67,45.0,157.0,27.0,471.57,21.0,274.72,231.89,36.0,66.0,102.52135470232574,102,-30.0,-66.0,-0.29,152.0,
2025-04-28 07:38:42,160.0,7.0,329.91,33.0,157.31,13.0,367.43,35.0,244.95,169.91000000000005,20.0,68.0,98.37672656680596,88,-48.0,-14.0,-0.55,152.0,
2025-04-28 07:38:43,158.89,9.0,327.78,27.0,157.21,19.0,332.22,45.0,243.33,168.89,28.0,72.0,71.51108116928545,100,-44.0,12.0,-0.44,152.0,
2025-04-28 07:38:44,158.0,8.0,326.5,24.0,157.0,24.0,350.0,40.0,242.25,168.5,32.0,64.0,47.64853376548066,96,-32.0,-4.0,-0.33,152.0,
2025-04-28 07:38:45,158.61,18.0,324.85,39.0,157.22,27.0,325.85,39.0,241.73,166.24,45.0,78.0,14.210041520000232,123,-33.0,27.0,-0.27,159.0,5.0
2025-04-28 07:38:46,159.0,13.0,301.1,31.0,158.0,13.0,323.57,35.0,230.05,142.10000000000002,26.0,66.0,5.949413416474098,92,-40.0,-31.0,-0.43,159.0,
2025-04-28 07:38:47,159.0,18.0,322.62,52.0,158.0,18.0,324.06,54.0,240.81,163.62,36.0,106.0,5.4344530543672285,142,-70.0,50.0,-0.49,159.0,
2025-04-28 07:38:48,159.67,12.0,319.67,36.0,158.0,12.0,322.25,36.0,239.67,160.00000000000003,24.0,72.0,5.04467243734622,96,-48.0,-46.0,-0.5,159.0,
2025-04-28 07:38:49,160.0,14.0,307.35,46.0,158.33,18.0,319.71,42.0,233.67,147.35000000000002,32.0,88.0,5.080263772691265,120,-56.0,24.0,-0.47,159.0,
2025-04-28 07:38:50,159.31,13.0,161.05,19.0,158.8,15.0,230.67,9.0,160.18,1.740000000000009,28.0,28.0,34.21414882764301,56,0.0,-64.0,0.0,160.0,1.0
2025-04-28 07:38:51,157.42,38.0,159.46,39.0,155.5,24.0,218.73,22.0,158.44,2.0400000000000205,62.0,61.0,43.21725731695723,123,1.0,67.0,0.01,158.75,4.0
2025-04-28 07:38:52,152.13,47.0,156.24,29.0,151.05,37.0,193.69,13.0,154.18,4.110000000000014,84.0,42.0,43.41525158282604,126,42.0,3.0,0.33,155.67,6.0
2025-04-28 07:38:54,145.92,36.0,163.73,56.0,131.14,42.0,233.84,25.0,154.82,17.810000000000002,78.0,81.0,3.0590717546425226,159,-3.0,-33.0,-0.02,151.56,9.0
2025-04-28 07:38:56,155.0,20.0,250.31,39.0,116.43,21.0,254.0,39.0,202.65,95.31,41.0,78.0,22.69211801485405,119,-37.0,9.0,-0.31,157.0,1.0
2025-04-28 07:38:57,149.8,10.0,248.6,30.0,94.19,26.0,361.64,22.0,199.2,98.79999999999998,36.0,52.0,23.800842842220344,88,-16.0,-31.0,-0.18,157.0,1.0
2025-04-28 07:38:58,149.0,10.0,247.0,20.0,134.0,35.0,248.0,30.0,198.0,98.0,45.0,50.0,19.68849867308524,95,-5.0,7.0,-0.05,157.0,
2025-04-28 07:38:59,151.73,22.0,175.6,35.0,138.74,38.0,210.1,30.0,163.66,23.870000000000005,60.0,65.0,16.03092698505239,125,-5.0,30.0,-0.04,157.0,
2025-04-28 07:39:00,153.8,15.0,168.68,37.0,145.08,48.0,197.74,38.0,161.24,14.879999999999995,63.0,75.0,20.628155516188947,138,-12.0,13.0,-0.09,157.0,
2025-04-28 07:39:01,153.5,22.0,164.61,33.0,151.85,81.0,166.57,42.0,159.05,11.110000000000014,103.0,75.0,20.490309904929905,178,28.0,40.0,0.16,152.5,6.0
2025-04-28 07:39:02,149.2,20.0,163.0,20.0,135.11,18.0,166.0,30.0,156.1,13.800000000000011,38.0,50.0,17.215437839336563,88,-12.0,-90.0,-0.14,151.0,3.0
2025-04-28 07:39:03,145.8,55.0,161.86,28.0,78.32,74.0,166.0,42.0,153.83,16.060000000000002,129.0,70.0,3.925038853317667,199,59.0,111.0,0.3,151.0,
2025-04-28 07:39:04,151.0,54.0,160.0,18.0,134.06,31.0,161.0,12.0,155.5,9.0,85.0,30.0,2.965860751965913,115,55.0,-84.0,0.48,151.0,3.0
2025-04-28 07:39:05,151.0,64.0,158.84,19.0,143.39,41.0,159.9,21.0,154.92,7.840000000000003,105.0,40.0,1.959961734333262,145,65.0,30.0,0.45,151.0,
2025-04-28 07:39:06,151.25,53.0,157.12,25.0,138.92,72.0,158.06,35.0,154.18,5.8700000000000045,125.0,60.0,0.9305267325819828,185,65.0,40.0,0.35,151.2,5.0
2025-04-28 07:39:07,152.0,60.0,154.77,35.0,151.0,48.0,157.12,25.0,153.39,2.7700000000000102,108.0,60.0,0.8466581364690106,168,48.0,-17.0,0.29,151.2,
2025-04-28 07:39:08,151.79,38.0,154.71,21.0,150.77,26.0,197.85,13.0,153.25,2.920000000000016,64.0,34.0,0.9690046439770352,98,30.0,-70.0,0.31,152.38,8.0
2025-04-28 07:39:09,151.0,22.0,349.89,19.0,148.0,9.0,467.06,16.0,250.45,198.89,31.0,35.0,43.16802253983923,66,-4.0,-32.0,-0.06,153.5,4.0
2025-04-28 07:39:10,151.0,8.0,305.5,6.0,148.0,4.0,384.55,11.0,228.25,154.5,12.0,17.0,47.616241766860206,29,-5.0,-37.0,-0.17,153.5,
2025-04-28 07:39:11,151.0,14.0,225.22,9.0,148.0,7.0,353.29,17.0,188.11,74.22,21.0,26.0,43.87969689959229,47,-5.0,18.0,-0.11,153.5,
2025-04-28 07:39:12,148.0,11.0,204.25,16.0,107.28,69.0,447.39,18.0,176.12,56.25,80.0,34.0,39.48903493376476,114,46.0,67.0,0.4,150.0,4.0
2025-04-28 07:39:13,150.8,15.0,270.73,11.0,97.27,48.0,562.09,22.0,210.76,119.93,63.0,33.0,29.975597908967632,96,30.0,-18.0,0.31,150.0,
2025-04-28 07:39:14,155.0,20.0,177.03,29.0,149.5,8.0,301.78,9.0,166.02,22.03,28.0,38.0,25.4515101713059,66,-10.0,-30.0,-0.15,155.0,2.0
2025-04-28 07:39:15,156.85,34.0,170.91,44.0,154.67,12.0,187.68,31.0,163.88,14.060000000000002,46.0,75.0,19.21923827835212,121,-29.0,55.0,-0.24,155.0,
2025-04-28 07:39:16,158.0,21.0,172.71,28.0,155.0,7.0,174.14,28.0,165.36,14.710000000000008,28.0,56.0,19.793057368685385,84,-28.0,-37.0,-0.33,155.0,
2025-04-28 07:39:17,158.6,30.0,172.0,40.0,155.0,30.0,174.0,40.0,165.3,13.400000000000006,60.0,80.0,20.416803863486283,140,-20.0,56.0,-0.14,155.0,
2025-04-28 07:39:18,159.0,27.0,169.56,36.0,155.0,29.0,171.0,36.0,164.28,10.560000000000002,56.0,72.0,0.8700114942108058,128,-16.0,-12.0,-0.12,155.0,
2025-04-28 07:39:19,156.5,24.0,165.68,31.0,152.23,39.0,167.42,45.0,161.09,9.180000000000009,63.0,76.0,1.739172216906039,139,-13.0,11.0,-0.09,159.0,3.0
2025-04-28 07:39:20,155.0,39.0,161.35,34.0,152.24,58.0,163.7,40.0,158.18,6.349999999999994,97.0,74.0,3.1326378660893237,171,23.0,32.0,0.13,159.0,
2025-04-28 07:39:21,156.84,31.0,159.09,22.0,153.49,65.0,161.16,49.0,157.96,2.25,96.0,71.0,3.383610497686615,167,25.0,-4.0,0.15,158.0,5.0
2025-04-28 07:39:22,155.75,24.0,157.5,24.0,153.04,100.0,161.76,51.0,156.62,1.75,124.0,75.0,3.0702410328919063,199,49.0,32.0,0.25,156.5,4.0
2025-04-28 07:39:23,153.21,47.0,156.41,22.0,152.39,89.0,226.91,23.0,154.81,3.1999999999999886,136.0,45.0,2.3077846520096146,181,91.0,-18.0,0.5,155.67,3.0
2025-04-28 07:39:24,153.0,56.0,154.86,22.0,152.0,72.0,155.9,10.0,153.93,1.8600000000000136,128.0,32.0,1.8860938470949984,160,96.0,-21.0,0.6,155.67,
2025-04-28 07:39:26,152.0,108.0,169.0,12.0,151.0,24.0,581.23,44.0,160.5,17.0,132.0,56.0,2.947275012625905,188,76.0,57.0,0.4,153.0,1.0
2025-04-28 07:39:28,152.09,44.0,427.0,6.0,151.47,19.0,0.0,0.0,289.55,274.91,63.0,6.0,92.59342509055446,69,57.0,-86.0,0.83,152.8,5.0
2025-04-28 07:39:29,152.0,24.0,427.0,3.0,151.0,6.0,0.0,0.0,289.5,275.0,30.0,3.0,87.55513245949749,33,27.0,-36.0,0.82,152.8,
2025-04-28 07:39:30,152.0,37.0,418.6,5.0,151.0,10.0,567.0,4.0,285.3,266.6,47.0,9.0,69.58577800096928,56,38.0,23.0,0.68,152.0,1.0
2025-04-28 07:39:31,152.0,35.0,406.0,5.0,151.0,10.0,575.2,20.0,279.0,254.0,45.0,25.0,29.325551998218327,70,20.0,14.0,0.29,152.0,
2025-04-28 07:39:32,152.0,49.0,408.77,13.0,151.0,14.0,446.36,22.0,280.38,256.77,63.0,35.0,4.951371527182508,98,28.0,28.0,0.29,152.0,
2025-04-28 07:39:33,152.0,62.0,317.57,28.0,151.0,20.0,399.12,32.0,234.79,165.57,82.0,60.0,22.197163782794053,142,22.0,44.0,0.15,152.0,4.0
2025-04-28 07:39:34,152.17,29.0,260.11,18.0,151.16,19.0,294.31,35.0,206.14,107.94000000000004,48.0,53.0,35.04091779620176,101,-5.0,-41.0,-0.05,153.0,5.0
2025-04-28 07:39:35,153.93,44.0,260.0,28.0,149.28,32.0,416.13,53.0,206.97,106.07,76.0,81.0,36.76128847034818,157,-5.0,56.0,-0.03,157.0,4.0
2025-04-28 07:39:36,157.0,6.0,241.78,18.0,152.0,18.0,455.67,18.0,199.39,84.78,24.0,36.0,33.53362238112876,60,-12.0,-97.0,-0.2,157.0,
2025-04-28 07:39:37,152.67,18.0,239.67,30.0,151.04,25.0,251.67,30.0,196.17,87.0,43.0,60.0,15.27998102093468,103,-17.0,43.0,-0.17,153.14,7.0
2025-04-28 07:39:38,148.95,19.0,247.0,16.0,141.5,12.0,410.62,32.0,197.97,98.05,31.0,48.0,4.914887587739679,79,-17.0,-24.0,-0.22,150.75,4.0
2025-04-28 07:39:39,148.17,29.0,196.67,24.0,136.76,25.0,358.33,24.0,172.42,48.5,54.0,48.0,13.05501742626612,102,6.0,23.0,0.06,150.75,
2025-04-28 07:39:40,153.0,24.0,245.25,16.0,144.14,28.0,351.5,32.0,199.12,92.25,52.0,48.0,11.582008893111365,100,4.0,-2.0,0.04,150.75,
2025-04-28 07:39:41,152.52,58.0,243.44,16.0,141.96,77.0,296.54,26.0,197.98,90.92,135.0,42.0,11.403748068074398,177,93.0,77.0,0.53,152.6,5.0
2025-04-28 07:39:42,153.75,32.0,240.07,15.0,152.0,112.0,241.12,8.0,196.91,86.32,144.0,23.0,11.464163728772837,167,121.0,-10.0,0.72,152.6,
2025-04-28 07:39:43,154.73,44.0,239.95,21.0,152.0,154.0,240.83,12.0,197.34,85.22,198.0,33.0,11.397503235363024,231,165.0,64.0,0.71,152.6,
2025-04-28 07:39:44,155.04,28.0,185.36,22.0,152.0,140.0,197.79,19.0,170.2,30.32000000000002,168.0,41.0,12.38787713856213,209,127.0,-22.0,0.61,155.0,3.0
2025-04-28 07:39:45,157.12,16.0,162.89,62.0,152.12,172.0,276.91,46.0,160.01,5.769999999999982,188.0,108.0,18.06123943698504,296,80.0,87.0,0.27,155.0,
2025-04-28 07:39:46,154.55,31.0,159.5,70.0,152.0,198.0,251.48,50.0,157.02,4.949999999999989,229.0,120.0,19.632537533393304,349,109.0,53.0,0.31,158.5,2.0
2025-04-28 07:39:47,152.0,178.0,156.93,42.0,151.0,150.0,187.05,21.0,154.46,4.930000000000007,328.0,63.0,17.558612701466192,391,265.0,42.0,0.68,152.0,2.0
2025-04-28 07:39:48,152.0,121.0,154.61,31.0,151.0,165.0,155.89,19.0,153.31,2.6100000000000136,286.0,50.0,6.770675741761858,336,236.0,-55.0,0.7,152.0,10.0
2025-04-28 07:39:49,152.0,39.0,155.14,7.0,151.0,105.0,287.75,16.0,153.57,3.1399999999999864,144.0,23.0,2.832918989325284,167,121.0,-169.0,0.72,152.0,1.0
2025-04-28 07:39:50,152.33,24.0,158.0,5.0,151.08,65.0,399.18,11.0,155.17,5.669999999999988,89.0,16.0,1.4891037573248542,105,73.0,-62.0,0.7,152.0,
2025-04-28 07:39:51,155.5,16.0,158.0,8.0,152.11,37.0,581.0,8.0,156.75,2.5,53.0,16.0,1.3855035186093674,69,37.0,-36.0,0.54,154.0,2.0
2025-04-28 07:39:52,156.0,18.0,171.33,9.0,152.0,45.0,689.5,24.0,163.67,15.330000000000013,63.0,33.0,4.2426736853169,96,30.0,27.0,0.31,154.0,
2025-04-28 07:39:54,152.0,32.0,252.88,16.0,151.0,128.0,435.44,32.0,202.44,100.88,160.0,48.0,91.94424952110994,208,112.0,69.0,0.54,154.0,
2025-04-28 07:39:55,152.0,28.0,159.0,7.0,151.0,112.0,217.48,31.0,155.5,7.0,140.0,38.0,91.89541539162944,178,102.0,-30.0,0.57,154.0,
2025-04-28 07:39:56,152.0,36.0,157.92,24.0,151.0,208.0,240.06,33.0,154.96,5.919999999999988,244.0,57.0,92.15675911185312,301,187.0,123.0,0.62,152.0,2.0
2025-04-28 07:39:57,152.0,63.0,155.0,42.0,151.0,192.0,221.29,42.0,153.5,3.0,255.0,84.0,93.52108200828368,339,171.0,38.0,0.5,152.0,2.0
2025-04-28 07:39:59,151.25,256.0,260.5,36.0,149.06,62.0,344.48,42.0,205.88,109.25,318.0,78.0,23.148309225515515,396,240.0,-12.0,0.61,153.2,5.0
2025-04-28 07:40:00,155.0,88.0,279.94,17.0,151.1,143.0,312.12,32.0,217.47,124.94,231.0,49.0,32.007462723560245,280,182.0,-116.0,0.65,153.2,
2025-04-28 07:40:01,155.38,48.0,253.35,23.0,152.77,47.0,298.25,36.0,204.36,97.97,95.0,59.0,31.150204975250297,154,36.0,-126.0,0.23,155.0,6.0
2025-04-28 07:40:02,158.0,6.0,256.17,12.0,155.0,12.0,316.0,30.0,207.08,98.17000000000002,18.0,42.0,25.546151764994235,60,-24.0,-94.0,-0.4,155.0,
2025-04-28 07:40:03,158.0,6.0,256.0,12.0,155.0,12.0,317.14,28.0,207.0,98.0,18.0,40.0,5.211297343284872,58,-22.0,-2.0,-0.38,155.0,
2025-04-28 07:40:04,158.0,13.0,227.84,38.0,154.69,26.0,308.0,44.0,192.92,69.84,39.0,82.0,8.763981971691043,121,-43.0,63.0,-0.36,155.0,
2025-04-28 07:40:05,158.0,15.0,253.13,30.0,154.6,30.0,320.0,60.0,205.57,95.13,45.0,90.0,5.957397082629573,135,-45.0,14.0,-0.33,155.0,
2025-04-28 07:40:06,158.0,10.0,252.5,20.0,155.56,32.0,327.0,38.0,205.25,94.5,42.0,58.0,6.006865239051356,100,-16.0,-35.0,-0.16,155.0,
2025-04-28 07:40:07,152.13,286.0,251.23,26.0,152.45,33.0,570.04,50.0,201.68,99.1,319.0,76.0,5.693964348336091,395,243.0,173.5,0.62,154.8,5.0
2025-04-28 07:40:08,152.0,40.0,251.0,2.0,151.0,3.0,481.0,4.0,201.5,99.0,43.0,6.0,5.1041385169410685,49,37.0,-174.5,0.76,154.8,
2025-04-28 07:40:09,152.0,456.0,232.58,24.0,151.0,36.0,330.67,30.0,192.29,80.58000000000001,492.0,54.0,5.366355374005827,546,438.0,173.5,0.8,152.0,4.0
2025-04-28 07:40:10,156.0,21.0,225.86,14.0,152.0,252.0,228.0,14.0,190.93,69.86000000000001,273.0,28.0,6.332444235847513,301,245.0,-174.5,0.81,152.0,
2025-04-28 07:40:11,156.0,27.0,206.0,36.0,152.0,324.0,225.0,18.0,181.0,50.0,351.0,54.0,8.59112041587788,405,297.0,104.0,0.73,152.0,
2025-04-28 07:40:12,156.0,17.0,224.57,14.0,152.0,252.0,295.0,28.0,190.29,68.57,269.0,42.0,7.2838705370229855,311,227.0,-94.0,0.73,156.0,1.0
2025-04-28 07:40:13,152.09,350.0,244.26,46.0,151.83,174.0,472.63,54.0,198.18,92.17,524.0,100.0,6.177747971559774,624,424.0,173.5,0.68,153.14,7.0
2025-04-28 07:40:14,152.68,158.0,169.0,32.0,151.85,99.0,170.0,32.0,160.84,16.319999999999993,257.0,64.0,14.437273634592696,321,193.0,-174.5,0.6,152.0,3.0
2025-04-28 07:40:15,158.0,44.0,169.0,32.0,152.08,200.0,276.36,22.0,163.5,11.0,244.0,54.0,16.34846231301588,298,190.0,-23.0,0.64,158.0,2.0
2025-04-28 07:40:16,158.0,24.0,169.0,24.0,156.0,24.0,404.0,12.0,163.5,11.0,48.0,36.0,17.576681142926205,84,12.0,-174.5,0.14,158.0,
2025-04-28 07:40:17,158.0,28.0,167.65,23.0,156.0,28.0,168.77,26.0,162.83,9.650000000000006,56.0,49.0,15.91903263392889,105,7.0,21.0,0.07,158.0,
2025-04-28 07:40:18,152.33,233.0,165.5,40.0,151.98,130.0,168.0,30.0,158.91,13.169999999999987,363.0,70.0,2.002955316547629,433,293.0,173.5,0.68,156.89,9.0
2025-04-28 07:40:19,152.03,221.0,161.64,33.0,151.91,198.0,163.2,35.0,156.83,9.609999999999983,419.0,68.0,3.063532275019436,487,351.0,54.0,0.72,156.89,
2025-04-28 07:40:20,152.12,259.0,158.29,52.0,151.92,273.0,159.57,42.0,155.2,6.169999999999988,532.0,94.0,3.641610907288767,626,438.0,139.0,0.7,157.0,1.0
2025-04-28 07:40:21,152.0,498.0,155.51,55.0,151.0,30.0,157.05,43.0,153.75,3.509999999999991,528.0,98.0,3.54253863776855,626,430.0,0.0,0.69,152.0,3.0
2025-04-28 07:40:24,152.0,104.0,335.81,16.0,151.0,8.0,479.27,11.0,243.91,183.81,112.0,27.0,40.45347537604271,139,85.0,-174.5,0.61,153.0,1.0
2025-04-28 07:40:25,152.0,135.0,347.5,14.0,151.0,12.0,448.38,24.0,249.75,195.5,147.0,38.0,51.48240349867232,185,109.0,46.0,0.59,152.0,5.0
2025-04-28 07:40:26,152.0,69.0,345.0,3.0,151.0,6.0,605.0,15.0,248.5,193.0,75.0,18.0,52.01703442142893,93,57.0,-92.0,0.61,152.0,
2025-04-28 07:40:27,152.0,122.0,199.04,26.0,151.0,12.0,373.5,10.0,175.52,47.03999999999999,134.0,36.0,46.43779312155268,170,98.0,77.0,0.58,152.0,4.0
2025-04-28 07:40:28,151.96,96.0,196.38,40.0,143.76,29.0,239.06,32.0,174.17,44.41999999999999,125.0,72.0,39.79502293001135,197,53.0,27.0,0.27,152.0,
2025-04-28 07:40:29,152.0,49.0,174.6,25.0,151.0,26.0,184.62,53.0,163.3,22.599999999999994,75.0,78.0,43.05634180930977,153,-3.0,-44.0,-0.02,152.0,5.0
2025-04-28 07:40:30,152.43,37.0,173.12,8.0,151.18,17.0,175.0,40.0,162.78,20.69,54.0,48.0,36.06910423063073,102,6.0,-51.0,0.06,152.0,
2025-04-28 07:40:31,154.0,27.0,170.81,21.0,153.0,144.0,174.73,33.0,162.4,16.810000000000002,171.0,54.0,6.607721241100481,225,117.0,123.0,0.52,152.0,
2025-04-28 07:40:32,154.85,74.0,169.5,20.0,153.13,110.0,170.08,52.0,162.18,14.650000000000006,184.0,72.0,5.1627008435593496,256,112.0,31.0,0.44,155.29,7.0
2025-04-28 07:40:33,155.0,55.0,169.0,5.0,154.0,10.0,170.0,25.0,162.0,14.0,65.0,30.0,0.5185749705555026,95,35.0,-161.0,0.37,155.29,
2025-04-28 07:40:34,155.0,55.0,169.0,5.0,154.0,10.0,170.0,25.0,162.0,14.0,65.0,30.0,0.3282072517273848,95,35.0,0.0,0.37,155.29,
2025-04-28 07:40:35,155.94,108.0,166.45,33.0,155.49,75.0,169.67,45.0,161.2,10.509999999999993,183.0,78.0,0.4535195696838425,261,105.0,166.0,0.4,155.29,
2025-04-28 07:40:36,159.83,24.0,163.28,18.0,158.0,66.0,165.67,18.0,161.56,3.4499999999999886,90.0,36.0,0.4003998003072569,126,54.0,-135.0,0.43,155.29,
2025-04-28 07:40:37,158.53,105.0,161.07,58.0,157.54,91.0,162.35,26.0,159.8,2.539999999999992,196.0,84.0,0.9092414421294952,280,112.0,154.0,0.4,160.0,4.0
2025-04-28 07:40:38,156.39,41.0,159.64,14.0,153.43,65.0,160.9,10.0,158.02,3.25,106.0,24.0,1.6203950135954848,130,82.0,-150.0,0.63,157.88,8.0
2025-04-28 07:40:39,156.57,28.0,158.8,10.0,153.35,68.0,222.14,14.0,157.69,2.230000000000018,96.0,24.0,1.7728169674516576,120,72.0,-10.0,0.6,157.0,1.0
2025-04-28 07:40:40,158.0,8.0,304.0,24.0,153.56,97.0,378.88,40.0,231.0,146.0,105.0,64.0,32.1170714729736,169,41.0,49.0,0.24,157.0,1.0
2025-04-28 07:40:41,159.0,10.0,182.23,48.0,155.0,90.0,224.34,44.0,170.61,23.22999999999999,100.0,92.0,31.51733538864121,192,8.0,23.0,0.04,157.0,
2025-04-28 07:40:42,155.0,40.0,173.08,37.0,153.0,112.0,245.64,25.0,164.04,18.080000000000013,152.0,62.0,31.045371152558253,214,90.0,22.0,0.42,155.8,5.0
2025-04-28 07:40:43,155.0,65.0,168.92,59.0,153.0,184.0,170.44,32.0,161.96,13.919999999999987,249.0,91.0,30.511692021257964,340,158.0,126.0,0.46,155.8,
2025-04-28 07:40:44,155.0,60.0,166.2,45.0,153.0,192.0,167.08,39.0,160.6,11.199999999999989,252.0,84.0,30.074467908844163,336,168.0,-4.0,0.5,155.8,
2025-04-28 07:40:45,155.0,60.0,162.58,48.0,153.0,186.0,164.06,36.0,158.79,7.5800000000000125,246.0,84.0,4.565068455137015,330,162.0,-6.0,0.49,155.8,
2025-04-28 07:40:46,155.64,56.0,159.81,80.0,154.03,116.0,162.0,32.0,157.73,4.170000000000016,172.0,112.0,2.5096473856072112,284,60.0,-46.0,0.21,155.8,
2025-04-28 07:40:47,156.39,41.0,159.0,70.0,155.0,70.0,162.0,28.0,157.7,2.6100000000000136,111.0,98.0,1.873160430951984,209,13.0,-75.0,0.06,158.0,1.0
2025-04-28 07:40:48,158.0,76.0,159.0,75.0,155.0,75.0,162.0,30.0,158.5,1.0,151.0,105.0,1.1824254733739936,256,46.0,47.0,0.18,158.0,2.0
2025-04-28 07:40:49,158.0,50.0,159.0,60.0,155.0,60.0,247.91,44.0,158.5,1.0,110.0,104.0,0.4973228328595118,214,6.0,-42.0,0.03,158.0,2.0
2025-04-28 07:40:50,158.0,16.0,159.0,20.0,155.0,20.0,346.0,10.0,158.5,1.0,36.0,30.0,0.4300930132929045,66,6.0,-148.0,0.09,158.0,
2025-04-28 07:40:51,156.33,18.0,187.44,18.0,153.5,40.0,266.09,11.0,171.89,31.109999999999985,58.0,29.0,6.087497022593532,87,29.0,21.0,0.33,158.0,4.0
2025-04-28 07:40:52,155.0,45.0,238.24,21.0,153.0,135.0,400.33,24.0,196.62,83.24000000000001,180.0,45.0,16.596464081246047,225,135.0,138.0,0.6,158.0,
2025-04-28 07:40:53,155.0,52.0,284.23,13.0,153.0,165.0,379.87,15.0,219.62,129.23000000000002,217.0,28.0,26.60346556372118,245,189.0,20.0,0.77,155.0,1.0
2025-04-28 07:40:54,155.0,23.0,205.12,8.0,153.0,120.0,286.75,8.0,180.06,50.120000000000005,143.0,16.0,23.619500841467875,159,127.0,-86.0,0.8,155.0,3.0
2025-04-28 07:40:55,155.0,6.0,285.0,6.0,153.0,90.0,377.0,6.0,220.0,130.0,96.0,12.0,22.114753446514158,108,84.0,-51.0,0.78,155.0,
2025-04-28 07:40:56,154.05,21.0,383.0,10.0,152.98,103.0,539.31,26.0,268.52,228.95,124.0,36.0,33.35444618038381,160,88.0,52.0,0.55,154.0,2.0
2025-04-28 07:40:57,153.8,35.0,347.07,29.0,152.92,106.0,366.78,27.0,250.43,193.27,141.0,56.0,33.827015534926026,197,85.0,37.0,0.43,157.0,1.0
2025-04-28 07:40:58,153.0,150.0,268.18,28.0,152.0,48.0,291.17,36.0,210.59,115.18,198.0,64.0,34.60019869885324,262,134.0,65.0,0.51,153.0,2.0
2025-04-28 07:40:59,153.37,70.0,163.08,39.0,153.03,63.0,167.74,35.0,158.22,9.710000000000008,133.0,74.0,42.34810586083069,207,59.0,-55.0,0.29,153.0,7.0
2025-04-28 07:41:00,155.83,36.0,161.88,24.0,154.4,30.0,163.75,24.0,158.85,6.049999999999983,66.0,48.0,50.87906219654718,114,18.0,-93.0,0.16,153.0,
2025-04-28 07:41:01,156.75,72.0,159.24,51.0,155.0,51.0,160.47,51.0,157.99,2.490000000000009,123.0,102.0,41.95804666568863,225,21.0,111.0,0.09,157.0,5.0
2025-04-28 07:41:02,155.22,27.0,159.45,33.0,152.66,41.0,480.86,35.0,157.34,4.22999999999999,68.0,68.0,23.48045293430462,136,0.0,-89.0,0.0,157.0,1.0
2025-04-28 07:41:03,155.0,20.0,159.12,16.0,152.0,32.0,164.14,21.0,157.06,4.1200000000000045,52.0,37.0,0.7127201414922166,89,15.0,-47.0,0.17,155.0,1.0
2025-04-28 07:41:04,156.06,17.0,158.26,23.0,154.14,28.0,275.0,16.0,157.16,2.1999999999999886,45.0,39.0,0.7475627064591844,84,6.0,-5.0,0.07,157.0,2.0
2025-04-28 07:41:05,154.5,24.0,156.55,22.0,152.77,35.0,433.0,44.0,155.52,2.050000000000012,59.0,66.0,0.910263698105257,125,-7.0,41.0,-0.06,155.0,2.0
2025-04-28 07:41:06,153.0,36.0,155.08,24.0,152.0,72.0,256.15,39.0,154.04,2.0800000000000125,108.0,63.0,1.4217876072352962,171,45.0,46.0,0.26,155.0,
2025-04-28 07:41:07,156.44,48.0,305.44,27.0,154.53,119.0,609.59,22.0,230.94,149.0,167.0,49.0,33.56310891440326,216,118.0,45.0,0.55,153.0,2.0
2025-04-28 07:41:08,155.2,149.0,396.0,10.0,154.67,48.0,591.5,40.0,275.6,240.8,197.0,50.0,55.80254402802895,247,147.0,31.0,0.6,156.88,8.0
2025-04-28 07:41:10,155.0,102.0,308.73,15.0,153.0,6.0,542.07,15.0,231.87,153.73000000000002,108.0,30.0,63.900201642875366,138,78.0,-55.0,0.57,156.88,
2025-04-28 07:41:11,155.0,85.0,434.88,17.0,153.0,5.0,472.5,8.0,294.94,279.88,90.0,25.0,41.48380852814921,115,65.0,-23.0,0.57,156.88,
2025-04-28 07:41:12,156.9,10.0,366.15,40.0,155.0,170.0,500.44,43.0,261.52,209.25,180.0,83.0,35.75491252961121,263,97.0,148.0,0.37,156.88,
2025-04-28 07:41:14,155.0,119.0,373.52,31.0,153.0,7.0,552.25,32.0,264.26,218.52,126.0,63.0,31.67484206748545,189,63.0,-54.0,0.33,156.88,
2025-04-28 07:41:15,155.0,150.0,219.0,36.0,152.81,64.0,606.67,45.0,187.0,64.0,214.0,81.0,48.30271917811813,295,133.0,106.0,0.45,155.0,3.0
2025-04-28 07:41:16,155.0,188.0,218.58,48.0,153.0,120.0,468.26,43.0,186.79,63.58000000000001,308.0,91.0,54.87685741731326,399,217.0,104.0,0.54,155.0,1.0
2025-04-28 07:41:17,155.37,120.0,217.55,33.0,154.52,210.0,293.29,42.0,186.46,62.18000000000001,330.0,75.0,58.54893184337458,405,255.0,6.0,0.63,155.0,
2025-04-28 07:41:18,155.25,130.0,199.1,21.0,153.78,164.0,199.32,40.0,177.17,43.85,294.0,61.0,35.97508763019361,355,233.0,-50.0,0.66,155.62,13.0
2025-04-28 07:41:19,155.0,98.0,194.57,14.0,153.0,140.0,197.0,56.0,174.79,39.56999999999999,238.0,70.0,5.961792515686899,308,168.0,-47.0,0.55,155.62,
2025-04-28 07:41:20,155.0,35.0,192.4,5.0,153.0,50.0,193.4,5.0,173.7,37.400000000000006,85.0,10.0,6.372618770968408,95,75.0,-174.5,0.79,155.62,
2025-04-28 07:41:21,155.0,91.0,189.77,13.0,153.0,130.0,191.23,13.0,172.38,34.77000000000001,221.0,26.0,5.62558885807499,247,195.0,152.0,0.79,155.62,
2025-04-28 07:41:22,155.0,67.0,186.0,40.0,153.0,100.0,187.0,10.0,170.5,31.0,167.0,50.0,2.510531816188732,217,117.0,-30.0,0.54,155.0,3.0
2025-04-28 07:41:23,153.06,144.0,184.18,39.0,152.11,94.0,185.55,51.0,168.62,31.120000000000005,238.0,90.0,2.474514093735382,328,148.0,111.0,0.45,155.0,4.0
2025-04-28 07:41:24,152.47,64.0,181.5,24.0,151.33,45.0,182.14,21.0,166.98,29.03,109.0,45.0,2.72390895591138,154,64.0,-174.0,0.42,155.0,
2025-04-28 07:41:25,152.72,87.0,179.55,22.0,151.73,74.0,180.07,43.0,166.13,26.830000000000013,161.0,65.0,2.5546858906905565,226,96.0,72.0,0.42,155.0,
2025-04-28 07:41:26,153.0,86.0,177.69,13.0,152.0,38.0,179.27,22.0,165.35,24.69,124.0,35.0,2.0629420738577746,159,89.0,-67.0,0.56,153.0,1.0
2025-04-28 07:41:27,152.88,58.0,175.4,15.0,151.77,35.0,178.44,27.0,164.14,22.52000000000001,93.0,42.0,1.6901272141740864,135,51.0,-24.0,0.38,152.36,11.0
2025-04-28 07:41:28,154.03,37.0,174.89,9.0,149.92,13.0,180.0,36.0,164.46,20.859999999999985,50.0,45.0,1.1728469636279613,95,5.0,-40.0,0.05,152.36,
2025-04-28 07:41:29,158.0,80.0,172.43,14.0,151.0,30.0,174.11,27.0,165.21,14.430000000000009,110.0,41.0,0.7838813686337491,151,69.0,56.0,0.46,152.36,
2025-04-28 07:41:30,158.0,72.0,170.73,11.0,152.0,24.0,172.92,25.0,164.36,12.72999999999999,96.0,36.0,0.5406755035054891,132,60.0,-19.0,0.45,158.0,4.0
2025-04-28 07:41:31,158.0,45.0,168.11,36.0,155.0,26.0,168.39,31.0,163.06,10.110000000000014,71.0,67.0,0.7755514167936692,138,4.0,6.0,0.03,158.0,1.0
2025-04-28 07:41:32,158.0,33.0,163.62,29.0,155.0,22.0,164.46,26.0,160.81,5.6200000000000045,55.0,55.0,1.730823503448662,110,0.0,-28.0,0.0,158.0,
2025-04-28 07:41:33,158.0,24.0,160.75,12.0,155.0,18.0,162.87,23.0,159.38,2.75,42.0,35.0,2.4334810457634077,77,7.0,-33.0,0.09,158.0,2.0
2025-04-28 07:41:34,153.14,29.0,160.9,52.0,151.85,40.0,163.6,60.0,157.02,7.760000000000019,69.0,112.0,2.9157640508259397,181,-43.0,104.0,-0.24,156.0,3.0
2025-04-28 07:41:35,152.85,20.0,159.22,41.0,151.16,25.0,160.67,36.0,156.03,6.3700000000000045,45.0,77.0,2.841979943646329,122,-32.0,-59.0,-0.26,152.0,1.0
2025-04-28 07:41:36,154.47,19.0,157.63,49.0,153.11,27.0,169.96,45.0,156.05,3.1599999999999966,46.0,94.0,2.141464452211911,140,-48.0,18.0,-0.34,155.0,1.0
2025-04-28 07:41:37,154.63,38.0,156.0,39.0,151.14,29.0,351.0,65.0,155.32,1.3700000000000043,67.0,104.0,1.5845030767047168,171,-37.0,31.0,-0.22,155.0,
2025-04-28 07:41:38,153.6,10.0,335.73,37.0,151.09,22.0,371.9,31.0,244.66,182.13,32.0,68.0,39.60761454569179,100,-36.0,-71.0,-0.36,155.0,3.0
2025-04-28 07:41:39,156.75,16.0,293.67,21.0,152.25,8.0,413.33,18.0,225.21,136.92000000000002,24.0,39.0,43.88711348448545,63,-15.0,-37.0,-0.24,155.0,
2025-04-28 07:41:40,158.07,15.0,274.03,35.0,156.89,37.0,332.08,49.0,216.05,115.95999999999998,52.0,84.0,41.27377581467574,136,-32.0,73.0,-0.24,155.0,
2025-04-28 07:41:41,159.77,13.0,193.07,59.0,157.0,39.0,196.19,32.0,176.42,33.29999999999998,52.0,91.0,36.66608064683373,143,-39.0,7.0,-0.27,155.0,
2025-04-28 07:41:42,157.75,20.0,192.3,50.0,156.0,20.0,194.0,20.0,175.03,34.55000000000001,40.0,70.0,30.77286190785832,110,-30.0,-33.0,-0.27,160.0,1.0
2025-04-28 07:41:43,157.0,30.0,191.3,50.0,153.0,10.0,308.82,22.0,174.15,34.30000000000001,40.0,72.0,25.10594790084828,112,-32.0,2.0,-0.29,160.0,
2025-04-28 07:41:44,157.0,13.0,190.0,45.0,153.0,9.0,448.4,20.0,173.5,33.0,22.0,65.0,18.49113165817876,87,-43.0,-25.0,-0.49,157.0,2.0
2025-04-28 07:41:45,153.8,15.0,174.34,47.0,149.21,19.0,235.91,46.0,164.07,20.539999999999992,34.0,93.0,4.910827832462996,127,-59.0,40.0,-0.46,152.14,7.0
2025-04-28 07:41:46,152.4,15.0,165.3,61.0,148.6,25.0,169.5,68.0,158.85,12.900000000000006,40.0,129.0,7.252392708623177,169,-89.0,42.0,-0.53,152.14,
2025-04-28 07:41:47,155.01,73.0,163.71,34.0,154.47,17.0,164.87,46.0,159.36,8.700000000000017,90.0,80.0,7.443260710205453,170,10.0,1.0,0.06,152.14,
2025-04-28 07:41:48,156.0,12.0,161.26,42.0,155.0,96.0,162.13,38.0,158.63,5.259999999999991,108.0,80.0,6.34220545237111,188,28.0,18.0,0.15,152.14,
2025-04-28 07:41:49,155.1,49.0,157.19,16.0,153.97,61.0,246.06,31.0,156.14,2.0900000000000034,110.0,47.0,2.886736912169728,157,63.0,-31.0,0.4,155.12,8.0
2025-04-28 07:41:50,152.17,35.0,369.22,32.0,151.35,17.0,446.76,34.0,260.7,217.05000000000004,52.0,66.0,45.836148725652095,118,-14.0,-39.0,-0.12,155.0,2.0
2025-04-28 07:41:51,152.0,15.0,297.75,16.0,151.0,5.0,369.71,14.0,224.88,145.75,20.0,30.0,48.12908081399549,50,-10.0,-68.0,-0.2,155.0,
2025-04-28 07:41:53,138.2,75.0,191.57,56.0,116.97,77.0,193.6,30.0,164.89,53.370000000000005,152.0,86.0,46.84096049399618,238,66.0,120.0,0.28,155.0,
2025-04-28 07:41:54,130.32,56.0,189.25,48.0,90.03,34.0,190.25,48.0,159.79,58.93000000000001,90.0,96.0,46.136180271020606,186,-6.0,-52.0,-0.03,151.0,5.0
2025-04-28 07:41:55,151.0,8.0,184.86,28.0,144.21,19.0,186.2,20.0,167.93,33.860000000000014,27.0,48.0,27.69240094322077,75,-21.0,-111.0,-0.28,151.0,
2025-04-28 07:41:56,152.68,76.0,181.84,38.0,135.28,29.0,183.16,50.0,167.26,29.16,105.0,88.0,3.6725427158965287,193,17.0,118.0,0.09,151.0,
2025-04-28 07:41:57,153.5,112.0,173.05,39.0,152.0,146.0,179.27,51.0,163.28,19.55000000000001,258.0,90.0,3.2833900164441387,348,168.0,155.0,0.48,151.0,
2025-04-28 07:41:58,157.8,20.0,164.0,24.0,154.18,34.0,179.0,12.0,160.9,6.199999999999989,54.0,36.0,3.666874691080177,90,18.0,-174.5,0.2,151.0,
2025-04-28 07:41:59,158.0,96.0,161.0,48.0,157.0,12.0,165.8,40.0,159.5,3.0,108.0,88.0,3.7481835600840414,196,20.0,106.0,0.1,151.0,
2025-04-28 07:42:00,155.09,102.0,159.25,63.0,152.24,116.0,317.76,58.0,157.17,4.159999999999997,218.0,121.0,3.852936542441676,339,97.0,143.0,0.29,158.5,4.0
2025-04-28 07:42:01,154.08,60.0,157.79,24.0,152.01,133.0,384.0,48.0,155.94,3.70999999999998,193.0,72.0,2.926178395122282,265,121.0,-74.0,0.46,158.0,3.0
2025-04-28 07:42:02,155.38,65.0,157.0,13.0,153.0,13.0,382.15,54.0,156.19,1.6200000000000043,78.0,67.0,2.17086388336052,145,11.0,-120.0,0.08,158.0,
2025-04-28 07:42:03,153.52,44.0,367.7,46.0,152.01,115.0,610.08,61.0,260.61,214.18,159.0,107.0,46.26770223384881,266,52.0,121.0,0.2,153.0,7.0
2025-04-28 07:42:05,157.92,39.0,315.2,45.0,152.35,103.0,492.32,62.0,236.56,157.28,142.0,107.0,79.5389329196724,249,35.0,-51.0,0.14,153.0,
2025-04-28 07:42:06,159.85,20.0,218.67,27.0,155.94,102.0,473.5,40.0,189.26,58.81999999999999,122.0,67.0,72.78612594444186,189,55.0,-60.0,0.29,160.0,1.0
2025-04-28 07:42:07,156.09,180.0,312.84,38.0,155.57,56.0,334.97,61.0,234.47,156.74999999999997,236.0,99.0,57.74156258710156,335,137.0,146.0,0.41,158.0,4.0
2025-04-28 07:42:08,156.54,39.0,308.11,38.0,155.97,158.0,309.29,34.0,232.32,151.57000000000002,197.0,72.0,58.23381551985205,269,125.0,-66.0,0.46,158.0,
2025-04-28 07:42:09,158.82,17.0,256.96,55.0,156.08,216.0,304.42,45.0,207.89,98.14,233.0,100.0,20.778273508646844,333,133.0,64.0,0.4,158.0,
2025-04-28 07:42:10,160.0,17.0,172.83,60.0,159.0,51.0,174.75,53.0,166.42,12.830000000000013,68.0,113.0,28.955282246942826,181,-45.0,-152.0,-0.25,158.0,
2025-04-28 07:42:11,160.0,9.0,171.11,36.0,159.0,27.0,173.0,18.0,165.56,11.110000000000014,36.0,54.0,33.91118650239355,90,-18.0,-91.0,-0.2,158.0,
2025-04-28 07:42:12,159.67,24.0,166.79,68.0,158.86,56.0,168.5,48.0,163.23,7.1200000000000045,80.0,116.0,31.378663610805763,196,-36.0,106.0,-0.18,159.5,2.0
2025-04-28 07:42:13,159.0,20.0,162.49,35.0,158.0,20.0,163.79,28.0,160.74,3.490000000000009,40.0,63.0,19.757615493780943,103,-23.0,-93.0,-0.22,159.5,
2025-04-28 07:42:14,156.42,52.0,159.5,24.0,155.98,120.0,161.31,39.0,157.96,3.0800000000000125,172.0,63.0,3.484769719807049,235,109.0,132.0,0.46,158.5,4.0
2025-04-28 07:42:15,156.0,144.0,158.36,22.0,155.0,22.0,162.0,44.0,157.18,2.3600000000000136,166.0,66.0,3.523007238153568,232,100.0,-3.0,0.43,156.0,2.0
2025-04-28 07:42:16,156.0,88.0,157.31,26.0,155.0,22.0,280.02,45.0,156.65,1.3100000000000025,110.0,71.0,2.771348047445634,181,39.0,-51.0,0.22,156.0,6.0
2025-04-28 07:42:17,156.0,28.0,288.25,16.0,155.0,12.0,330.79,24.0,222.12,132.25,40.0,40.0,28.659439980573445,80,0.0,-101.0,0.0,156.0,2.0
2025-04-28 07:42:18,156.0,26.0,333.47,34.0,155.0,20.0,344.96,46.0,244.74,177.47000000000003,46.0,80.0,42.48038959331832,126,-34.0,46.0,-0.27,156.0,2.0
2025-04-28 07:42:19,156.0,16.0,311.33,36.0,155.0,16.0,376.21,28.0,233.67,155.32999999999998,32.0,64.0,42.70879265444204,96,-32.0,-30.0,-0.33,156.0,
2025-04-28 07:42:20,156.0,10.0,291.12,17.0,155.0,10.0,381.11,27.0,223.56,135.12,20.0,44.0,34.47875244262958,64,-24.0,-32.0,-0.38,156.0,
2025-04-28 07:42:21,156.0,26.0,288.86,49.0,155.0,26.0,424.16,57.0,222.43,132.86,52.0,106.0,9.86391555114644,158,-54.0,94.0,-0.34,156.0,
2025-04-28 07:42:22,156.0,26.0,286.85,13.0,155.0,26.0,289.0,26.0,221.42,130.85000000000002,52.0,39.0,9.995460469640634,91,13.0,-67.0,0.14,156.0,
2025-04-28 07:42:23,155.92,13.0,241.86,7.0,154.6,15.0,346.8,15.0,198.89,85.94000000000003,28.0,22.0,12.777868758135686,50,6.0,-41.0,0.12,155.67,3.0
2025-04-28 07:42:24,155.0,8.0,224.5,10.0,153.0,24.0,522.44,18.0,189.75,69.5,32.0,28.0,15.771564602160815,60,4.0,10.0,0.07,155.67,
2025-04-28 07:42:25,155.0,14.0,204.71,14.0,153.0,42.0,206.43,14.0,179.86,49.71000000000001,56.0,28.0,18.995598174317223,84,28.0,24.0,0.33,155.67,
2025-04-28 07:42:26,153.03,71.0,201.27,15.0,151.38,55.0,203.07,15.0,177.15,48.24000000000001,126.0,30.0,17.86040397079851,156,96.0,72.0,0.62,152.33,9.0
2025-04-28 07:42:27,156.0,48.0,200.83,6.0,155.0,6.0,203.0,6.0,178.42,44.83000000000001,54.0,12.0,9.309405459002583,66,42.0,-90.0,0.64,152.33,
2025-04-28 07:42:28,156.0,88.0,199.55,11.0,155.0,11.0,203.0,11.0,177.77,43.55000000000001,99.0,22.0,5.218558230019377,121,77.0,55.0,0.64,152.33,
2025-04-28 07:42:29,156.0,24.0,197.2,5.0,155.0,5.0,198.4,5.0,176.6,41.19999999999999,29.0,10.0,1.261289023222021,39,19.0,-82.0,0.49,156.0,4.0
2025-04-28 07:42:30,156.0,40.0,194.4,10.0,155.0,10.0,195.7,10.0,175.2,38.400000000000006,50.0,20.0,1.2275870641626316,70,30.0,31.0,0.43,156.0,
2025-04-28 07:42:31,156.0,40.0,191.4,10.0,155.0,10.0,303.36,14.0,173.7,35.400000000000006,50.0,24.0,1.9175557358519584,74,26.0,4.0,0.35,156.0,
2025-04-28 07:42:32,155.71,17.0,188.91,32.0,152.17,53.0,320.0,12.0,172.31,33.19999999999999,70.0,44.0,2.1869910836803843,114,26.0,40.0,0.23,156.0,4.0
2025-04-28 07:42:33,152.09,65.0,187.28,25.0,151.59,34.0,187.41,29.0,169.69,35.19,99.0,54.0,2.667967391123024,153,45.0,39.0,0.29,153.5,2.0
2025-04-28 07:42:34,152.0,18.0,184.0,2.0,151.0,4.0,187.0,10.0,168.0,32.0,22.0,12.0,2.92917223803824,34,10.0,-119.0,0.29,153.5,
2025-04-28 07:42:35,152.0,63.0,182.7,23.0,151.0,14.0,186.37,19.0,167.35,30.69999999999999,77.0,42.0,2.735150818527622,119,35.0,85.0,0.29,153.5,
2025-04-28 07:42:36,153.19,27.0,176.66,47.0,152.24,41.0,181.95,22.0,164.92,23.47,68.0,69.0,2.7527495345727537,137,-1.0,18.0,-0.01,153.5,
2025-04-28 07:42:37,154.62,26.0,163.14,49.0,153.0,22.0,167.51,47.0,158.88,8.519999999999982,48.0,96.0,4.21397318454777,144,-48.0,7.0,-0.33,153.5,
2025-04-28 07:42:38,154.62,16.0,160.43,14.0,152.4,50.0,161.53,34.0,157.53,5.810000000000002,66.0,48.0,4.846125256334696,114,18.0,-30.0,0.16,155.0,5.0
2025-04-28 07:42:39,152.29,21.0,157.89,35.0,151.81,52.0,158.28,25.0,155.09,5.599999999999994,73.0,60.0,5.1684069112331095,133,13.0,19.0,0.1,153.71,7.0
2025-04-28 07:42:40,152.0,30.0,155.2,40.0,151.0,20.0,157.0,10.0,153.6,3.1999999999999886,50.0,50.0,4.379204265626257,100,0.0,-33.0,0.0,153.71,
2025-04-28 07:42:41,152.75,63.0,155.0,36.0,150.08,26.0,157.0,9.0,153.87,2.25,89.0,45.0,2.320997630347104,134,44.0,34.0,0.33,152.0,3.0
2025-04-28 07:42:42,154.0,44.0,194.0,27.0,153.0,63.0,272.68,25.0,174.0,40.0,107.0,52.0,8.627865900677875,159,55.0,25.0,0.35,154.0,6.0
2025-04-28 07:42:43,153.12,57.0,249.18,11.0,152.71,70.0,450.64,44.0,201.15,96.06,127.0,55.0,20.66130852584341,182,72.0,23.0,0.4,154.0,2.0
2025-04-28 07:42:44,153.0,90.0,246.44,9.0,151.0,18.0,664.67,21.0,199.72,93.44,108.0,30.0,23.396381557841355,138,78.0,-44.0,0.57,154.0,
2025-04-28 07:42:45,154.5,18.0,244.89,9.0,153.09,55.0,403.06,18.0,199.69,90.39,73.0,27.0,21.10107177373009,100,46.0,-38.0,0.46,154.0,
2025-04-28 07:42:46,158.55,11.0,243.15,13.0,156.0,11.0,373.6,20.0,200.85,84.6,22.0,33.0,11.803451613833932,55,-11.0,-45.0,-0.2,154.0,
2025-04-28 07:42:47,159.56,9.0,241.75,24.0,157.67,18.0,243.0,8.0,200.65,82.19,27.0,32.0,0.6695670243707099,59,-5.0,4.0,-0.08,159.0,2.0
2025-04-28 07:42:48,158.0,14.0,227.2,15.0,156.0,7.0,240.92,13.0,192.6,69.19999999999999,21.0,28.0,3.4516474327663897,49,-7.0,-10.0,-0.14,159.0,
2025-04-28 07:42:49,158.0,28.0,173.86,42.0,156.0,14.0,204.14,14.0,165.93,15.860000000000014,42.0,56.0,14.935447097429517,98,-14.0,49.0,-0.14,159.0,
2025-04-28 07:42:50,158.0,20.0,171.8,10.0,156.0,10.0,173.0,30.0,164.9,13.800000000000011,30.0,40.0,18.17676346328214,70,-10.0,-28.0,-0.14,159.0,
2025-04-28 07:42:51,158.0,28.0,170.05,38.0,156.0,14.0,171.67,18.0,164.03,12.050000000000011,42.0,56.0,17.592071225415758,98,-14.0,28.0,-0.14,159.0,
2025-04-28 07:42:52,158.13,23.0,169.44,27.0,156.75,16.0,169.56,25.0,163.79,11.310000000000002,39.0,52.0,12.522254190044762,91,-13.0,-7.0,-0.14,159.0,
2025-04-28 07:42:53,159.0,11.0,167.19,37.0,158.0,22.0,180.92,25.0,163.09,8.189999999999998,33.0,62.0,1.09572806849504,95,-29.0,4.0,-0.31,159.0,
2025-04-28 07:42:54,159.0,9.0,165.56,36.0,158.0,18.0,168.0,27.0,162.28,6.560000000000002,27.0,63.0,0.9889236573604532,90,-36.0,-5.0,-0.4,159.0,
2025-04-28 07:42:55,158.1,10.0,163.3,30.0,156.36,11.0,165.0,40.0,160.7,5.200000000000017,21.0,70.0,1.346762785380705,91,-49.0,1.0,-0.54,158.5,2.0
2025-04-28 07:42:56,158.0,13.0,162.0,39.0,156.0,13.0,165.0,52.0,160.0,4.0,26.0,91.0,1.593477329642822,117,-65.0,26.0,-0.56,156.0,4.0
2025-04-28 07:42:57,155.0,38.0,161.16,38.0,153.0,80.0,162.75,32.0,158.08,6.159999999999997,118.0,70.0,1.9671298889713709,188,48.0,71.0,0.26,155.0,1.0
2025-04-28 07:42:58,154.2,40.0,160.19,37.0,152.89,72.0,161.27,33.0,157.19,5.990000000000009,112.0,70.0,2.0407351616717477,182,42.0,-6.0,0.23,155.0,3.0
2025-04-28 07:42:59,153.0,88.0,157.55,38.0,152.0,98.0,158.69,39.0,155.28,4.550000000000011,186.0,77.0,2.181650751170347,263,109.0,81.0,0.41,155.0,
2025-04-28 07:43:00,153.59,68.0,156.0,36.0,152.38,126.0,205.47,34.0,154.79,2.4099999999999966,194.0,70.0,2.122609243379727,264,124.0,1.0,0.47,155.0,6.0
2025-04-28 07:43:01,153.0,93.0,155.06,48.0,152.0,208.0,440.17,18.0,154.03,2.0600000000000023,301.0,66.0,1.6975364502949322,367,235.0,103.0,0.64,153.0,8.0
2025-04-28 07:43:02,152.08,143.0,315.0,28.0,151.48,21.0,500.69,16.0,233.54,162.92,164.0,44.0,34.99937613729841,208,120.0,-159.0,0.58,152.0,3.0
2025-04-28 07:43:03,153.13,110.0,456.0,14.0,152.4,150.0,532.29,14.0,304.56,302.87,260.0,28.0,67.47929423163909,288,232.0,80.0,0.81,153.0,3.0
2025-04-28 07:43:04,153.12,57.0,350.06,16.0,152.23,78.0,403.62,8.0,251.59,196.94,135.0,24.0,65.0684145342434,159,111.0,-129.0,0.7,154.33,3.0
2025-04-28 07:43:05,153.5,80.0,302.28,18.0,152.0,100.0,367.3,10.0,227.89,148.77999999999997,180.0,28.0,54.13027775653984,208,152.0,49.0,0.73,154.33,
2025-04-28 07:43:06,156.46,104.0,287.77,52.0,152.0,130.0,356.67,21.0,222.12,131.30999999999997,234.0,73.0,33.523058482187515,307,161.0,99.0,0.52,154.33,
2025-04-28 07:43:07,158.17,96.0,286.92,48.0,152.0,120.0,380.56,25.0,222.54,128.75000000000003,216.0,73.0,35.03134953152908,289,143.0,-18.0,0.49,154.33,
2025-04-28 07:43:08,159.37,89.0,284.31,52.0,152.0,130.0,356.0,36.0,221.84,124.94,219.0,88.0,12.764009166407998,307,131.0,18.0,0.43,160.0,3.0
2025-04-28 07:43:09,160.0,60.0,283.83,48.0,152.19,95.0,351.17,30.0,221.92,123.82999999999998,155.0,78.0,2.601291986713892,233,77.0,-74.0,0.33,160.0,
2025-04-28 07:43:10,159.86,50.0,198.14,71.0,152.72,71.0,218.87,67.0,179.0,38.27999999999997,121.0,138.0,19.27904769432694,259,-17.0,26.0,-0.07,158.0,7.0
2025-04-28 07:43:11,153.88,17.0,195.33,60.0,152.0,281.0,196.67,60.0,174.61,41.45000000000002,298.0,120.0,24.859073192702176,418,178.0,159.0,0.43,158.0,
2025-04-28 07:43:12,158.0,18.0,169.09,22.0,153.0,6.0,177.14,14.0,163.55,11.090000000000003,24.0,36.0,27.686988460287857,60,-12.0,-174.5,-0.2,158.0,
2025-04-28 07:43:13,158.0,45.0,169.0,60.0,153.0,15.0,192.0,52.0,163.5,11.0,60.0,112.0,24.129130320011576,172,-52.0,112.0,-0.3,158.0,
2025-04-28 07:43:14,152.57,178.0,167.79,56.0,151.34,149.0,192.17,48.0,160.18,15.22,327.0,104.0,8.151010366825124,431,223.0,173.5,0.52,155.8,5.0
2025-04-28 07:43:15,156.0,70.0,165.7,40.0,152.0,160.0,181.0,40.0,160.85,9.699999999999989,230.0,80.0,5.832929795573355,310,150.0,-121.0,0.48,155.8,
2025-04-28 07:43:16,156.0,91.0,162.88,57.0,152.0,208.0,164.85,52.0,159.44,6.879999999999996,299.0,109.0,1.9112116575839104,408,190.0,98.0,0.47,155.8,
2025-04-28 07:43:17,156.0,56.0,160.56,36.0,152.0,128.0,161.89,36.0,158.28,4.560000000000002,184.0,72.0,1.9534840670155689,256,112.0,-152.0,0.44,155.8,
2025-04-28 07:43:18,156.0,98.0,159.12,68.0,152.0,224.0,160.17,58.0,157.56,3.1200000000000045,322.0,126.0,1.3469669632483985,448,196.0,173.5,0.44,155.8,
2025-04-28 07:43:19,156.0,60.0,157.55,44.0,152.53,34.0,158.65,46.0,156.77,1.5500000000000114,94.0,90.0,1.6046027546037616,184,4.0,-174.5,0.02,156.0,7.0
2025-04-28 07:43:20,152.24,68.0,157.0,60.0,151.76,168.0,160.0,48.0,154.62,4.759999999999991,236.0,108.0,1.8072852569754712,344,128.0,160.0,0.37,152.4,5.0
2025-04-28 07:43:21,153.48,77.0,156.82,67.0,151.83,173.0,347.72,50.0,155.15,3.3400000000000034,250.0,117.0,1.5587591218915664,367,133.0,23.0,0.36,155.0,8.0
2025-04-28 07:43:22,152.28,86.0,155.79,38.0,151.46,112.0,212.53,38.0,154.03,3.509999999999991,198.0,76.0,1.486179666150579,274,122.0,-93.0,0.45,155.0,2.0
2025-04-28 07:43:24,152.0,36.0,225.25,16.0,151.0,90.0,507.5,24.0,188.62,73.25,126.0,40.0,15.426938451944505,166,86.0,-92.0,0.52,154.0,2.0
2025-04-28 07:43:25,153.0,99.0,303.13,30.0,152.0,36.0,390.6,30.0,228.07,150.13,135.0,60.0,32.86814612965105,195,75.0,29.0,0.38,154.0,
2025-04-28 07:43:26,154.76,46.0,327.0,12.0,152.0,24.0,357.0,30.0,240.88,172.24,70.0,42.0,40.82953771474897,112,28.0,-83.0,0.25,155.0,5.0
2025-04-28 07:43:27,155.15,60.0,375.67,42.0,152.0,54.0,454.75,60.0,265.41,220.52,114.0,102.0,44.53629677016407,216,12.0,104.0,0.06,155.0,3.0
2025-04-28 07:43:28,156.25,12.0,400.0,8.0,152.0,60.0,525.11,18.0,278.12,243.75,72.0,26.0,34.93409580911098,98,46.0,-118.0,0.47,155.0,
2025-04-28 07:43:29,153.71,84.0,358.72,29.0,151.77,175.0,565.15,52.0,256.22,205.01,259.0,81.0,19.75507656275103,340,178.0,173.5,0.52,155.0,6.0
2025-04-28 07:43:30,154.84,49.0,267.0,27.0,152.37,38.0,499.19,21.0,210.92,112.16,87.0,48.0,25.869051006949466,135,39.0,-174.5,0.29,155.0,3.0
2025-04-28 07:43:31,156.0,31.0,172.68,22.0,155.0,28.0,715.27,33.0,164.34,16.680000000000007,59.0,55.0,46.923003100826186,114,4.0,-21.0,0.04,156.0,4.0
2025-04-28 07:43:32,156.0,4.0,158.0,12.0,155.0,16.0,650.25,20.0,157.0,2.0,20.0,32.0,53.8892215568209,52,-12.0,-62.0,-0.23,156.0,
2025-04-28 07:43:33,155.56,9.0,157.79,19.0,154.82,22.0,474.07,28.0,156.67,2.2299999999999898,31.0,47.0,43.80740462524705,78,-16.0,26.0,-0.21,156.0,1.0
2025-04-28 07:43:34,155.43,14.0,157.31,29.0,154.71,28.0,335.0,30.0,156.37,1.8799999999999957,42.0,59.0,23.635406702659125,101,-17.0,23.0,-0.17,156.0,1.0
2025-04-28 07:43:35,155.0,54.0,173.18,39.0,153.0,30.0,435.11,57.0,164.09,18.180000000000007,84.0,96.0,4.134045234404071,180,-12.0,79.0,-0.07,155.67,3.0
2025-04-28 07:43:36,155.14,21.0,243.8,30.0,153.2,20.0,478.52,44.0,199.47,88.66000000000003,41.0,74.0,18.58818710902447,115,-33.0,-65.0,-0.29,155.67,
2025-04-28 07:43:37,156.54,39.0,188.71,51.0,155.0,26.0,235.49,49.0,172.62,32.170000000000016,65.0,100.0,17.843889150073352,165,-35.0,50.0,-0.21,155.67,
2025-04-28 07:43:38,157.0,30.0,171.7,30.0,155.0,20.0,213.0,30.0,164.35,14.699999999999989,50.0,60.0,16.72162372498874,110,-10.0,-55.0,-0.09,155.67,
2025-04-28 07:43:39,157.5,30.0,170.0,30.0,155.0,20.0,199.88,48.0,163.75,12.5,50.0,78.0,15.33358014294467,128,-28.0,18.0,-0.22,155.67,
2025-04-28 07:43:40,157.21,38.0,169.27,45.0,154.07,30.0,436.22,69.0,163.24,12.060000000000002,68.0,114.0,15.459260331597594,182,-46.0,54.0,-0.25,160.0,3.0
2025-04-28 07:43:41,152.41,73.0,166.0,36.0,152.18,17.0,432.17,36.0,159.21,13.590000000000003,90.0,72.0,4.899013165944954,162,18.0,-20.0,0.11,153.6,5.0
2025-04-28 07:43:42,152.0,94.0,216.95,38.0,151.0,13.0,403.67,45.0,184.47,64.94999999999999,107.0,83.0,9.970049147326376,190,24.0,28.0,0.13,152.3,10.0
2025-04-28 07:43:43,151.62,13.0,340.44,27.0,128.4,15.0,687.78,45.0,246.03,188.82,28.0,72.0,36.40517820310887,100,-44.0,-90.0,-0.44,152.0,2.0
2025-04-28 07:43:45,149.5,6.0,434.81,26.0,128.2,15.0,621.82,22.0,292.15,285.31,21.0,48.0,75.74663768115484,69,-27.0,1.0,-0.39,149.5,2.0
2025-04-28 07:43:46,156.0,20.0,375.5,48.0,130.11,18.0,501.56,48.0,265.75,219.5,38.0,96.0,58.59896500792619,134,-58.0,65.0,-0.43,149.5,
2025-04-28 07:43:47,158.0,16.0,337.0,32.0,152.0,21.0,338.0,24.0,247.5,179.0,37.0,56.0,40.5832629294413,93,-19.0,-41.0,-0.2,149.5,
2025-04-28 07:43:48,158.0,16.0,336.24,34.0,154.0,16.0,437.79,38.0,247.12,178.24,32.0,72.0,40.36431381802699,104,-40.0,11.0,-0.38,149.5,
2025-04-28 07:43:49,158.67,24.0,333.32,37.0,156.0,16.0,334.86,35.0,246.0,174.65,40.0,72.0,19.902206661577782,112,-32.0,8.0,-0.29,149.5,
2025-04-28 07:43:50,159.75,32.0,331.75,32.0,158.0,16.0,333.0,40.0,245.75,172.0,48.0,72.0,8.598990056986066,120,-24.0,8.0,-0.2,149.5,
2025-04-28 07:43:51,158.67,12.0,208.03,39.0,154.44,18.0,285.9,20.0,183.35,49.360000000000014,30.0,59.0,28.29246242376464,89,-29.0,-31.0,-0.33,159.6,5.0
2025-04-28 07:43:52,158.0,8.0,175.9,39.0,154.0,16.0,306.67,33.0,166.95,17.900000000000006,24.0,72.0,39.3974114631929,96,-48.0,7.0,-0.5,159.6,
2025-04-28 07:43:53,158.0,9.0,173.79,39.0,154.0,18.0,175.43,42.0,165.9,15.789999999999992,27.0,81.0,41.01450048458608,108,-54.0,12.0,-0.5,159.6,
2025-04-28 07:43:54,158.0,9.0,170.32,44.0,154.0,18.0,171.46,37.0,164.16,12.319999999999991,27.0,81.0,34.70575125249561,108,-54.0,0.0,-0.5,159.6,
2025-04-28 07:43:55,158.0,12.0,169.02,55.0,154.25,24.0,170.08,53.0,163.51,11.02000000000001,36.0,108.0,8.26204151527267,144,-72.0,36.0,-0.5,159.6,
2025-04-28 07:43:56,158.0,9.0,167.0,45.0,154.0,18.0,168.0,36.0,162.5,9.0,27.0,81.0,1.8030612857266533,108,-54.0,-36.0,-0.5,159.6,
2025-04-28 07:43:57,158.0,14.0,165.26,62.0,154.0,32.0,166.62,64.0,161.63,7.259999999999991,46.0,126.0,1.634365320265199,172,-80.0,64.0,-0.47,159.6,
2025-04-28 07:43:58,158.0,8.0,163.15,33.0,154.0,32.0,164.1,39.0,160.58,5.150000000000006,40.0,72.0,1.4331887524275562,112,-32.0,-60.0,-0.29,159.6,
2025-04-28 07:43:59,156.56,25.0,162.11,36.0,155.08,52.0,163.13,46.0,159.34,5.550000000000011,77.0,82.0,1.6254445546016705,159,-5.0,47.0,-0.03,157.0,2.0
2025-04-28 07:44:00,155.18,78.0,157.0,60.0,153.8,40.0,162.45,62.0,156.09,1.8199999999999927,118.0,122.0,2.498153317969748,240,-4.0,81.0,-0.02,156.0,6.0
2025-04-28 07:44:01,155.65,54.0,163.33,54.0,152.39,44.0,343.83,29.0,159.49,7.680000000000007,98.0,83.0,2.08144901452879,181,15.0,-59.0,0.08,153.5,6.0
2025-04-28 07:44:02,158.18,68.0,163.36,28.0,156.0,24.0,172.75,40.0,160.77,5.180000000000007,92.0,68.0,1.879529196390092,160,24.0,-21.0,0.15,159.0,2.0
2025-04-28 07:44:03,161.0,65.0,162.26,47.0,156.0,33.0,164.09,33.0,161.63,1.259999999999991,98.0,80.0,2.1093316477223034,178,18.0,18.0,0.1,161.0,3.0
2025-04-28 07:44:04,161.0,36.0,162.0,45.0,159.57,75.0,167.0,9.0,161.5,1.0,111.0,54.0,2.290956132291303,165,57.0,-13.0,0.35,161.0,
2025-04-28 07:44:05,160.09,114.0,218.69,52.0,159.53,68.0,315.5,34.0,189.39,58.6,182.0,86.0,12.792833149857248,268,96.0,103.0,0.36,161.0,4.0
2025-04-28 07:44:06,160.0,130.0,285.09,23.0,158.0,20.0,351.48,23.0,222.54,125.08999999999996,150.0,46.0,27.128609068658363,196,104.0,-72.0,0.53,161.0,
2025-04-28 07:44:07,160.75,159.0,267.52,29.0,159.89,110.0,301.38,26.0,214.14,106.76999999999998,269.0,55.0,28.543572831726895,324,214.0,128.0,0.66,161.0,
2025-04-28 07:44:08,161.0,165.0,260.0,27.0,160.0,143.0,267.17,29.0,210.5,99.0,308.0,56.0,24.55767863622502,364,252.0,40.0,0.69,161.0,
2025-04-28 07:44:09,161.0,180.0,242.11,18.0,160.0,156.0,243.1,30.0,201.56,81.11000000000001,336.0,48.0,12.673471505475783,384,288.0,20.0,0.75,161.0,5.0
2025-04-28 07:44:10,161.0,50.0,241.0,7.0,160.0,91.0,243.0,21.0,201.0,80.0,141.0,28.0,9.039652648199906,169,113.0,-174.5,0.67,161.0,8.0
2025-04-28 07:44:11,161.0,21.0,239.85,33.0,160.0,156.0,240.26,27.0,200.42,78.85,177.0,60.0,6.348754208512526,237,117.0,68.0,0.49,161.0,1.0
2025-04-28 07:44:12,161.0,11.0,237.24,21.0,160.0,143.0,237.94,36.0,199.12,76.24000000000001,154.0,57.0,4.55198857644701,211,97.0,-26.0,0.46,161.0,
2025-04-28 07:44:13,161.0,12.0,221.91,33.0,160.0,156.0,215.86,22.0,191.45,60.91,168.0,55.0,4.158316967247959,223,113.0,12.0,0.51,161.0,
2025-04-28 07:44:14,161.0,15.0,194.6,45.0,160.0,195.0,196.06,51.0,177.8,33.599999999999994,210.0,96.0,9.815351241809946,306,114.0,83.0,0.37,161.0,
2025-04-28 07:44:15,160.08,76.0,187.59,39.0,159.74,106.0,189.26,42.0,173.83,27.50999999999999,182.0,81.0,12.178560259739148,263,101.0,-43.0,0.38,160.25,4.0
