DateTime,Bid1_Price,Bid1_Volume,Ask1_Price,Ask1_Volume,Bid2_Price,Bid2_Volume,Ask2_Price,Ask2_Volume,Mid-Price,Bid_Ask_Spread,Market_Depth_Bid,Market_Depth_Ask,Historical_Volatility,Total_volume,Cumulative_Volume_Difference,Total_Volume_Change_Corrected,Order_imbalance,Weighted_Avg_Price,Trade_Volume
2025-05-09 07:30:02,151.0,24.0,190.09,11.0,0.0,0.0,194.0,12.0,170.55,39.09,24.0,23.0,,47,1.0,29.0,0.02,,
2025-05-09 07:30:06,142.67,42.0,164.0,27.0,119.5,36.0,166.0,36.0,153.33,21.330000000000013,78.0,63.0,28.29766474463925,141,15.0,79.0,0.11,,
2025-05-09 07:30:07,144.0,24.0,164.43,14.0,92.5,36.0,168.2,20.0,154.21,20.430000000000007,60.0,34.0,29.32892889281842,94,26.0,-47.0,0.28,165.56,9.0
2025-05-09 07:30:08,144.89,36.0,167.0,9.0,105.59,29.0,177.0,18.0,155.94,22.110000000000014,65.0,27.0,26.118534223803582,92,38.0,-2.0,0.41,165.56,
2025-05-09 07:30:09,149.36,56.0,166.77,13.0,137.2,25.0,175.7,23.0,158.06,17.409999999999997,81.0,36.0,12.291121592434084,117,45.0,25.0,0.38,165.56,
2025-05-09 07:30:10,159.43,42.0,165.96,28.0,157.24,58.0,166.82,11.0,162.7,6.530000000000001,100.0,39.0,3.7374683945151226,139,61.0,22.0,0.44,165.56,
2025-05-09 07:30:11,160.18,38.0,164.76,29.0,158.4,57.0,165.14,43.0,162.47,4.579999999999984,95.0,72.0,3.820906960395608,167,23.0,28.0,0.14,164.75,4.0
2025-05-09 07:30:12,163.42,24.0,167.62,32.0,161.1,63.0,169.6,30.0,165.52,4.200000000000017,87.0,62.0,3.863589005057325,149,25.0,-18.0,0.17,166.71,7.0
2025-05-09 07:30:13,165.74,43.0,184.69,39.0,164.41,27.0,193.91,35.0,175.22,18.94999999999999,70.0,74.0,6.410170044546422,144,-4.0,-5.0,-0.03,166.71,
2025-05-09 07:30:14,173.0,63.0,181.97,33.0,171.03,31.0,184.0,12.0,177.48,8.969999999999999,94.0,45.0,7.15055382470482,139,49.0,-5.0,0.35,166.71,
2025-05-09 07:30:15,173.93,73.0,177.93,27.0,172.88,100.0,181.83,48.0,175.93,4.0,173.0,75.0,6.825872105452979,248,98.0,109.0,0.4,166.71,
2025-05-09 07:30:16,175.0,20.0,176.0,20.0,173.0,40.0,179.14,14.0,175.5,1.0,60.0,34.0,4.7817256299375215,94,26.0,-154.0,0.28,166.71,
2025-05-09 07:30:17,176.58,48.0,179.0,48.0,173.0,96.0,180.0,12.0,177.79,2.4199999999999875,144.0,60.0,1.174789342819265,204,84.0,110.0,0.41,166.71,
2025-05-09 07:30:18,177.0,52.0,178.25,16.0,173.39,92.0,179.02,49.0,177.62,1.25,144.0,65.0,1.0655186530520075,209,79.0,5.0,0.38,166.71,
2025-05-09 07:30:19,174.45,55.0,178.0,10.0,173.06,49.0,179.0,40.0,176.23,3.550000000000012,104.0,50.0,1.030936467490484,154,54.0,-55.0,0.35,176.2,5.0
2025-05-09 07:30:20,173.0,36.0,178.0,9.0,172.0,27.0,179.0,36.0,175.5,5.0,63.0,45.0,1.11663333283659,108,18.0,-46.0,0.17,173.0,3.0
2025-05-09 07:30:21,173.0,48.0,178.0,12.0,172.0,36.0,179.17,48.0,175.5,5.0,84.0,60.0,1.11663333283659,144,24.0,36.0,0.17,173.0,
2025-05-09 07:30:22,173.0,44.0,176.64,11.0,172.0,33.0,180.0,44.0,174.82,3.6399999999999855,77.0,55.0,1.0662926427588746,132,22.0,-12.0,0.17,173.0,
2025-05-09 07:30:23,173.0,48.0,175.5,12.0,172.0,36.0,181.0,48.0,174.25,2.5,84.0,60.0,0.7532927717704754,144,24.0,12.0,0.17,173.0,
2025-05-09 07:30:24,173.0,30.0,174.38,8.0,172.0,24.0,181.0,32.0,173.69,1.3799999999999957,54.0,40.0,0.7911194600068961,94,14.0,-50.0,0.15,173.0,1.0
2025-05-09 07:30:25,173.0,29.0,179.42,24.0,172.0,36.0,182.73,44.0,176.21,6.419999999999988,65.0,68.0,0.99610742392657,133,-3.0,39.0,-0.02,173.0,1.0
2025-05-09 07:30:26,173.0,22.0,178.73,11.0,172.0,33.0,182.38,45.0,175.86,5.72999999999999,55.0,56.0,1.0617108834337348,111,-1.0,-22.0,-0.01,173.0,
2025-05-09 07:30:27,173.17,36.0,178.0,16.0,171.67,55.0,183.0,80.0,175.58,4.8300000000000125,91.0,96.0,1.0896191995379212,187,-5.0,76.0,-0.03,173.0,
2025-05-09 07:30:28,171.89,18.0,178.0,9.0,169.56,36.0,183.0,45.0,174.94,6.110000000000014,54.0,54.0,0.9914786936700524,108,0.0,-79.0,0.0,171.8,5.0
2025-05-09 07:30:29,171.0,16.0,177.5,8.0,169.0,16.0,182.94,36.0,174.25,6.5,32.0,44.0,0.7792753043704681,76,-12.0,-32.0,-0.16,171.8,
2025-05-09 07:30:30,172.67,24.0,177.0,12.0,170.83,24.0,181.0,12.0,174.83,4.3300000000000125,48.0,24.0,0.6380987384423195,72,24.0,-4.0,0.33,171.8,
2025-05-09 07:30:31,176.22,36.0,177.32,25.0,172.77,26.0,182.19,37.0,176.77,1.0999999999999943,62.0,62.0,0.9603280689439854,124,0.0,52.0,0.0,175.4,5.0
2025-05-09 07:30:32,178.0,36.0,181.0,19.0,174.0,20.0,226.6,30.0,179.5,3.0,56.0,49.0,2.143658088409086,105,7.0,-19.0,0.07,178.0,4.0
2025-05-09 07:30:33,174.31,13.0,180.76,21.0,173.05,44.0,275.26,23.0,177.53,6.449999999999989,57.0,44.0,2.1187449114987182,101,13.0,-4.0,0.13,174.0,1.0
2025-05-09 07:30:34,175.85,26.0,180.0,13.0,172.26,23.0,181.38,39.0,177.92,4.150000000000006,49.0,52.0,1.7072346060227672,101,-3.0,0.0,-0.03,174.0,
2025-05-09 07:30:35,175.29,17.0,180.0,8.0,171.91,22.0,182.0,24.0,177.65,4.710000000000008,39.0,32.0,1.0041563623269654,71,7.0,-30.0,0.1,176.0,2.0
2025-05-09 07:30:36,172.0,36.0,180.0,12.0,171.0,24.0,182.0,36.0,176.0,8.0,60.0,48.0,1.2457728524902574,108,12.0,37.0,0.11,176.0,
2025-05-09 07:30:37,172.0,24.0,179.62,8.0,171.0,16.0,181.67,18.0,175.81,7.620000000000003,40.0,26.0,0.9955249871307436,66,14.0,-42.0,0.21,176.0,
2025-05-09 07:30:38,173.24,87.0,178.0,17.0,172.04,54.0,179.0,17.0,175.62,4.759999999999991,141.0,34.0,1.0942348925169758,175,107.0,109.0,0.61,176.0,
2025-05-09 07:30:39,173.17,48.0,178.0,10.0,171.94,64.0,179.0,10.0,175.58,4.8300000000000125,112.0,20.0,0.8649103999846477,132,92.0,-43.0,0.7,173.5,8.0
2025-05-09 07:30:40,172.0,100.0,177.2,10.0,169.1,20.0,178.2,10.0,174.6,5.199999999999989,120.0,20.0,0.5418671423896828,140,100.0,8.0,0.71,173.5,
2025-05-09 07:30:41,172.04,71.0,175.9,10.0,171.32,41.0,178.8,10.0,173.97,3.8600000000000136,112.0,20.0,0.7953804121308992,132,92.0,-8.0,0.7,172.0,1.0
2025-05-09 07:30:42,172.0,105.0,175.0,14.0,170.0,28.0,179.0,14.0,173.5,3.0,133.0,28.0,0.94777634492609,161,105.0,29.0,0.65,172.0,4.0
2025-05-09 07:30:43,172.35,43.0,175.0,12.0,171.18,34.0,178.25,12.0,173.67,2.6500000000000057,77.0,24.0,0.8467171900944214,101,53.0,-60.0,0.52,172.0,
2025-05-09 07:30:44,174.26,27.0,177.25,12.0,172.0,48.0,180.79,33.0,175.75,2.990000000000009,75.0,45.0,0.9135480282948424,120,30.0,19.0,0.25,174.0,1.0
2025-05-09 07:30:45,174.08,26.0,177.0,32.0,170.44,32.0,217.59,29.0,175.54,2.9199999999999875,58.0,61.0,1.0738854687541968,119,-3.0,-1.0,-0.03,176.67,3.0
2025-05-09 07:30:46,170.18,56.0,176.0,26.0,169.77,71.0,177.92,39.0,173.09,5.819999999999993,127.0,65.0,1.2390117029315724,192,62.0,73.0,0.32,176.67,
2025-05-09 07:30:47,172.0,30.0,175.6,30.0,170.0,180.0,178.0,45.0,173.8,3.5999999999999943,210.0,75.0,1.1965157750741942,285,135.0,93.0,0.47,176.67,
2025-05-09 07:30:48,172.43,21.0,174.0,18.0,170.15,78.0,178.44,27.0,173.21,1.5699999999999932,99.0,45.0,1.278659454272862,144,54.0,-141.0,0.38,176.67,
2025-05-09 07:30:49,172.27,22.0,174.0,20.0,170.08,100.0,179.0,30.0,173.14,1.7299999999999898,122.0,50.0,1.0375114457206172,172,72.0,28.0,0.42,176.67,
2025-05-09 07:30:50,172.4,20.0,174.65,23.0,171.12,82.0,179.06,31.0,173.53,2.25,102.0,54.0,0.3025392536534832,156,48.0,-16.0,0.31,173.0,1.0
2025-05-09 07:30:51,172.0,50.0,179.0,24.0,170.0,96.0,181.0,8.0,175.5,7.0,146.0,32.0,0.966969492797642,178,114.0,22.0,0.64,172.0,2.0
2025-05-09 07:30:52,170.45,85.0,178.96,28.0,169.8,60.0,180.5,12.0,174.71,8.51000000000002,145.0,40.0,1.041282862627338,185,105.0,7.0,0.57,171.71,7.0
2025-05-09 07:30:53,170.0,110.0,178.0,18.0,169.0,20.0,179.0,30.0,174.0,8.0,130.0,48.0,0.9433610125510974,178,82.0,-7.0,0.46,171.71,
2025-05-09 07:30:54,170.0,154.0,177.5,28.0,167.35,68.0,178.6,35.0,173.75,7.5,222.0,63.0,0.8052142572020574,285,159.0,107.0,0.56,171.71,
2025-05-09 07:30:55,172.98,109.0,176.0,73.0,169.93,118.0,180.88,16.0,174.49,3.0200000000000102,227.0,89.0,0.6812121549132298,316,138.0,31.0,0.44,175.0,6.0
2025-05-09 07:30:56,170.24,63.0,176.0,36.0,169.73,45.0,221.13,15.0,173.12,5.759999999999991,108.0,51.0,0.6285141207652929,159,57.0,-157.0,0.36,172.5,2.0
2025-05-09 07:30:57,170.0,70.0,176.0,28.0,169.0,14.0,252.83,12.0,173.0,6.0,84.0,40.0,0.620298315330011,124,44.0,-35.0,0.35,172.5,
2025-05-09 07:30:58,170.0,90.0,176.0,36.0,169.0,18.0,200.4,10.0,173.0,6.0,108.0,46.0,0.6486678657072291,154,62.0,30.0,0.4,172.5,
2025-05-09 07:30:59,170.0,90.0,176.0,36.0,169.0,18.0,182.0,9.0,173.0,6.0,108.0,45.0,0.6549961831958347,153,63.0,-1.0,0.41,172.5,
2025-05-09 07:31:00,170.0,100.0,175.59,32.0,169.0,20.0,203.23,22.0,172.8,5.590000000000003,120.0,54.0,0.1152388823312988,174,66.0,21.0,0.38,172.5,
2025-05-09 07:31:01,170.0,90.0,173.29,17.0,169.0,18.0,174.05,37.0,171.65,3.289999999999992,108.0,54.0,0.587792480388137,162,54.0,-12.0,0.33,172.5,
2025-05-09 07:31:02,170.14,113.0,173.16,51.0,169.38,42.0,175.3,43.0,171.65,3.0200000000000102,155.0,94.0,0.7076369125481773,249,61.0,87.0,0.24,170.0,6.0
2025-05-09 07:31:03,173.74,62.0,176.38,37.0,171.39,72.0,177.88,24.0,175.06,2.6399999999999864,134.0,61.0,1.3953028345133185,195,73.0,-54.0,0.37,175.0,2.0
2025-05-09 07:31:04,175.33,36.0,180.0,21.0,174.14,56.0,181.0,7.0,177.67,4.669999999999988,92.0,28.0,2.58861546004834,120,64.0,-75.0,0.53,176.0,3.0
2025-05-09 07:31:05,175.0,88.0,180.0,42.0,173.0,112.0,181.0,14.0,177.5,5.0,200.0,56.0,2.9746983040304635,256,144.0,136.0,0.56,175.0,4.0
2025-05-09 07:31:06,174.54,52.0,180.5,18.0,172.7,74.0,471.05,20.0,177.52,5.960000000000008,126.0,38.0,2.602085701894207,164,88.0,-92.0,0.54,174.0,9.0
2025-05-09 07:31:07,173.0,28.0,181.0,12.0,170.0,28.0,474.0,7.0,177.0,8.0,56.0,19.0,1.0863240768770424,75,37.0,-89.0,0.49,174.0,
2025-05-09 07:31:08,173.0,27.0,177.22,36.0,170.0,60.0,255.47,32.0,175.11,4.219999999999999,87.0,68.0,1.0645891226209114,155,19.0,80.0,0.12,173.0,3.0
2025-05-09 07:31:09,170.6,15.0,173.67,6.0,169.57,21.0,176.0,18.0,172.13,3.069999999999993,36.0,24.0,2.303252048735076,60,12.0,-95.0,0.2,173.0,1.0
2025-05-09 07:31:10,170.0,40.0,171.64,14.0,169.0,30.0,175.5,12.0,170.82,1.6399999999999864,70.0,26.0,2.9538331029362186,96,44.0,36.0,0.46,171.0,3.0
2025-05-09 07:31:11,170.0,28.0,171.0,7.0,169.0,21.0,180.0,7.0,170.5,1.0,49.0,14.0,2.834990299807263,63,35.0,-33.0,0.56,171.0,
2025-05-09 07:31:12,170.0,28.0,171.0,7.0,169.0,21.0,179.0,7.0,170.5,1.0,49.0,14.0,1.9624398079943215,63,35.0,0.0,0.56,170.0,2.0
2025-05-09 07:31:13,169.08,26.0,173.67,9.0,167.12,51.0,180.0,9.0,171.37,4.589999999999975,77.0,18.0,0.6938515691417421,95,59.0,32.0,0.62,171.0,1.0
2025-05-09 07:31:14,169.0,21.0,179.0,7.0,167.0,42.0,182.0,7.0,174.0,10.0,63.0,14.0,1.4756422330634982,77,49.0,-18.0,0.64,171.0,
2025-05-09 07:31:15,172.81,52.0,177.67,12.0,167.18,66.0,181.0,12.0,175.24,4.859999999999985,118.0,24.0,2.1723305457505835,142,94.0,65.0,0.66,175.0,1.0
2025-05-09 07:31:16,178.0,91.0,180.11,9.0,169.96,153.0,436.57,21.0,179.06,2.1100000000000136,244.0,30.0,3.4022904050068536,274,214.0,132.0,0.78,178.0,3.0
2025-05-09 07:31:17,178.0,24.0,180.0,3.0,170.0,63.0,429.0,9.0,179.0,2.0,87.0,12.0,3.3175412582215627,99,75.0,-168.0,0.76,178.0,
2025-05-09 07:31:18,178.0,20.0,180.0,5.0,170.23,95.0,539.4,15.0,179.0,2.0,115.0,20.0,2.449653036657,135,95.0,36.0,0.7,178.0,5.0
2025-05-09 07:31:19,178.0,24.0,180.0,10.0,172.0,110.0,536.38,26.0,179.0,2.0,134.0,36.0,1.688431224540471,170,98.0,35.0,0.58,178.0,1.0
2025-05-09 07:31:20,178.0,8.0,180.0,4.0,172.0,44.0,428.0,12.0,179.0,2.0,52.0,16.0,0.0268328157957682,68,36.0,-102.0,0.53,178.0,
2025-05-09 07:31:21,172.0,55.0,180.0,5.0,170.0,105.0,267.8,15.0,176.0,8.0,160.0,20.0,1.3416407865011113,180,140.0,112.0,0.78,178.0,2.0
2025-05-09 07:31:22,172.22,80.0,180.0,10.0,170.45,170.0,308.0,30.0,176.11,7.780000000000001,250.0,40.0,1.613511698130233,290,210.0,110.0,0.72,178.0,
2025-05-09 07:31:23,174.07,29.0,180.0,12.0,171.83,132.0,306.5,36.0,177.03,5.930000000000007,161.0,48.0,1.4897214504742065,209,113.0,-81.0,0.54,174.0,3.0
2025-05-09 07:31:24,172.0,72.0,180.0,9.0,171.0,99.0,391.56,27.0,176.0,8.0,171.0,36.0,1.288902634027397,207,135.0,-2.0,0.65,172.0,6.0
2025-05-09 07:31:25,174.0,65.0,178.2,25.0,172.0,52.0,432.73,33.0,176.1,4.199999999999989,117.0,58.0,0.4403067112849406,175,59.0,-32.0,0.34,172.0,
2025-05-09 07:31:26,174.0,50.0,176.21,48.0,171.27,75.0,178.11,18.0,175.1,2.210000000000008,125.0,66.0,0.6837177780360049,191,59.0,16.0,0.31,172.0,
2025-05-09 07:31:27,174.0,50.0,175.9,41.0,171.0,121.0,176.78,27.0,174.95,1.9000000000000057,171.0,68.0,0.8439372014566048,239,103.0,48.0,0.43,174.0,1.0
2025-05-09 07:31:28,174.03,37.0,177.4,50.0,171.12,103.0,179.0,10.0,175.71,3.3700000000000045,140.0,60.0,0.5221781305285584,200,80.0,-39.0,0.4,174.0,
2025-05-09 07:31:29,175.0,9.0,178.0,45.0,174.0,36.0,179.0,9.0,176.5,3.0,45.0,54.0,0.6554921814959617,99,-9.0,-101.0,-0.09,174.0,
2025-05-09 07:31:30,176.6,10.0,178.0,50.0,174.0,40.0,179.0,10.0,177.3,1.4000000000000057,50.0,60.0,0.9871524704940094,110,-10.0,11.0,-0.09,174.0,
2025-05-09 07:31:31,177.0,5.0,178.0,25.0,174.0,20.0,179.0,5.0,177.5,1.0,25.0,30.0,1.0733452380304187,55,-5.0,-55.0,-0.09,174.0,
2025-05-09 07:31:32,175.0,24.0,177.86,58.0,173.67,48.0,178.5,20.0,176.43,2.8600000000000136,72.0,78.0,0.7232357845147402,150,-6.0,95.0,-0.04,177.0,1.0
2025-05-09 07:31:33,174.0,36.0,177.0,75.0,173.0,40.0,178.0,23.0,175.5,3.0,76.0,98.0,0.7966052974984801,174,-22.0,24.0,-0.13,174.0,2.0
2025-05-09 07:31:34,173.6,30.0,175.83,58.0,172.04,69.0,177.71,35.0,174.71,2.230000000000018,99.0,93.0,1.1857782254715747,192,6.0,18.0,0.03,174.0,2.0
2025-05-09 07:31:35,173.0,32.0,175.0,32.0,171.0,88.0,178.0,8.0,174.0,2.0,120.0,40.0,1.383571465448131,160,80.0,-32.0,0.5,174.0,
2025-05-09 07:31:36,173.0,24.0,174.11,36.0,171.0,99.0,178.0,9.0,173.56,1.1100000000000136,123.0,45.0,1.1537547399694847,168,78.0,8.0,0.46,173.0,2.0
2025-05-09 07:31:37,171.0,110.0,177.0,18.0,170.0,54.0,179.67,18.0,174.0,6.0,164.0,36.0,0.7617611174127406,200,128.0,32.0,0.64,173.0,2.0
2025-05-09 07:31:38,171.0,110.0,175.08,50.0,170.0,52.0,179.96,46.0,173.04,4.0800000000000125,162.0,96.0,0.61726817510847,258,66.0,58.0,0.26,173.0,
2025-05-09 07:31:39,171.0,127.0,174.54,39.0,170.0,36.0,176.25,60.0,172.77,3.539999999999992,163.0,99.0,0.5578351010841692,262,64.0,4.0,0.24,171.0,1.0
2025-05-09 07:31:40,171.0,102.0,173.27,30.0,169.17,108.0,175.13,75.0,172.13,2.2700000000000102,210.0,105.0,0.7202430145453991,315,105.0,53.0,0.33,171.0,4.0
2025-05-09 07:31:41,171.0,74.0,175.52,46.0,169.68,59.0,177.86,70.0,173.26,4.52000000000001,133.0,116.0,0.6839225102315467,249,17.0,-66.0,0.07,172.0,4.0
2025-05-09 07:31:42,172.0,44.0,175.55,44.0,171.0,44.0,177.0,55.0,173.77,3.550000000000012,88.0,99.0,0.6065723369899136,187,-11.0,-62.0,-0.06,172.0,
2025-05-09 07:31:43,172.0,40.0,174.2,40.0,171.0,40.0,177.2,50.0,173.1,2.1999999999999886,80.0,90.0,0.6083009123792349,170,-10.0,-17.0,-0.06,172.0,
2025-05-09 07:31:44,171.44,36.0,175.05,38.0,170.31,51.0,177.5,40.0,173.25,3.6100000000000136,87.0,78.0,0.5995581706568966,165,9.0,-5.0,0.05,172.0,4.0
2025-05-09 07:31:45,171.0,44.0,175.93,43.0,170.0,77.0,176.68,47.0,173.47,4.930000000000007,121.0,90.0,0.2595187854501755,211,31.0,46.0,0.15,172.0,
2025-05-09 07:31:46,170.36,56.0,175.0,11.0,169.08,65.0,176.0,57.0,172.68,4.639999999999986,121.0,68.0,0.4080808743392604,189,53.0,-22.0,0.28,170.8,5.0
2025-05-09 07:31:47,170.0,70.0,172.39,18.0,168.0,60.0,175.0,24.0,171.19,2.3899999999999864,130.0,42.0,0.9122335227348956,172,88.0,-17.0,0.51,170.0,1.0
2025-05-09 07:31:48,170.0,41.0,172.0,12.0,168.0,40.0,177.0,32.0,171.0,2.0,81.0,44.0,1.1550194803557026,125,37.0,-47.0,0.3,171.0,2.0
2025-05-09 07:31:49,170.0,47.0,172.83,12.0,168.0,45.0,176.84,37.0,171.42,2.8300000000000125,92.0,49.0,1.0728793035570314,141,43.0,16.0,0.3,170.0,6.0
2025-05-09 07:31:50,170.67,21.0,176.0,36.0,168.11,37.0,179.0,45.0,173.33,5.3300000000000125,58.0,81.0,1.024075192552294,139,-23.0,-2.0,-0.17,170.0,
2025-05-09 07:31:51,171.64,77.0,176.0,44.0,170.0,11.0,179.0,55.0,173.82,4.360000000000014,88.0,99.0,1.3189275946772356,187,-11.0,48.0,-0.06,170.0,
2025-05-09 07:31:52,172.0,35.0,176.0,20.0,170.0,5.0,179.0,27.0,174.0,4.0,40.0,47.0,1.4025619415916184,87,-7.0,-100.0,-0.08,176.0,4.0
2025-05-09 07:31:53,172.0,77.0,179.0,69.0,170.0,11.0,447.84,31.0,175.5,7.0,88.0,100.0,1.46992516816384,188,-12.0,101.0,-0.06,176.0,
2025-05-09 07:31:54,172.0,44.0,179.0,40.0,170.0,8.0,370.5,24.0,175.5,7.0,52.0,64.0,1.007074972383739,116,-12.0,-72.0,-0.1,172.0,2.0
2025-05-09 07:31:55,172.0,45.0,179.0,45.0,170.0,9.0,392.44,27.0,175.5,7.0,54.0,72.0,0.8732010077879157,126,-18.0,10.0,-0.14,172.0,
2025-05-09 07:31:56,172.0,70.0,179.0,70.0,170.0,14.0,307.85,40.0,175.5,7.0,84.0,110.0,0.67082039325137,194,-26.0,68.0,-0.13,172.0,
2025-05-09 07:31:57,172.0,35.0,179.0,35.0,170.0,7.0,342.5,16.0,175.5,7.0,42.0,51.0,0.0,93,-9.0,-101.0,-0.1,172.0,
2025-05-09 07:31:58,172.26,47.0,179.0,50.0,171.36,22.0,452.0,16.0,175.63,6.740000000000009,69.0,66.0,0.0581377674324458,135,3.0,42.0,0.02,173.0,4.0
2025-05-09 07:31:59,172.0,45.0,179.0,45.0,170.0,9.0,395.0,17.0,175.5,7.0,54.0,62.0,0.0581377674324458,116,-8.0,-19.0,-0.07,173.0,
2025-05-09 07:32:00,172.0,80.0,179.0,80.0,170.62,16.0,400.25,16.0,175.5,7.0,96.0,96.0,0.0581377674324458,192,0.0,76.0,0.0,173.0,
2025-05-09 07:32:01,172.0,40.0,179.0,40.0,171.0,8.0,228.38,8.0,175.5,7.0,48.0,48.0,0.0581377674324458,96,0.0,-96.0,0.0,173.0,
2025-05-09 07:32:02,172.0,35.0,177.84,19.0,171.0,7.0,180.61,23.0,174.92,5.840000000000003,42.0,42.0,0.279642629085752,84,0.0,-12.0,0.0,173.0,
2025-05-09 07:32:03,172.0,35.0,175.33,9.0,171.0,7.0,176.05,19.0,173.67,3.3300000000000125,42.0,28.0,0.7943047274200633,70,14.0,-14.0,0.2,173.0,
2025-05-09 07:32:04,172.0,29.0,173.57,7.0,171.0,7.0,178.0,25.0,172.79,1.5699999999999932,36.0,32.0,1.2027593275471482,68,4.0,-2.0,0.06,172.0,3.0
2025-05-09 07:32:05,172.0,17.0,176.41,22.0,171.0,10.0,212.3,44.0,174.2,4.409999999999997,27.0,66.0,1.0578421432338465,93,-39.0,25.0,-0.42,172.0,1.0
2025-05-09 07:32:06,172.0,43.0,178.0,40.0,171.0,8.0,322.75,24.0,175.0,6.0,51.0,64.0,0.920885443473586,115,-13.0,22.0,-0.11,172.0,
2025-05-09 07:32:07,173.88,34.0,178.0,85.0,172.0,127.0,345.94,35.0,175.94,4.1200000000000045,161.0,120.0,1.2108468111208808,281,41.0,166.0,0.15,172.0,
2025-05-09 07:32:08,172.35,69.0,178.0,55.0,171.62,73.0,222.78,23.0,175.17,5.650000000000006,142.0,78.0,1.1952614776699249,220,64.0,-61.0,0.29,173.33,3.0
2025-05-09 07:32:09,172.0,44.0,178.0,20.0,171.0,8.0,232.0,12.0,175.0,6.0,52.0,32.0,0.6191284196367025,84,20.0,-136.0,0.24,173.33,
2025-05-09 07:32:10,172.0,110.0,177.1,50.0,171.0,20.0,181.38,48.0,174.55,5.099999999999994,130.0,98.0,0.506922084744646,228,32.0,144.0,0.14,173.33,
2025-05-09 07:32:11,173.91,22.0,177.0,55.0,172.45,40.0,178.0,55.0,175.45,3.0900000000000034,62.0,110.0,0.517464974661951,172,-48.0,-56.0,-0.28,173.33,
2025-05-09 07:32:12,172.11,71.0,176.09,44.0,171.76,58.0,178.57,63.0,174.1,3.9799999999999898,129.0,107.0,0.5332260308740999,236,22.0,64.0,0.09,173.4,5.0
2025-05-09 07:32:13,172.71,56.0,176.0,36.0,171.85,53.0,180.0,48.0,174.36,3.289999999999992,109.0,84.0,0.5362555361035282,193,25.0,-43.0,0.13,173.4,
2025-05-09 07:32:14,172.08,100.0,179.71,69.0,171.29,31.0,236.09,32.0,175.9,7.6299999999999955,131.0,101.0,0.766922421110355,232,30.0,39.0,0.13,173.6,5.0
2025-05-09 07:32:15,172.0,56.0,180.0,28.0,171.0,14.0,182.0,21.0,176.0,8.0,70.0,49.0,0.8804657858212945,119,21.0,-113.0,0.18,173.6,
2025-05-09 07:32:16,172.0,70.0,179.4,50.0,171.0,22.0,180.77,39.0,175.7,7.400000000000006,92.0,89.0,0.907590215902494,181,3.0,62.0,0.02,172.0,2.0
2025-05-09 07:32:17,172.0,60.0,179.0,50.0,171.0,20.0,180.0,40.0,175.5,7.0,80.0,90.0,0.6613017465590747,170,-10.0,-11.0,-0.06,172.0,
2025-05-09 07:32:18,172.0,42.0,178.86,35.0,171.0,14.0,180.0,43.0,175.43,6.860000000000014,56.0,78.0,0.246333107807699,134,-22.0,-36.0,-0.16,172.0,
2025-05-09 07:32:19,172.0,24.0,178.0,20.0,171.0,8.0,180.0,16.0,175.0,6.0,32.0,36.0,0.3679402125374504,68,-4.0,-66.0,-0.06,172.0,
2025-05-09 07:32:20,172.0,44.0,178.0,45.0,171.0,18.0,180.0,36.0,175.0,6.0,62.0,81.0,0.3136558623746729,143,-19.0,75.0,-0.13,172.0,2.0
2025-05-09 07:32:21,172.0,40.0,177.1,50.0,171.0,20.0,180.0,40.0,174.55,5.099999999999994,60.0,90.0,0.3844866707727002,150,-30.0,7.0,-0.2,172.0,
2025-05-09 07:32:22,172.0,36.0,176.0,45.0,171.0,18.0,180.0,36.0,174.0,4.0,54.0,81.0,0.5429825043237619,135,-27.0,-15.0,-0.2,172.0,
2025-05-09 07:32:23,171.96,46.0,174.32,59.0,170.85,26.0,175.96,52.0,173.14,2.359999999999985,72.0,111.0,0.7859516524579877,183,-39.0,48.0,-0.21,172.0,4.0
2025-05-09 07:32:24,171.0,15.0,173.36,70.0,169.5,40.0,176.6,52.0,172.18,2.3600000000000136,55.0,122.0,1.1290615572240097,177,-67.0,-6.0,-0.38,171.83,6.0
2025-05-09 07:32:25,170.75,12.0,172.78,45.0,168.75,24.0,177.5,40.0,171.76,2.030000000000001,36.0,85.0,1.1782105075073586,121,-49.0,-56.0,-0.4,171.0,1.0
2025-05-09 07:32:26,173.67,12.0,178.35,43.0,171.0,38.0,180.95,41.0,176.01,4.680000000000007,50.0,84.0,1.689384503303166,134,-34.0,13.0,-0.25,172.0,2.0
2025-05-09 07:32:27,173.25,8.0,178.0,39.0,171.82,22.0,183.35,23.0,175.62,4.75,30.0,62.0,1.9622232288914176,92,-32.0,-42.0,-0.35,173.0,2.0
2025-05-09 07:32:28,172.0,17.0,177.41,34.0,170.0,14.0,180.09,23.0,174.71,5.409999999999997,31.0,57.0,1.9674170884693496,88,-26.0,-4.0,-0.3,172.0,2.0
2025-05-09 07:32:29,172.53,17.0,176.15,52.0,170.17,24.0,178.0,39.0,174.34,3.620000000000005,41.0,91.0,1.6666643333321287,132,-50.0,44.0,-0.38,172.0,
2025-05-09 07:32:30,174.88,51.0,176.0,68.0,172.0,17.0,177.13,71.0,175.44,1.1200000000000043,68.0,139.0,0.6831764047460753,207,-71.0,75.0,-0.34,172.0,
2025-05-09 07:32:31,175.0,33.0,176.0,44.0,172.0,11.0,177.0,33.0,175.5,1.0,44.0,77.0,0.5641985466143385,121,-33.0,-86.0,-0.27,172.0,
2025-05-09 07:32:32,168.63,19.0,177.0,21.0,167.29,31.0,181.0,28.0,172.82,8.370000000000005,50.0,49.0,1.090467789529558,99,1.0,-22.0,0.01,173.4,5.0
2025-05-09 07:32:33,168.0,52.0,176.38,26.0,167.0,79.0,185.71,34.0,172.19,8.379999999999995,131.0,60.0,1.5075543107965388,191,71.0,92.0,0.37,176.5,2.0
2025-05-09 07:32:34,169.63,209.0,176.0,26.0,167.92,48.0,180.0,13.0,172.82,6.3700000000000045,257.0,39.0,1.587601965229657,296,218.0,105.0,0.74,176.5,
2025-05-09 07:32:35,170.0,102.0,176.0,12.0,168.0,24.0,180.0,6.0,173.0,6.0,126.0,18.0,1.286188166638468,144,108.0,-152.0,0.75,176.5,
2025-05-09 07:32:36,170.0,154.0,176.0,22.0,168.0,44.0,180.0,31.0,173.0,6.0,198.0,53.0,0.3343351611789743,251,145.0,107.0,0.58,170.0,3.0
2025-05-09 07:32:37,170.79,168.0,176.0,28.0,168.0,56.0,180.0,14.0,173.39,5.210000000000008,224.0,42.0,0.438349175886787,266,182.0,15.0,0.68,170.0,2.0
2025-05-09 07:32:38,172.43,138.0,176.0,28.0,171.15,118.0,180.0,14.0,174.22,3.569999999999993,256.0,42.0,0.5621209834197844,298,214.0,32.0,0.72,170.0,
2025-05-09 07:32:39,173.0,168.0,175.71,34.0,172.0,84.0,179.0,16.0,174.35,2.710000000000008,252.0,50.0,0.6539648308594112,302,202.0,4.0,0.67,170.0,
2025-05-09 07:32:40,173.14,71.0,175.66,29.0,172.42,83.0,179.43,14.0,174.4,2.5200000000000102,154.0,43.0,0.6366081997595788,197,111.0,-105.0,0.56,173.0,5.0
2025-05-09 07:32:41,173.0,62.0,176.0,22.0,172.0,66.0,180.55,11.0,174.5,3.0,128.0,33.0,0.4486312516993063,161,95.0,-36.0,0.59,173.0,3.0
2025-05-09 07:32:42,173.0,28.0,178.86,14.0,172.0,42.0,181.0,7.0,175.93,5.860000000000014,70.0,21.0,0.7060099149456301,91,49.0,-70.0,0.54,173.0,
2025-05-09 07:32:43,173.0,56.0,180.04,27.0,172.0,84.0,191.69,16.0,176.52,7.039999999999992,140.0,43.0,1.0136320831553038,183,97.0,92.0,0.53,173.0,
2025-05-09 07:32:44,173.0,32.0,181.0,8.0,172.0,48.0,188.0,24.0,177.0,8.0,80.0,32.0,1.1769451983852084,112,48.0,-71.0,0.43,173.0,
2025-05-09 07:32:45,173.0,44.0,181.0,11.0,172.0,66.0,307.62,39.0,177.0,8.0,110.0,50.0,1.0422091920541818,160,60.0,48.0,0.38,173.0,
2025-05-09 07:32:46,172.51,37.0,181.0,7.0,171.6,30.0,465.61,23.0,176.76,8.490000000000009,67.0,30.0,0.4449943819897337,97,37.0,-63.0,0.38,173.0,4.0
2025-05-09 07:32:47,172.37,67.0,180.23,13.0,170.64,56.0,192.26,43.0,176.3,7.859999999999985,123.0,56.0,0.3060718869848331,179,67.0,82.0,0.37,173.0,5.0
2025-05-09 07:32:48,172.0,50.0,176.0,18.0,169.0,36.0,179.67,9.0,174.0,4.0,86.0,27.0,1.2691414420789444,113,59.0,-66.0,0.52,172.0,1.0
2025-05-09 07:32:49,172.0,47.0,176.0,22.0,169.0,44.0,179.0,11.0,174.0,4.0,91.0,33.0,1.4928898150908292,124,58.0,11.0,0.47,172.0,2.0
2025-05-09 07:32:50,172.0,8.0,181.12,17.0,169.0,32.0,266.0,29.0,176.56,9.120000000000005,40.0,46.0,1.4007426601634885,86,-6.0,-38.0,-0.07,172.0,2.0
2025-05-09 07:32:51,172.0,9.0,179.27,44.0,169.0,36.0,200.51,35.0,175.64,7.27000000000001,45.0,79.0,1.233207200758161,124,-34.0,38.0,-0.27,172.0,
2025-05-09 07:32:52,172.58,12.0,179.0,60.0,169.78,27.0,182.0,48.0,175.79,6.419999999999988,39.0,108.0,1.1479634140519093,147,-69.0,23.0,-0.47,172.0,
2025-05-09 07:32:53,172.75,8.0,176.75,16.0,170.29,14.0,179.0,40.0,174.75,4.0,22.0,56.0,0.9904897778381158,78,-34.0,-69.0,-0.44,172.0,
2025-05-09 07:32:54,172.0,6.0,175.83,12.0,169.0,24.0,179.0,30.0,173.92,3.830000000000013,30.0,42.0,1.0179734770620463,72,-12.0,-6.0,-0.17,172.0,
2025-05-09 07:32:55,172.94,17.0,175.8,25.0,169.16,38.0,179.3,54.0,174.37,2.8600000000000136,55.0,79.0,0.8067403547620041,134,-24.0,62.0,-0.18,174.0,2.0
2025-05-09 07:32:56,173.03,29.0,179.0,66.0,169.45,33.0,183.0,48.0,176.02,5.969999999999999,62.0,114.0,0.9063387887548318,176,-52.0,42.0,-0.3,174.0,3.0
2025-05-09 07:32:57,172.06,77.0,176.71,14.0,170.58,76.0,178.55,77.0,174.39,4.650000000000006,153.0,91.0,0.7996561761165971,244,62.0,68.0,0.25,175.0,1.0
2025-05-09 07:32:58,173.4,10.0,178.92,59.0,172.0,80.0,181.38,37.0,176.16,5.519999999999982,90.0,96.0,1.03892733143448,186,-6.0,-58.0,-0.03,175.0,
2025-05-09 07:32:59,172.46,50.0,179.0,76.0,171.18,88.0,181.0,56.0,175.73,6.539999999999992,138.0,132.0,0.8846072574887445,270,6.0,84.0,0.02,173.5,2.0
2025-05-09 07:33:00,172.0,129.0,178.0,48.0,170.2,60.0,179.0,60.0,175.0,6.0,189.0,108.0,0.7471612945019498,297,81.0,27.0,0.27,173.5,
2025-05-09 07:33:01,172.0,108.0,175.74,35.0,171.0,54.0,177.14,28.0,173.87,3.740000000000009,162.0,63.0,0.9384828181706631,225,99.0,-72.0,0.44,173.5,
2025-05-09 07:33:02,172.0,134.0,175.52,63.0,171.0,90.0,179.94,62.0,173.76,3.5200000000000102,224.0,125.0,1.0778357945445445,349,99.0,124.0,0.28,172.0,7.0
2025-05-09 07:33:03,172.0,27.0,179.2,15.0,171.0,66.0,180.37,54.0,175.6,7.199999999999989,93.0,69.0,0.9342216011211673,162,24.0,-168.0,0.15,172.0,4.0
2025-05-09 07:33:04,172.0,15.0,178.0,15.0,171.0,90.0,180.93,75.0,175.0,6.0,105.0,90.0,0.7981102680715927,195,15.0,33.0,0.08,172.0,
2025-05-09 07:33:05,171.05,44.0,176.44,9.0,170.63,19.0,181.0,45.0,173.74,5.389999999999986,63.0,54.0,0.855266040481645,117,9.0,-78.0,0.08,172.0,
2025-05-09 07:33:06,171.23,122.0,174.24,17.0,170.89,94.0,180.87,113.0,172.73,3.0100000000000198,216.0,130.0,1.1358168866507556,346,86.0,168.0,0.25,172.0,
2025-05-09 07:33:07,171.0,78.0,174.0,12.0,170.0,12.0,180.0,60.0,172.5,3.0,90.0,72.0,1.3650567753763374,162,18.0,-168.0,0.11,172.0,
2025-05-09 07:33:08,171.0,84.0,173.64,14.0,170.0,14.0,179.62,64.0,172.32,2.6399999999999864,98.0,78.0,1.1180429329862125,176,20.0,14.0,0.11,172.0,
2025-05-09 07:33:09,171.0,84.0,172.5,14.0,170.0,14.0,179.0,74.0,171.75,1.5,98.0,88.0,0.7292256166646645,186,10.0,10.0,0.05,172.0,
2025-05-09 07:33:10,171.0,66.0,176.55,33.0,170.0,13.0,178.33,60.0,173.77,5.550000000000011,79.0,93.0,0.7408981036552631,172,-14.0,-14.0,-0.08,171.0,2.0
2025-05-09 07:33:11,171.33,54.0,178.55,49.0,170.57,21.0,206.66,41.0,174.94,7.219999999999999,75.0,90.0,1.2860520984782422,165,-15.0,-7.0,-0.09,171.0,
2025-05-09 07:33:12,172.69,52.0,176.08,24.0,171.56,64.0,177.36,45.0,174.39,3.390000000000015,116.0,69.0,1.357545579345523,185,47.0,20.0,0.25,173.5,4.0
2025-05-09 07:33:13,171.69,29.0,176.0,16.0,170.87,23.0,177.0,32.0,173.84,4.310000000000002,52.0,48.0,1.207629910196334,100,4.0,-85.0,0.04,171.8,5.0
2025-05-09 07:33:14,168.5,48.0,174.9,20.0,167.23,106.0,177.0,40.0,171.7,6.400000000000006,154.0,60.0,1.228238576173545,214,94.0,114.0,0.44,170.2,5.0
2025-05-09 07:33:15,168.8,30.0,176.6,47.0,167.6,105.0,246.61,49.0,172.7,7.799999999999983,135.0,96.0,1.3096106291568737,231,39.0,17.0,0.17,173.0,1.0
2025-05-09 07:33:16,171.07,14.0,175.57,14.0,168.0,203.0,176.87,46.0,173.32,4.5,217.0,60.0,1.0415853301580338,277,157.0,46.0,0.57,173.0,
2025-05-09 07:33:17,172.0,12.0,174.42,12.0,168.51,70.0,175.42,12.0,173.21,2.4199999999999875,82.0,24.0,0.8095554335561349,106,58.0,-168.0,0.55,173.0,
2025-05-09 07:33:18,171.5,10.0,177.0,19.0,170.11,45.0,339.44,16.0,174.25,5.5,55.0,35.0,0.9330755596415116,90,20.0,-16.0,0.22,174.67,3.0
2025-05-09 07:33:19,176.41,22.0,269.71,14.0,173.2,91.0,461.81,31.0,223.06,93.29999999999998,113.0,45.0,22.22908162745387,158,68.0,68.0,0.43,178.0,1.0
2025-05-09 07:33:20,178.0,15.0,394.06,17.0,176.0,176.0,487.0,36.0,286.03,216.06,191.0,53.0,49.61620229320278,244,138.0,86.0,0.57,178.0,1.0
2025-05-09 07:33:21,176.01,145.0,380.2,10.0,174.2,25.0,465.86,14.0,278.11,204.19,170.0,24.0,54.2867388963459,194,146.0,-50.0,0.75,178.0,1.0
2025-05-09 07:33:22,176.0,128.0,263.75,8.0,174.0,48.0,398.71,14.0,219.88,87.75,176.0,22.0,46.14179157770146,198,154.0,4.0,0.78,178.0,
2025-05-09 07:33:23,176.0,92.0,280.43,7.0,173.45,22.0,420.62,13.0,228.21,104.43,114.0,20.0,32.22125959673284,134,94.0,-64.0,0.7,176.0,4.0
2025-05-09 07:33:24,176.0,120.0,279.0,10.0,171.0,10.0,355.6,10.0,227.5,103.0,130.0,20.0,31.446410446981847,150,110.0,16.0,0.73,176.0,
2025-05-09 07:33:25,176.0,57.0,279.0,6.0,171.0,6.0,469.0,6.0,227.5,103.0,63.0,12.0,23.65376608491853,75,51.0,-75.0,0.68,176.0,3.0
2025-05-09 07:33:26,176.0,72.0,278.0,8.0,173.31,13.0,279.0,8.0,227.0,102.0,85.0,16.0,3.4582105199126367,101,69.0,26.0,0.68,176.0,
2025-05-09 07:33:27,176.0,99.0,270.9,29.0,174.0,22.0,275.77,13.0,223.45,94.89999999999998,121.0,42.0,1.884640549291812,163,79.0,62.0,0.48,176.0,
2025-05-09 07:33:28,176.0,102.0,267.25,12.0,174.0,24.0,268.25,12.0,221.62,91.25,126.0,24.0,2.7143102254594944,150,102.0,-13.0,0.68,176.0,2.0
2025-05-09 07:33:29,176.0,98.0,250.06,16.0,174.0,28.0,267.86,14.0,213.03,74.06,126.0,30.0,5.843924195267417,156,96.0,6.0,0.62,176.0,
2025-05-09 07:33:30,176.0,58.0,177.9,30.0,174.0,24.0,222.0,18.0,176.95,1.9000000000000057,82.0,48.0,20.47785267062993,130,34.0,-26.0,0.26,176.0,3.0
2025-05-09 07:33:31,176.0,40.0,177.37,19.0,174.0,22.0,195.05,19.0,176.68,1.3700000000000043,62.0,38.0,23.6363814912524,100,24.0,-30.0,0.24,177.0,2.0
2025-05-09 07:33:32,175.5,32.0,177.0,60.0,172.53,60.0,183.0,24.0,176.25,1.5,92.0,84.0,22.49871396324717,176,8.0,76.0,0.05,176.0,3.0
2025-05-09 07:33:33,172.05,86.0,176.92,49.0,171.5,24.0,180.18,34.0,174.48,4.869999999999976,110.0,83.0,16.548083574843556,193,27.0,17.0,0.14,173.0,4.0
2025-05-09 07:33:34,172.0,82.0,173.71,14.0,171.0,14.0,178.5,30.0,172.86,1.710000000000008,96.0,44.0,1.7357793638599643,140,52.0,-53.0,0.37,172.0,1.0
2025-05-09 07:33:35,172.0,55.0,174.0,11.0,170.15,47.0,183.0,66.0,173.0,2.0,102.0,77.0,1.777380094409086,179,25.0,39.0,0.14,172.0,
2025-05-09 07:33:36,172.0,43.0,174.0,13.0,170.07,80.0,182.95,74.0,173.0,2.0,123.0,87.0,1.4627781786727618,210,36.0,31.0,0.17,172.0,2.0
2025-05-09 07:33:37,172.0,33.0,173.23,26.0,171.0,11.0,178.94,17.0,172.62,1.2299999999999898,44.0,43.0,0.736559569892859,87,1.0,-123.0,0.01,172.0,
2025-05-09 07:33:38,171.91,35.0,173.03,33.0,170.23,39.0,174.92,13.0,172.47,1.1200000000000043,74.0,46.0,0.2368543856476244,120,28.0,33.0,0.23,172.0,3.0
2025-05-09 07:33:39,172.0,30.0,177.36,22.0,171.0,56.0,179.92,26.0,174.68,5.360000000000014,86.0,48.0,0.8844659405543748,134,38.0,14.0,0.28,172.2,5.0
2025-05-09 07:33:40,172.0,11.0,179.0,22.0,171.0,88.0,182.9,42.0,175.5,7.0,99.0,64.0,1.356384901125423,163,35.0,29.0,0.21,172.2,
2025-05-09 07:33:41,171.59,17.0,179.0,22.0,170.96,83.0,182.09,44.0,175.29,7.409999999999997,100.0,66.0,1.462795269339248,166,34.0,3.0,0.2,171.5,2.0
2025-05-09 07:33:42,171.0,77.0,179.0,22.0,170.0,33.0,181.0,44.0,175.0,8.0,110.0,66.0,1.2235889832789308,176,44.0,10.0,0.25,171.5,
2025-05-09 07:33:43,171.0,56.0,179.0,16.0,170.0,24.0,181.0,32.0,175.0,8.0,80.0,48.0,0.3131772660999743,128,32.0,-48.0,0.25,171.5,
2025-05-09 07:33:44,177.11,110.0,179.0,16.0,170.88,48.0,181.0,32.0,178.05,1.8899999999999864,158.0,48.0,1.2930081206250252,206,110.0,78.0,0.53,171.5,
2025-05-09 07:33:45,178.0,144.0,179.0,20.0,171.0,70.0,181.0,40.0,178.5,1.0,214.0,60.0,1.7521044489420714,274,154.0,68.0,0.56,178.0,4.0
2025-05-09 07:33:46,178.0,84.0,179.0,14.0,171.77,31.0,181.0,28.0,178.5,1.0,115.0,42.0,1.8440444680112715,157,73.0,-117.0,0.46,178.0,
2025-05-09 07:33:47,178.0,75.0,179.0,14.0,172.0,28.0,181.0,28.0,178.5,1.0,103.0,42.0,1.527416118810912,145,61.0,-12.0,0.42,178.0,3.0
2025-05-09 07:33:48,178.0,126.0,179.0,28.0,173.48,122.0,181.0,56.0,178.5,1.0,248.0,84.0,0.2012461179844542,332,164.0,168.0,0.49,178.0,
2025-05-09 07:33:49,178.0,63.0,179.0,14.0,174.0,105.0,181.0,28.0,178.5,1.0,168.0,42.0,0.0,210,126.0,-122.0,0.6,178.0,
2025-05-09 07:33:50,178.0,65.0,179.0,16.0,174.0,120.0,181.0,32.0,178.5,1.0,185.0,48.0,0.0,233,137.0,23.0,0.59,178.0,1.0
2025-05-09 07:33:51,178.0,80.0,179.0,20.0,174.0,150.0,181.0,40.0,178.5,1.0,230.0,60.0,0.0,290,170.0,57.0,0.59,178.0,
2025-05-09 07:33:52,178.0,80.0,179.0,20.0,174.0,150.0,194.33,45.0,178.5,1.0,230.0,65.0,0.0,295,165.0,5.0,0.56,178.0,
2025-05-09 07:33:53,178.0,80.0,179.0,20.0,174.0,150.0,181.0,40.0,178.5,1.0,230.0,60.0,0.0,290,170.0,-5.0,0.59,178.0,
2025-05-09 07:33:54,178.0,38.0,179.0,20.0,174.0,150.0,181.0,40.0,178.5,1.0,188.0,60.0,0.0,248,128.0,-42.0,0.52,178.0,6.0
2025-05-09 07:33:55,178.0,14.0,179.0,14.0,174.0,105.0,181.0,28.0,178.5,1.0,119.0,42.0,0.0,161,77.0,-87.0,0.48,178.0,
2025-05-09 07:33:56,174.76,37.0,179.0,16.0,173.7,106.0,181.0,32.0,176.88,4.240000000000009,143.0,48.0,0.7244860247124721,191,95.0,30.0,0.5,178.0,2.0
2025-05-09 07:33:57,174.0,125.0,179.0,22.0,172.0,88.0,181.0,44.0,176.5,5.0,213.0,66.0,1.0004399032442846,279,147.0,88.0,0.53,174.0,5.0
2025-05-09 07:33:58,174.03,134.0,179.0,28.0,172.18,114.0,181.0,56.0,176.51,4.969999999999999,248.0,84.0,1.0356254149079154,332,164.0,53.0,0.49,174.0,
2025-05-09 07:33:59,175.0,72.0,177.07,42.0,174.0,180.0,178.12,50.0,176.04,2.069999999999993,252.0,92.0,0.9501473569941068,344,160.0,12.0,0.47,174.0,
2025-05-09 07:34:00,175.0,28.0,176.36,25.0,174.0,110.0,178.0,36.0,175.68,1.3600000000000136,138.0,61.0,0.4663903944149352,199,77.0,-145.0,0.39,175.0,3.0
2025-05-09 07:34:01,174.3,47.0,177.0,33.0,173.37,102.0,180.0,44.0,175.65,2.6999999999999886,149.0,77.0,0.4206304791647507,226,72.0,27.0,0.32,176.0,1.0
2025-05-09 07:34:02,174.0,80.0,176.12,24.0,172.0,64.0,180.0,38.0,175.06,2.1200000000000045,144.0,62.0,0.5351354968624343,206,82.0,-20.0,0.4,176.0,
2025-05-09 07:34:03,174.0,118.0,175.85,39.0,172.0,104.0,180.0,52.0,174.92,1.8499999999999943,222.0,91.0,0.4669047011993331,313,131.0,107.0,0.42,174.0,3.0
2025-05-09 07:34:04,174.0,46.0,179.21,38.0,172.0,80.0,316.47,34.0,176.61,5.210000000000008,126.0,72.0,0.6674054240131062,198,54.0,-115.0,0.27,174.0,3.0
2025-05-09 07:34:05,174.0,40.0,180.0,44.0,172.0,88.0,235.91,43.0,177.0,6.0,128.0,87.0,0.9258887622183664,215,41.0,17.0,0.19,174.0,2.0
2025-05-09 07:34:06,174.0,22.0,180.0,44.0,172.71,109.0,183.0,33.0,177.0,6.0,131.0,77.0,1.0431299056217356,208,54.0,-7.0,0.26,174.0,
2025-05-09 07:34:07,174.0,28.0,179.45,49.0,172.0,112.0,181.29,49.0,176.72,5.449999999999989,140.0,98.0,0.87241045385908,238,42.0,30.0,0.18,174.0,
2025-05-09 07:34:08,174.0,34.0,177.53,51.0,172.0,108.0,180.63,62.0,175.76,3.530000000000001,142.0,113.0,0.5095291944557272,255,29.0,17.0,0.11,174.0,
2025-05-09 07:34:09,174.0,20.0,176.0,30.0,172.0,49.0,182.9,30.0,175.0,2.0,69.0,60.0,0.8857087557445267,129,9.0,-126.0,0.07,174.0,
2025-05-09 07:34:10,173.03,31.0,177.0,33.0,171.93,43.0,182.27,33.0,175.02,3.969999999999999,74.0,66.0,0.9335952013599303,140,8.0,11.0,0.06,174.0,2.0
2025-05-09 07:34:11,172.0,27.0,182.0,21.0,171.0,7.0,183.0,21.0,177.0,10.0,34.0,42.0,0.9335952013599303,76,-8.0,-64.0,-0.11,172.0,4.0
2025-05-09 07:34:12,172.0,12.0,181.4,45.0,171.0,12.0,270.46,52.0,176.7,9.400000000000006,24.0,97.0,0.9292362455276306,121,-73.0,45.0,-0.6,172.0,
2025-05-09 07:34:13,172.0,15.0,179.96,28.0,171.0,15.0,207.61,38.0,175.98,7.960000000000008,30.0,66.0,0.9263908462427256,96,-36.0,-25.0,-0.38,172.0,
2025-05-09 07:34:14,172.0,18.0,179.0,24.0,171.0,12.0,181.0,36.0,175.5,7.0,30.0,60.0,0.8204876598720894,90,-30.0,-6.0,-0.33,172.0,
2025-05-09 07:34:15,170.63,114.0,178.54,26.0,169.3,80.0,179.55,44.0,174.59,7.909999999999997,194.0,70.0,0.964095430962273,264,124.0,168.0,0.47,172.8,5.0
2025-05-09 07:34:16,178.0,26.0,179.0,15.0,170.75,64.0,180.0,33.0,178.5,1.0,90.0,48.0,1.4710472460130335,138,42.0,-126.0,0.3,178.0,1.0
2025-05-09 07:34:17,178.0,18.0,179.0,9.0,176.0,18.0,180.0,27.0,178.5,1.0,36.0,36.0,1.7925903045600695,72,0.0,-66.0,0.0,178.0,
2025-05-09 07:34:18,178.0,8.0,179.0,4.0,176.0,8.0,180.0,12.0,178.5,1.0,16.0,16.0,1.9195364023646608,32,0.0,-40.0,0.0,178.0,
2025-05-09 07:34:19,178.0,20.0,179.0,10.0,176.0,20.0,180.0,30.0,178.5,1.0,40.0,40.0,1.7486051584058142,80,0.0,48.0,0.0,178.0,
2025-05-09 07:34:20,173.81,42.0,179.0,11.0,174.67,24.0,180.0,33.0,176.4,5.189999999999998,66.0,44.0,0.9391485505518528,110,22.0,30.0,0.2,177.0,4.0
2025-05-09 07:34:21,170.0,188.0,178.17,18.0,168.0,40.0,202.19,21.0,174.08,8.169999999999987,228.0,39.0,1.9649631039801152,267,189.0,157.0,0.71,170.0,1.0
2025-05-09 07:34:22,170.0,99.0,177.0,27.0,168.0,36.0,178.29,17.0,173.5,7.0,135.0,44.0,2.3666600938881497,179,91.0,-88.0,0.51,170.0,
2025-05-09 07:34:23,170.86,84.0,176.0,40.0,169.47,90.0,176.92,49.0,173.43,5.139999999999986,174.0,89.0,2.2139150841895776,263,85.0,84.0,0.32,170.0,
2025-05-09 07:34:24,170.41,147.0,174.49,49.0,169.82,67.0,176.15,48.0,172.45,4.0800000000000125,214.0,97.0,1.4781644022237552,311,117.0,48.0,0.38,174.0,3.0
2025-05-09 07:34:25,170.0,187.0,172.08,65.0,169.0,17.0,173.32,31.0,171.04,2.0800000000000125,204.0,96.0,1.1932518594164947,300,108.0,-11.0,0.36,174.0,
2025-05-09 07:34:26,169.97,71.0,171.47,51.0,168.6,15.0,174.04,27.0,170.72,1.5,86.0,78.0,1.303598864682135,164,8.0,-136.0,0.05,170.0,11.0
2025-05-09 07:34:27,168.19,26.0,174.17,36.0,167.03,29.0,175.35,34.0,171.18,5.97999999999999,55.0,70.0,1.140320130489812,125,-15.0,-39.0,-0.12,169.0,1.0
2025-05-09 07:34:28,168.0,27.0,171.44,27.0,166.0,18.0,173.89,27.0,169.72,3.4399999999999977,45.0,54.0,0.9811829594932366,99,-9.0,-26.0,-0.09,169.0,
2025-05-09 07:34:29,167.09,33.0,173.57,42.0,143.2,20.0,177.47,34.0,170.33,6.47999999999999,53.0,76.0,0.5898474379021166,129,-23.0,30.0,-0.18,168.0,3.0
2025-05-09 07:34:30,167.78,37.0,176.6,25.0,166.0,17.0,177.88,25.0,172.19,8.819999999999993,54.0,50.0,0.9308974164749948,104,4.0,-25.0,0.04,168.0,1.0
2025-05-09 07:34:31,168.6,43.0,176.0,26.0,166.94,18.0,178.0,39.0,172.3,7.400000000000006,61.0,65.0,1.1316050547783882,126,-4.0,22.0,-0.03,168.0,
2025-05-09 07:34:32,170.06,54.0,176.0,24.0,168.29,35.0,178.0,36.0,173.03,5.939999999999998,89.0,60.0,1.4136230049062666,149,29.0,23.0,0.19,170.6,5.0
2025-05-09 07:34:33,170.0,33.0,176.0,22.0,165.89,18.0,178.0,33.0,173.0,6.0,51.0,55.0,1.0990222927678142,106,-4.0,-43.0,-0.04,170.6,
2025-05-09 07:34:34,169.36,28.0,176.0,24.0,166.97,62.0,178.0,36.0,172.68,6.639999999999986,90.0,60.0,0.3877499194080028,150,30.0,44.0,0.2,168.5,6.0
2025-05-09 07:34:35,167.54,13.0,176.0,18.0,166.91,23.0,178.0,27.0,171.77,8.460000000000008,36.0,45.0,0.5292730864127368,81,-9.0,-69.0,-0.11,168.5,
2025-05-09 07:34:36,170.12,99.0,176.0,26.0,167.62,29.0,178.0,39.0,173.06,5.879999999999996,128.0,65.0,0.5462325512096029,193,63.0,112.0,0.33,168.5,
2025-05-09 07:34:37,171.38,91.0,176.73,22.0,170.71,82.0,201.48,23.0,174.06,5.349999999999994,173.0,45.0,0.8224232486992781,218,128.0,25.0,0.59,176.0,2.0
2025-05-09 07:34:38,172.0,63.0,176.67,36.0,171.0,126.0,178.0,27.0,174.33,4.669999999999988,189.0,63.0,1.042760758755931,252,126.0,34.0,0.5,176.0,
2025-05-09 07:34:39,172.0,138.0,175.42,50.0,171.0,196.0,186.92,37.0,173.71,3.4199999999999875,334.0,87.0,1.020798706896406,421,247.0,168.0,0.59,172.0,4.0
2025-05-09 07:34:40,172.0,80.0,178.8,30.0,171.0,140.0,231.14,14.0,175.4,6.800000000000011,220.0,44.0,0.8627687986951142,264,176.0,-157.0,0.67,172.0,
2025-05-09 07:34:41,172.93,30.0,179.0,48.0,171.8,140.0,196.33,61.0,175.97,6.069999999999993,170.0,109.0,0.9525387131251666,279,61.0,15.0,0.22,172.0,
2025-05-09 07:34:42,174.0,10.0,179.0,30.0,172.0,80.0,244.4,40.0,176.5,5.0,90.0,70.0,1.150899648102491,160,20.0,-119.0,0.12,172.0,
2025-05-09 07:34:43,174.0,7.0,179.0,21.0,172.0,56.0,346.91,55.0,176.5,5.0,63.0,76.0,1.1584170233567468,139,-13.0,-21.0,-0.09,172.0,
2025-05-09 07:34:44,172.33,24.0,179.0,24.0,171.36,88.0,358.57,42.0,175.67,6.669999999999988,112.0,66.0,0.4923108773965455,178,46.0,39.0,0.26,172.5,4.0
2025-05-09 07:34:45,172.0,40.0,179.0,24.0,171.0,112.0,354.15,33.0,175.5,7.0,152.0,57.0,0.4625689137879543,209,95.0,31.0,0.45,172.5,
2025-05-09 07:34:46,172.15,39.0,179.0,33.0,171.05,132.0,299.0,55.0,175.58,6.849999999999994,171.0,88.0,0.5056678751937026,259,83.0,50.0,0.32,172.0,2.0
2025-05-09 07:34:47,172.27,11.0,179.0,27.0,171.03,115.0,275.0,36.0,175.64,6.72999999999999,126.0,63.0,0.4088031311068924,189,63.0,-70.0,0.33,172.6,5.0
2025-05-09 07:34:48,171.01,101.0,179.0,33.0,168.24,174.0,270.77,53.0,175.0,7.990000000000009,275.0,86.0,0.2749909089453826,361,189.0,168.0,0.52,171.2,5.0
2025-05-09 07:34:49,172.29,77.0,179.0,30.0,170.17,108.0,348.33,45.0,175.64,6.710000000000008,185.0,75.0,0.270037034501944,260,110.0,-101.0,0.42,172.0,2.0
2025-05-09 07:34:50,178.0,59.0,179.0,39.0,172.0,78.0,301.65,62.0,178.5,1.0,137.0,101.0,1.383806344834052,238,36.0,-22.0,0.15,178.0,6.0
2025-05-09 07:34:51,178.0,5.0,225.32,19.0,172.0,30.0,272.57,23.0,201.66,47.31999999999999,35.0,42.0,11.468762792908668,77,-7.0,-161.0,-0.09,178.0,
2025-05-09 07:34:52,172.35,51.0,192.18,17.0,171.18,98.0,220.04,46.0,182.26,19.830000000000013,149.0,63.0,11.027353263589909,212,86.0,135.0,0.41,178.0,1.0
2025-05-09 07:34:53,172.0,36.0,179.0,6.0,171.0,60.0,207.0,24.0,175.5,7.0,96.0,30.0,10.943012382338193,126,66.0,-86.0,0.52,178.0,
2025-05-09 07:34:54,172.0,54.0,179.0,9.0,171.0,90.0,207.0,36.0,175.5,7.0,144.0,45.0,10.965786793477564,189,99.0,63.0,0.52,178.0,
2025-05-09 07:34:55,172.0,36.0,179.0,6.0,171.0,60.0,207.0,24.0,175.5,7.0,96.0,30.0,11.32803954795386,126,66.0,-63.0,0.52,178.0,
2025-05-09 07:34:56,172.0,78.0,179.0,12.0,170.64,110.0,227.0,48.0,175.5,7.0,188.0,60.0,3.0231639055803314,248,128.0,122.0,0.52,178.0,
2025-05-09 07:34:57,172.0,48.0,179.0,6.0,170.0,48.0,237.57,23.0,175.5,7.0,96.0,29.0,0.0,125,67.0,-123.0,0.54,178.0,
2025-05-09 07:34:58,172.0,72.0,179.0,9.0,170.03,66.0,226.86,35.0,175.5,7.0,138.0,44.0,0.0,182,94.0,57.0,0.52,178.0,
2025-05-09 07:34:59,172.0,83.0,178.83,12.0,171.0,22.0,210.37,51.0,175.42,6.8300000000000125,105.0,63.0,0.0357770876816593,168,42.0,-14.0,0.25,172.0,1.0
2025-05-09 07:35:00,172.0,84.0,175.98,44.0,171.0,24.0,176.84,31.0,173.99,3.9799999999999898,108.0,75.0,0.667248079804517,183,33.0,15.0,0.18,172.0,
2025-05-09 07:35:01,170.97,72.0,172.78,55.0,168.92,120.0,174.72,32.0,171.88,1.8100000000000025,192.0,87.0,1.578138143510399,279,105.0,96.0,0.38,171.78,9.0
2025-05-09 07:35:02,169.58,52.0,357.6,30.0,168.06,202.0,494.17,18.0,263.59,188.02,254.0,48.0,40.004437628843256,302,206.0,23.0,0.68,170.0,8.0
2025-05-09 07:35:03,174.0,10.0,226.11,44.0,170.5,32.0,471.04,26.0,200.06,52.110000000000014,42.0,70.0,38.95433826931235,112,-28.0,-168.0,-0.25,170.0,
2025-05-09 07:35:04,174.0,6.0,178.38,24.0,170.0,28.0,193.38,48.0,176.19,4.379999999999996,34.0,72.0,38.84913602642938,106,-38.0,-6.0,-0.36,170.0,
2025-05-09 07:35:05,174.0,9.0,177.44,27.0,170.0,54.0,179.0,66.0,175.72,3.4399999999999977,63.0,93.0,38.59828325197914,156,-30.0,50.0,-0.19,170.0,
2025-05-09 07:35:06,173.5,8.0,176.5,24.0,169.21,53.0,180.88,67.0,175.0,3.0,61.0,91.0,38.10283283431841,152,-30.0,-4.0,-0.2,171.0,4.0
2025-05-09 07:35:07,168.21,181.0,175.27,33.0,166.99,95.0,180.3,69.0,171.74,7.060000000000002,276.0,102.0,11.490570917060918,378,174.0,168.0,0.46,170.0,1.0
2025-05-09 07:35:08,171.03,62.0,174.22,32.0,168.26,210.0,177.64,44.0,172.63,3.1899999999999977,272.0,76.0,1.962862705337196,348,196.0,-30.0,0.56,172.0,1.0
2025-05-09 07:35:09,171.0,42.0,173.95,19.0,170.0,63.0,177.0,30.0,172.47,2.9499999999999886,105.0,49.0,1.7387553019339124,154,56.0,-168.0,0.36,172.0,
2025-05-09 07:35:10,171.0,84.0,172.0,42.0,170.0,126.0,173.0,14.0,171.5,1.0,210.0,56.0,1.3878292402175691,266,154.0,112.0,0.58,172.0,
2025-05-09 07:35:11,171.0,47.0,172.16,25.0,170.0,102.0,176.1,31.0,171.58,1.1599999999999966,149.0,56.0,0.5269060637367334,205,93.0,-61.0,0.45,171.0,4.0
2025-05-09 07:35:12,171.0,16.0,172.75,8.0,170.0,96.0,177.0,48.0,171.88,1.75,112.0,56.0,0.5142664678963166,168,56.0,-37.0,0.33,171.0,
2025-05-09 07:35:13,171.7,20.0,176.91,55.0,170.28,50.0,296.09,23.0,174.3,5.210000000000008,70.0,78.0,1.1568405248791764,148,-8.0,-20.0,-0.05,172.0,1.0
2025-05-09 07:35:14,172.0,10.0,177.0,30.0,171.0,10.0,319.0,15.0,174.5,5.0,20.0,45.0,1.5127194055749127,65,-25.0,-83.0,-0.38,172.0,
2025-05-09 07:35:15,172.0,18.0,177.0,54.0,171.0,45.0,332.68,19.0,174.5,5.0,63.0,73.0,1.4867144984842249,136,-10.0,71.0,-0.07,172.0,
2025-05-09 07:35:16,172.0,32.0,176.24,75.0,171.0,70.0,190.8,45.0,174.12,4.240000000000009,102.0,120.0,1.1181234278931185,222,-18.0,86.0,-0.08,172.0,2.0
2025-05-09 07:35:17,171.4,30.0,175.35,49.0,170.23,82.0,176.12,52.0,173.37,3.9499999999999886,112.0,101.0,0.4681025528701918,213,11.0,-9.0,0.05,171.5,2.0
2025-05-09 07:35:18,171.0,26.0,173.69,29.0,169.23,26.0,175.67,36.0,172.34,2.6899999999999977,52.0,65.0,0.9210211723969276,117,-13.0,-96.0,-0.11,171.5,
2025-05-09 07:35:19,171.0,52.0,172.0,24.0,169.0,24.0,174.6,40.0,171.5,1.0,76.0,64.0,1.243897101854952,140,12.0,23.0,0.09,171.0,3.0
2025-05-09 07:35:20,171.0,40.0,174.5,32.0,169.0,24.0,177.2,40.0,172.75,3.5,64.0,72.0,0.996257998714689,136,-8.0,-4.0,-0.06,171.0,2.0
2025-05-09 07:35:21,173.4,30.0,177.87,62.0,170.45,22.0,211.23,13.0,175.64,4.469999999999999,52.0,75.0,1.5638574103808516,127,-23.0,-9.0,-0.18,171.0,
2025-05-09 07:35:22,174.25,28.0,178.0,39.0,172.0,35.0,263.0,24.0,176.12,3.75,63.0,63.0,2.074102215418362,126,0.0,-1.0,0.0,178.0,5.0
2025-05-09 07:35:23,175.0,14.0,178.0,14.0,174.0,42.0,322.4,30.0,176.5,3.0,56.0,44.0,2.235312058752367,100,12.0,-26.0,0.12,178.0,
2025-05-09 07:35:24,174.2,10.0,177.64,14.0,168.49,78.0,283.0,10.0,175.92,3.4399999999999977,88.0,24.0,1.5064793393884135,112,64.0,12.0,0.57,174.33,3.0
2025-05-09 07:35:25,174.0,10.0,177.0,50.0,168.0,100.0,178.8,10.0,175.5,3.0,110.0,60.0,0.3968374982337096,170,50.0,58.0,0.29,174.33,
2025-05-09 07:35:26,174.0,15.0,176.67,66.0,168.98,59.0,177.33,27.0,175.33,2.6699999999999875,74.0,93.0,0.4717838488167604,167,-19.0,-3.0,-0.11,174.33,
2025-05-09 07:35:27,169.41,34.0,175.0,22.0,167.86,71.0,176.0,55.0,172.21,5.590000000000003,105.0,77.0,1.6731019096289337,182,28.0,15.0,0.15,169.82,11.0
2025-05-09 07:35:28,168.0,64.0,172.42,52.0,164.03,71.0,174.04,49.0,170.21,4.419999999999988,135.0,101.0,2.5067768149564933,236,34.0,54.0,0.14,169.82,
2025-05-09 07:35:29,168.0,56.0,170.15,26.0,164.0,50.0,171.6,35.0,169.08,2.1500000000000057,106.0,61.0,2.9166641904756294,167,45.0,-69.0,0.27,168.0,4.0
2025-05-09 07:35:30,165.65,34.0,168.91,22.0,138.47,47.0,174.36,55.0,167.28,3.259999999999991,81.0,77.0,3.0904481875615124,158,4.0,-9.0,0.03,168.0,2.0
2025-05-09 07:35:31,164.0,50.0,169.67,18.0,67.58,26.0,175.12,49.0,166.83,5.669999999999988,76.0,67.0,2.200424958957156,143,9.0,-15.0,0.06,168.0,2.0
2025-05-09 07:35:32,168.38,74.0,172.78,49.0,149.36,53.0,175.4,60.0,170.58,4.400000000000006,127.0,109.0,1.690127214147354,236,18.0,93.0,0.08,168.0,
2025-05-09 07:35:33,170.0,36.0,174.11,27.0,164.0,30.0,176.81,26.0,172.06,4.110000000000014,66.0,53.0,2.202039963307115,119,13.0,-117.0,0.11,171.0,3.0
2025-05-09 07:35:34,170.15,26.0,177.0,24.0,166.25,32.0,179.0,30.0,173.58,6.849999999999994,58.0,54.0,2.950505041514398,112,4.0,-7.0,0.04,171.0,
2025-05-09 07:35:35,172.0,8.0,179.0,40.0,170.0,48.0,180.0,32.0,175.5,7.0,56.0,72.0,3.2815697463260336,128,-16.0,16.0,-0.12,171.0,
2025-05-09 07:35:36,172.0,9.0,178.32,31.0,170.0,54.0,179.19,43.0,175.16,6.319999999999993,63.0,74.0,2.078768866421369,137,-11.0,9.0,-0.08,171.0,
2025-05-09 07:35:37,172.0,12.0,178.0,46.0,170.5,72.0,179.28,58.0,175.0,6.0,84.0,104.0,1.431572561906323,188,-20.0,51.0,-0.11,171.0,
2025-05-09 07:35:38,172.0,29.0,177.47,51.0,171.0,72.0,179.25,57.0,174.74,5.469999999999999,101.0,108.0,0.7334030269934524,209,-7.0,21.0,-0.03,172.0,5.0
2025-05-09 07:35:39,171.22,45.0,177.48,48.0,167.46,61.0,180.33,54.0,174.35,6.259999999999991,106.0,102.0,0.4339354790786352,208,4.0,-1.0,0.02,171.67,3.0
2025-05-09 07:35:40,171.0,53.0,178.0,45.0,166.83,41.0,182.0,36.0,174.5,7.0,94.0,81.0,0.3366006535988287,175,13.0,-33.0,0.07,171.67,
2025-05-09 07:35:41,171.0,62.0,177.13,52.0,168.0,70.0,179.23,65.0,174.07,6.129999999999996,132.0,117.0,0.3570294105576129,249,15.0,74.0,0.06,171.0,2.0
2025-05-09 07:35:42,171.0,48.0,175.17,36.0,168.0,66.0,178.52,54.0,173.08,4.169999999999988,114.0,90.0,0.6445696238600156,204,24.0,-45.0,0.12,171.0,
2025-05-09 07:35:43,171.0,36.0,179.59,37.0,168.0,63.0,327.56,36.0,175.3,8.590000000000003,99.0,73.0,0.8024649525076253,172,26.0,-32.0,0.15,175.0,3.0
2025-05-09 07:35:44,178.0,17.0,180.0,85.0,171.87,92.0,308.67,75.0,179.0,2.0,109.0,160.0,2.2754559982568776,269,-51.0,97.0,-0.19,175.0,
2025-05-09 07:35:45,178.0,5.0,180.0,25.0,172.0,40.0,234.2,20.0,179.0,2.0,45.0,45.0,2.770415131348248,90,0.0,-168.0,0.0,175.0,
2025-05-09 07:35:46,178.0,5.0,179.45,22.0,172.0,40.0,195.65,23.0,178.73,1.4499999999999886,45.0,45.0,2.7040192307014794,90,0.0,0.0,0.0,178.0,1.0
2025-05-09 07:35:47,172.0,104.0,178.46,52.0,170.0,91.0,179.88,64.0,175.23,6.460000000000008,195.0,116.0,1.9996424680435985,311,79.0,168.0,0.25,178.0,
2025-05-09 07:35:48,172.0,72.0,177.89,36.0,170.46,39.0,179.83,24.0,174.94,5.889999999999986,111.0,60.0,2.1004404300059303,171,51.0,-140.0,0.3,178.0,
2025-05-09 07:35:49,172.0,72.0,177.56,36.0,171.0,27.0,180.0,9.0,174.78,5.560000000000002,99.0,45.0,2.1343219063682364,144,54.0,-27.0,0.38,178.0,
2025-05-09 07:35:50,172.0,40.0,176.2,20.0,171.0,15.0,177.4,5.0,174.1,4.199999999999989,55.0,25.0,1.8222321476703107,80,30.0,-64.0,0.38,178.0,
2025-05-09 07:35:51,172.0,48.0,174.89,36.0,171.0,27.0,177.0,9.0,173.44,2.8899999999999864,75.0,45.0,0.7225787154372699,120,30.0,40.0,0.25,172.0,4.0
2025-05-09 07:35:52,172.0,40.0,173.0,40.0,171.0,30.0,178.6,10.0,172.5,1.0,70.0,50.0,1.006737304366382,120,20.0,0.0,0.17,172.0,
2025-05-09 07:35:53,171.73,33.0,173.0,48.0,170.56,48.0,179.0,12.0,172.36,1.2700000000000102,81.0,60.0,1.0345433775356208,141,21.0,21.0,0.15,172.0,2.0
2025-05-09 07:35:54,172.0,34.0,173.0,40.0,171.0,30.0,179.0,10.0,172.5,1.0,64.0,50.0,0.7601315675610072,114,14.0,-27.0,0.12,172.0,3.0
2025-05-09 07:35:55,174.0,37.0,177.52,23.0,171.03,34.0,181.25,12.0,175.76,3.5200000000000102,71.0,35.0,1.4347543343732332,106,36.0,-8.0,0.34,173.2,5.0
2025-05-09 07:35:56,174.43,28.0,176.1,50.0,170.6,40.0,179.0,10.0,175.26,1.6699999999999875,68.0,60.0,1.684482116260903,128,8.0,22.0,0.06,174.0,4.0
2025-05-09 07:35:57,174.0,30.0,176.0,50.0,171.0,20.0,179.67,15.0,175.0,2.0,50.0,65.0,1.6178627877551497,115,-15.0,-13.0,-0.13,174.0,
2025-05-09 07:35:58,172.96,23.0,175.08,65.0,170.15,66.0,179.82,22.0,174.02,2.1200000000000045,89.0,87.0,1.2889220302263873,176,2.0,61.0,0.01,173.25,4.0
2025-05-09 07:35:59,170.25,16.0,174.0,35.0,169.76,37.0,179.0,12.0,172.12,3.75,53.0,47.0,1.4393470741981942,100,6.0,-76.0,0.06,170.25,4.0
2025-05-09 07:36:00,170.0,40.0,173.5,50.0,169.0,30.0,178.71,17.0,171.75,3.5,70.0,67.0,1.62021603497893,137,3.0,37.0,0.02,170.25,
2025-05-09 07:36:01,170.05,42.0,173.43,21.0,169.14,28.0,177.36,11.0,171.74,3.3799999999999955,70.0,32.0,1.4947842653716967,102,38.0,-35.0,0.37,172.0,4.0
2025-05-09 07:36:02,170.3,27.0,175.4,10.0,169.5,16.0,177.0,10.0,172.85,5.099999999999994,43.0,20.0,0.9640176346949172,63,23.0,-39.0,0.37,172.0,2.0
2025-05-09 07:36:03,170.0,33.0,173.36,11.0,169.0,11.0,174.91,11.0,171.68,3.3600000000000136,44.0,22.0,0.4912942092094653,66,22.0,3.0,0.33,172.5,2.0
2025-05-09 07:36:04,170.0,18.0,175.0,6.0,168.0,78.0,178.0,6.0,172.5,5.0,96.0,12.0,0.5364046979685727,108,84.0,42.0,0.78,172.5,
2025-05-09 07:36:05,170.0,12.0,175.0,4.0,168.0,52.0,178.0,4.0,172.5,5.0,64.0,8.0,0.5171846865509059,72,56.0,-36.0,0.78,172.5,
2025-05-09 07:36:06,170.05,22.0,175.0,8.0,168.06,94.0,178.0,8.0,172.52,4.949999999999989,116.0,16.0,0.4343961325826516,132,100.0,60.0,0.76,172.5,
2025-05-09 07:36:07,170.04,25.0,174.73,11.0,168.06,107.0,177.67,9.0,172.38,4.689999999999998,132.0,20.0,0.359833294739059,152,112.0,20.0,0.74,171.0,1.0
2025-05-09 07:36:08,170.0,34.0,172.31,32.0,168.0,156.0,174.75,12.0,171.16,2.3100000000000023,190.0,44.0,0.5906945064944876,234,146.0,82.0,0.62,170.33,3.0
2025-05-09 07:36:09,168.95,19.0,176.0,10.0,167.75,134.0,177.4,10.0,172.47,7.050000000000011,153.0,20.0,0.5871796999239381,173,133.0,-61.0,0.77,168.5,4.0
2025-05-09 07:36:10,168.0,52.0,176.0,7.0,166.0,119.0,177.0,7.0,172.0,8.0,171.0,14.0,0.5668156666878255,185,157.0,12.0,0.85,168.0,3.0
2025-05-09 07:36:11,166.11,73.0,222.56,18.0,165.85,144.0,254.92,13.0,194.33,56.44999999999999,217.0,31.0,9.998558396089056,248,186.0,63.0,0.75,171.86,7.0
2025-05-09 07:36:12,166.12,85.0,178.0,24.0,165.1,29.0,387.0,24.0,172.06,11.879999999999995,114.0,48.0,10.0322345467001,162,66.0,-86.0,0.41,178.0,2.0
2025-05-09 07:36:13,168.0,30.0,178.0,18.0,166.0,96.0,386.79,19.0,173.0,10.0,126.0,37.0,9.823358387028488,163,89.0,1.0,0.55,178.0,
2025-05-09 07:36:14,168.0,35.0,178.0,21.0,166.0,112.0,237.22,9.0,173.0,10.0,147.0,30.0,9.768035626470809,177,117.0,14.0,0.66,178.0,
2025-05-09 07:36:15,168.0,40.0,178.0,24.0,166.0,128.0,280.0,16.0,173.0,10.0,168.0,40.0,9.6527467593428,208,128.0,31.0,0.62,178.0,
2025-05-09 07:36:16,168.0,40.0,177.75,24.0,166.0,128.0,253.26,23.0,172.88,9.75,168.0,47.0,0.4102682049616837,215,121.0,7.0,0.56,178.0,
2025-05-09 07:36:17,167.76,41.0,177.0,42.0,166.38,119.0,178.64,42.0,172.38,9.240000000000007,160.0,84.0,0.2689237810281764,244,76.0,29.0,0.31,167.75,4.0
2025-05-09 07:36:18,167.0,127.0,177.0,27.0,164.1,84.0,179.0,27.0,172.0,10.0,211.0,54.0,0.445331337323647,265,157.0,21.0,0.59,167.0,5.0
2025-05-09 07:36:19,167.0,117.0,172.73,41.0,166.0,36.0,177.44,27.0,169.87,5.72999999999999,153.0,68.0,1.270070864165614,221,85.0,-44.0,0.38,167.0,
2025-05-09 07:36:20,167.0,130.0,172.0,50.0,166.0,40.0,177.0,30.0,169.5,5.0,170.0,80.0,1.53576690939814,250,90.0,29.0,0.36,172.0,2.0
2025-05-09 07:36:21,167.42,67.0,171.08,39.0,166.88,103.0,172.5,30.0,169.25,3.660000000000025,170.0,69.0,1.4742625275039196,239,101.0,-11.0,0.42,172.0,
2025-05-09 07:36:22,168.0,56.0,169.57,56.0,166.36,182.0,172.0,42.0,168.79,1.5699999999999932,238.0,98.0,1.2473852652657913,336,140.0,97.0,0.42,172.0,
2025-05-09 07:36:23,166.19,86.0,171.08,26.0,165.04,50.0,173.5,24.0,168.63,4.890000000000015,136.0,50.0,0.508448620808597,186,86.0,-150.0,0.46,169.0,4.0
2025-05-09 07:36:24,166.0,136.0,172.0,30.0,164.0,44.0,177.0,33.0,169.0,6.0,180.0,63.0,0.3491847648482812,243,117.0,57.0,0.48,169.0,2.0
2025-05-09 07:36:25,167.36,88.0,173.54,41.0,165.76,136.0,184.88,40.0,170.45,6.179999999999978,224.0,81.0,0.72372646766728,305,143.0,62.0,0.47,172.0,2.0
2025-05-09 07:36:26,167.5,32.0,174.0,38.0,165.85,104.0,175.0,50.0,170.75,6.5,136.0,88.0,0.996634336154538,224,48.0,-81.0,0.21,174.0,1.0
2025-05-09 07:36:27,165.33,89.0,174.0,27.0,164.35,68.0,175.0,27.0,169.66,8.669999999999987,157.0,54.0,0.9084987616954788,211,103.0,-13.0,0.49,169.0,2.0
2025-05-09 07:36:28,165.0,77.0,173.0,16.0,164.0,28.0,174.0,21.0,169.0,8.0,105.0,37.0,0.809425722350252,142,68.0,-69.0,0.48,169.0,
2025-05-09 07:36:29,165.0,110.0,172.76,21.0,164.0,40.0,173.43,35.0,168.88,7.759999999999991,150.0,56.0,0.8392675377984227,206,94.0,64.0,0.46,172.67,3.0
2025-05-09 07:36:30,165.0,121.0,171.12,32.0,164.0,44.0,173.13,23.0,168.06,6.1200000000000045,165.0,55.0,1.0039422294147191,220,110.0,14.0,0.5,172.67,
2025-05-09 07:36:31,165.0,143.0,169.14,43.0,163.07,136.0,170.1,58.0,167.07,4.139999999999986,279.0,101.0,0.9965841660402665,380,178.0,160.0,0.47,172.67,
2025-05-09 07:36:32,164.97,97.0,166.69,65.0,163.14,73.0,168.53,43.0,165.83,1.7199999999999989,170.0,108.0,1.3306652471610425,278,62.0,-102.0,0.22,166.0,5.0
2025-05-09 07:36:33,163.23,77.0,166.0,20.0,162.93,82.0,171.39,44.0,164.62,2.7700000000000102,159.0,64.0,1.7057168580987163,223,95.0,-55.0,0.43,165.75,4.0
2025-05-09 07:36:34,164.0,104.0,170.47,47.0,162.77,169.0,195.23,53.0,167.23,6.469999999999999,273.0,100.0,1.3467999109007072,373,173.0,150.0,0.46,166.0,2.0
2025-05-09 07:36:35,164.0,52.0,170.2,20.0,162.0,117.0,190.33,36.0,167.1,6.199999999999989,169.0,56.0,1.1309951370373528,225,113.0,-148.0,0.5,165.33,6.0
2025-05-09 07:36:36,164.0,21.0,166.0,7.0,162.0,91.0,167.2,25.0,165.0,2.0,112.0,32.0,1.188120364273802,144,80.0,-81.0,0.56,165.33,
2025-05-09 07:36:37,165.33,9.0,166.83,24.0,164.0,27.0,170.33,36.0,166.08,1.5,36.0,60.0,1.186751869601273,96,-24.0,-48.0,-0.25,166.0,1.0
2025-05-09 07:36:38,164.2,20.0,167.0,26.0,162.14,84.0,173.0,32.0,165.6,2.800000000000012,104.0,58.0,0.959854155589346,162,46.0,66.0,0.28,167.0,1.0
2025-05-09 07:36:39,163.4,20.0,167.0,30.0,162.19,80.0,173.0,39.0,165.2,3.5999999999999943,100.0,69.0,0.8379021422589369,169,31.0,7.0,0.18,167.0,
2025-05-09 07:36:40,164.78,9.0,167.0,27.0,162.16,77.0,173.0,45.0,165.89,2.219999999999999,86.0,72.0,0.4538501955514596,158,14.0,-11.0,0.09,167.0,
2025-05-09 07:36:41,166.55,31.0,172.68,57.0,162.46,46.0,297.69,39.0,169.62,6.129999999999996,77.0,96.0,1.7874898601117044,173,-19.0,15.0,-0.11,167.0,3.0
2025-05-09 07:36:42,167.78,36.0,172.95,40.0,165.0,9.0,366.85,39.0,170.36,5.169999999999988,45.0,79.0,2.4509345156495304,124,-34.0,-49.0,-0.27,173.0,1.0
2025-05-09 07:36:43,169.71,42.0,172.0,16.0,168.59,49.0,173.0,32.0,170.86,2.289999999999992,91.0,48.0,2.642003028007761,139,43.0,15.0,0.31,173.0,
2025-05-09 07:36:44,171.7,20.0,173.48,27.0,169.0,40.0,192.45,31.0,172.59,1.7800000000000011,60.0,58.0,2.47595032260384,118,2.0,-21.0,0.02,172.67,3.0
2025-05-09 07:36:45,170.62,26.0,174.08,39.0,166.89,74.0,232.21,52.0,172.35,3.460000000000008,100.0,91.0,1.2808707975443565,191,9.0,73.0,0.05,173.0,4.0
2025-05-09 07:36:46,171.5,16.0,173.5,64.0,169.0,64.0,175.94,48.0,172.5,2.0,80.0,112.0,1.042914186307708,192,-32.0,1.0,-0.17,173.0,
2025-05-09 07:36:47,169.0,32.0,173.0,24.0,163.0,48.0,176.0,24.0,171.0,4.0,80.0,48.0,0.8547221770855561,128,32.0,-64.0,0.25,173.0,1.0
2025-05-09 07:36:48,169.0,24.0,172.67,18.0,163.06,32.0,176.0,18.0,170.83,3.669999999999988,56.0,36.0,0.8635565991884224,92,20.0,-36.0,0.22,173.0,
2025-05-09 07:36:49,168.0,48.0,171.86,28.0,165.6,40.0,175.53,34.0,169.93,3.8600000000000136,88.0,62.0,1.0871844369755823,150,26.0,58.0,0.17,169.6,5.0
2025-05-09 07:36:50,166.0,32.0,167.4,15.0,164.0,16.0,170.45,11.0,166.7,1.4000000000000057,48.0,26.0,2.159252185364658,74,22.0,-76.0,0.3,169.6,
2025-05-09 07:36:51,164.11,36.0,167.0,9.0,162.4,30.0,172.0,18.0,165.56,2.8899999999999864,66.0,27.0,2.507255471626725,93,39.0,19.0,0.42,165.25,8.0
2025-05-09 07:36:52,169.0,60.0,175.59,22.0,162.25,32.0,378.22,37.0,172.3,6.590000000000003,92.0,59.0,2.837557047885052,151,33.0,58.0,0.22,170.33,3.0
2025-05-09 07:36:53,172.0,35.0,176.0,12.0,162.0,20.0,390.0,20.0,174.0,4.0,55.0,32.0,3.586170659631532,87,23.0,-64.0,0.26,172.0,5.0
2025-05-09 07:36:54,172.0,55.0,381.38,48.0,163.86,58.0,501.65,68.0,276.69,209.38,113.0,116.0,48.0081690965194,229,-3.0,142.0,-0.01,172.0,3.0
2025-05-09 07:36:56,172.0,8.0,221.0,15.0,162.73,11.0,568.0,12.0,196.5,49.0,19.0,27.0,75.6028871803187,46,-8.0,-75.0,-0.17,172.0,
2025-05-09 07:36:57,168.4,15.0,410.27,22.0,162.29,21.0,680.83,23.0,289.34,241.87,36.0,45.0,70.09877652284665,81,-9.0,35.0,-0.11,172.0,3.0
2025-05-09 07:36:59,162.0,60.0,309.38,45.0,160.0,120.0,487.37,49.0,235.69,147.38,180.0,94.0,71.11324398450681,274,86.0,168.0,0.31,163.33,3.0
2025-05-09 07:37:00,162.0,50.0,165.0,50.0,160.0,100.0,172.0,20.0,163.5,3.0,150.0,70.0,79.56430028599506,220,80.0,-54.0,0.36,163.33,
2025-05-09 07:37:01,162.61,46.0,168.85,26.0,160.5,80.0,191.5,32.0,165.73,6.239999999999981,126.0,58.0,85.69145972615938,184,68.0,-36.0,0.37,163.33,
2025-05-09 07:37:02,164.0,40.0,165.28,29.0,161.4,50.0,169.0,20.0,164.64,1.2800000000000011,90.0,49.0,87.27466682835286,139,41.0,-45.0,0.29,165.0,3.0
2025-05-09 07:37:03,166.41,34.0,169.45,22.0,162.6,50.0,428.27,30.0,167.93,3.039999999999992,84.0,52.0,31.45478294313913,136,32.0,-3.0,0.24,167.5,4.0
2025-05-09 07:37:04,167.75,24.0,172.0,22.0,162.59,34.0,656.67,45.0,169.88,4.25,58.0,67.0,2.5684294812193555,125,-9.0,-11.0,-0.07,167.8,5.0
2025-05-09 07:37:05,168.62,26.0,171.26,19.0,163.95,22.0,380.26,43.0,169.94,2.6399999999999864,48.0,62.0,2.399922915428051,110,-14.0,-15.0,-0.13,170.0,1.0
2025-05-09 07:37:06,167.13,15.0,173.6,30.0,161.74,47.0,560.56,61.0,170.37,6.469999999999999,62.0,91.0,2.3814848309398533,153,-29.0,43.0,-0.19,170.0,
2025-05-09 07:37:07,169.33,12.0,175.0,24.0,165.02,112.0,418.0,12.0,172.17,5.669999999999988,124.0,36.0,1.510950032263308,160,88.0,7.0,0.55,170.0,
2025-05-09 07:37:08,171.0,9.0,175.0,18.0,165.0,99.0,444.19,16.0,173.0,4.0,108.0,34.0,1.424594679197011,142,74.0,-18.0,0.52,170.0,
2025-05-09 07:37:09,167.92,26.0,175.0,16.0,166.94,62.0,714.0,32.0,171.46,7.0800000000000125,88.0,48.0,1.2597896649823768,136,40.0,-6.0,0.29,171.0,1.0
2025-05-09 07:37:10,167.17,72.0,175.0,16.0,166.54,26.0,540.67,39.0,171.08,7.8300000000000125,98.0,55.0,1.0107571419467598,153,43.0,17.0,0.28,171.0,
2025-05-09 07:37:11,169.27,44.0,418.86,50.0,168.29,102.0,587.06,51.0,294.07,249.59,146.0,101.0,54.62869694583601,247,45.0,94.0,0.18,175.0,2.0
2025-05-09 07:37:12,176.82,56.0,364.8,50.0,175.0,46.0,496.73,37.0,270.81,187.98,102.0,87.0,61.1343678302147,189,15.0,-58.0,0.08,175.0,
2025-05-09 07:37:13,177.5,32.0,412.0,40.0,176.38,64.0,501.71,17.0,294.75,234.5,96.0,57.0,63.86928001786137,153,39.0,-36.0,0.25,175.0,
2025-05-09 07:37:16,177.0,70.0,192.33,21.0,176.0,140.0,374.46,41.0,184.67,15.330000000000013,210.0,62.0,74.29737323755114,272,148.0,108.0,0.54,175.0,
2025-05-09 07:37:17,177.0,52.0,191.08,24.0,176.0,120.0,459.6,30.0,184.04,14.080000000000013,172.0,54.0,89.68484414883032,226,118.0,-46.0,0.52,177.0,4.0
2025-05-09 07:37:18,176.11,54.0,188.91,22.0,175.91,66.0,315.5,22.0,182.51,12.799999999999985,120.0,44.0,97.78364766155936,164,76.0,-62.0,0.46,176.33,3.0
2025-05-09 07:37:19,175.95,44.0,189.5,24.0,173.83,24.0,274.1,20.0,182.73,13.550000000000011,68.0,44.0,70.61739537819264,112,24.0,-52.0,0.21,176.0,3.0
2025-05-09 07:37:20,176.0,9.0,188.57,14.0,175.0,7.0,285.0,7.0,182.29,12.569999999999991,16.0,21.0,1.0464320331394446,37,-5.0,-75.0,-0.14,176.0,
2025-05-09 07:37:21,176.0,11.0,185.81,37.0,175.0,11.0,196.93,28.0,180.91,9.810000000000002,22.0,65.0,1.1176672134317491,87,-43.0,50.0,-0.49,176.0,
2025-05-09 07:37:22,176.0,16.0,182.36,44.0,175.0,16.0,183.43,65.0,179.18,6.360000000000014,32.0,109.0,1.4903623720358092,141,-77.0,54.0,-0.55,176.0,
2025-05-09 07:37:23,176.0,10.0,178.38,13.0,175.0,10.0,180.71,24.0,177.19,2.3799999999999955,20.0,37.0,2.293229164296529,57,-17.0,-84.0,-0.3,176.0,
2025-05-09 07:37:24,173.63,41.0,176.7,47.0,172.95,86.0,179.7,20.0,175.17,3.069999999999993,127.0,67.0,2.847634105706022,194,60.0,137.0,0.31,175.5,2.0
2025-05-09 07:37:25,173.31,78.0,177.38,39.0,172.74,108.0,179.86,21.0,175.35,4.069999999999993,186.0,60.0,2.4789110512440926,246,126.0,52.0,0.51,176.0,1.0
2025-05-09 07:37:26,173.0,112.0,177.56,32.0,172.0,52.0,178.22,27.0,175.28,4.560000000000002,164.0,59.0,1.7476069352059758,223,105.0,-23.0,0.47,173.0,1.0
2025-05-09 07:37:27,173.0,46.0,175.88,16.0,172.0,24.0,177.43,14.0,174.44,2.8799999999999955,70.0,30.0,1.0196224791460435,100,40.0,-123.0,0.4,173.0,2.0
2025-05-09 07:37:28,172.93,46.0,174.89,27.0,171.92,39.0,270.13,23.0,173.91,1.9599999999999795,85.0,50.0,0.629880941114953,135,35.0,35.0,0.26,172.86,7.0
2025-05-09 07:37:29,172.0,42.0,177.0,28.0,171.0,97.0,293.55,33.0,174.5,5.0,139.0,61.0,0.6104342716295077,200,78.0,65.0,0.39,172.86,
2025-05-09 07:37:30,171.58,38.0,176.8,20.0,168.62,58.0,281.18,11.0,174.19,5.219999999999999,96.0,31.0,0.5122792207183837,127,65.0,-73.0,0.51,173.2,5.0
2025-05-09 07:37:31,171.0,33.0,174.92,24.0,167.16,57.0,361.83,48.0,172.96,3.919999999999988,90.0,72.0,0.6263784798185479,162,18.0,35.0,0.11,173.2,
2025-05-09 07:37:32,171.0,14.0,173.14,14.0,170.0,7.0,272.11,27.0,172.07,2.1399999999999864,21.0,41.0,0.9971609699440488,62,-20.0,-100.0,-0.32,173.2,
2025-05-09 07:37:33,171.0,14.0,173.0,14.0,170.0,7.0,176.88,32.0,172.0,2.0,21.0,46.0,1.165002145912064,67,-25.0,5.0,-0.37,173.2,
2025-05-09 07:37:34,170.71,14.0,175.6,30.0,167.52,29.0,184.52,33.0,173.16,4.889999999999986,43.0,63.0,0.8987936359252232,106,-20.0,39.0,-0.19,171.0,2.0
2025-05-09 07:37:35,167.5,24.0,177.0,40.0,166.25,32.0,316.4,20.0,172.25,9.5,56.0,60.0,0.5347616291205185,116,-4.0,10.0,-0.03,168.5,2.0
2025-05-09 07:37:36,167.0,60.0,176.5,60.0,164.0,24.0,201.33,36.0,171.75,9.5,84.0,96.0,0.5415071559818847,180,-12.0,64.0,-0.07,168.5,
2025-05-09 07:37:37,167.0,105.0,176.0,65.0,164.0,26.0,297.74,43.0,171.5,9.0,131.0,108.0,0.639038339991871,239,23.0,59.0,0.1,168.5,
2025-05-09 07:37:38,171.24,102.0,176.0,50.0,167.48,33.0,297.0,20.0,173.62,4.759999999999991,135.0,70.0,0.9090269522844894,205,65.0,-34.0,0.32,168.5,
2025-05-09 07:37:39,173.0,116.0,194.54,41.0,169.0,40.0,234.71,21.0,183.77,21.539999999999992,156.0,62.0,5.203409459189235,218,94.0,13.0,0.43,175.14,7.0
2025-05-09 07:37:40,176.88,113.0,234.0,36.0,172.03,66.0,449.8,15.0,205.44,57.120000000000005,179.0,51.0,14.448443860844694,230,128.0,12.0,0.56,179.0,2.0
2025-05-09 07:37:48,177.0,39.0,246.09,11.0,175.33,72.0,252.38,26.0,211.55,69.09,111.0,37.0,5.979839462727064,148,74.0,11.0,0.5,177.0,3.0
2025-05-09 07:37:49,177.0,27.0,245.0,9.0,176.0,72.0,267.78,36.0,211.0,68.0,99.0,45.0,4.158842387009579,144,54.0,-4.0,0.38,177.0,
2025-05-09 07:37:50,177.0,24.0,244.5,8.0,176.0,64.0,301.76,34.0,210.75,67.5,88.0,42.0,3.736308338452186,130,46.0,-14.0,0.35,177.0,
2025-05-09 07:37:51,177.0,18.0,243.17,6.0,176.0,48.0,294.0,30.0,210.08,66.16999999999999,66.0,36.0,2.3868870941012537,102,30.0,-28.0,0.29,177.0,
2025-05-09 07:37:52,177.0,33.0,242.82,11.0,176.0,88.0,358.16,50.0,209.91,65.82,121.0,61.0,0.6735502950686153,182,60.0,80.0,0.33,177.0,
2025-05-09 07:38:00,177.7,23.0,220.4,20.0,176.38,64.0,221.08,25.0,199.05,42.70000000000002,87.0,45.0,4.751844904875028,132,42.0,49.0,0.32,179.0,1.0
2025-05-09 07:38:01,176.12,77.0,217.0,41.0,175.24,102.0,217.91,33.0,196.56,40.88,179.0,74.0,5.955212002942183,253,105.0,121.0,0.42,176.0,4.0
2025-05-09 07:38:02,176.0,48.0,213.29,34.0,175.0,72.0,215.0,28.0,194.65,37.28999999999999,120.0,62.0,6.121317668605873,182,58.0,-71.0,0.32,176.0,
2025-05-09 07:38:03,176.0,48.0,212.08,24.0,175.0,72.0,213.06,34.0,194.04,36.08000000000001,120.0,58.0,4.367432884428366,178,62.0,-4.0,0.35,176.0,
2025-05-09 07:38:04,175.5,56.0,209.07,30.0,174.58,72.0,210.38,32.0,192.28,33.56999999999999,128.0,62.0,2.587436955751016,190,66.0,12.0,0.35,175.4,10.0
2025-05-09 07:38:05,174.92,76.0,207.0,24.0,173.83,36.0,210.0,36.0,190.96,32.08000000000001,112.0,60.0,2.1634278356316727,172,52.0,-18.0,0.3,175.4,
2025-05-09 07:38:06,175.0,112.0,202.0,34.0,173.89,44.0,205.91,33.0,188.5,27.0,156.0,67.0,2.4777570502343056,223,89.0,51.0,0.4,176.0,2.0
2025-05-09 07:38:07,176.55,22.0,198.76,21.0,175.0,77.0,199.61,18.0,187.65,22.20999999999998,99.0,39.0,2.6391816913554127,138,60.0,-85.0,0.43,176.0,
2025-05-09 07:38:08,177.0,30.0,193.19,26.0,175.73,105.0,194.45,31.0,185.1,16.189999999999998,135.0,57.0,2.820925380081049,192,78.0,54.0,0.41,176.0,
2025-05-09 07:38:09,174.0,48.0,187.21,19.0,174.15,68.0,188.46,37.0,180.61,13.210000000000008,116.0,56.0,3.9321024910326288,172,60.0,-20.0,0.35,175.0,4.0
2025-05-09 07:38:10,174.2,65.0,183.92,13.0,173.08,50.0,185.0,26.0,179.06,9.72,115.0,39.0,4.198479486669501,154,76.0,-18.0,0.49,175.0,
2025-05-09 07:38:11,176.0,13.0,182.08,24.0,175.0,91.0,183.53,15.0,179.04,6.0800000000000125,104.0,39.0,3.887270250443665,143,65.0,-11.0,0.45,176.0,5.0
2025-05-09 07:38:12,175.28,29.0,179.23,31.0,174.65,68.0,180.13,23.0,177.25,3.9499999999999886,97.0,54.0,2.980145969576664,151,43.0,8.0,0.28,176.0,1.0
2025-05-09 07:38:13,174.37,63.0,175.62,26.0,172.71,51.0,178.65,26.0,174.99,1.25,114.0,52.0,2.148220193551796,166,62.0,15.0,0.37,174.75,8.0
2025-05-09 07:38:14,173.0,33.0,174.0,22.0,172.0,33.0,181.0,55.0,173.5,1.0,66.0,77.0,2.4743019217515645,143,-11.0,-23.0,-0.08,174.75,
2025-05-09 07:38:15,173.0,10.0,234.92,26.0,172.0,30.0,392.56,32.0,203.96,61.91999999999999,40.0,58.0,12.596014052071556,98,-18.0,-45.0,-0.18,173.0,2.0
2025-05-09 07:38:16,172.33,12.0,239.5,16.0,171.43,28.0,375.36,22.0,205.92,67.16999999999999,40.0,38.0,16.333123706137307,78,2.0,-20.0,0.03,172.5,2.0
2025-05-09 07:38:17,174.15,13.0,391.61,23.0,171.54,26.0,491.0,20.0,282.88,217.46,39.0,43.0,44.46138774262433,82,-4.0,4.0,-0.05,172.5,
2025-05-09 07:38:18,176.0,16.0,345.25,80.0,172.0,32.0,459.74,38.0,260.62,169.25,48.0,118.0,44.936482728402176,166,-70.0,84.0,-0.42,172.5,
2025-05-09 07:38:19,176.0,7.0,290.17,23.0,172.0,14.0,508.9,20.0,233.09,114.17000000000002,21.0,43.0,34.406913258820346,64,-22.0,-102.0,-0.34,172.5,
2025-05-09 07:38:22,174.89,76.0,216.0,24.0,171.71,42.0,287.71,42.0,195.45,41.110000000000014,118.0,66.0,25.400672235198552,184,52.0,100.0,0.28,176.0,9.0
2025-05-09 07:38:23,173.0,100.0,206.0,40.0,171.62,96.0,269.28,47.0,189.5,33.0,196.0,87.0,18.61233542573274,283,109.0,99.0,0.39,176.0,
2025-05-09 07:38:24,173.0,120.0,204.07,60.0,172.0,150.0,317.13,75.0,188.53,31.069999999999997,270.0,135.0,14.79788599766824,405,135.0,122.0,0.33,173.0,5.0
2025-05-09 07:38:25,173.0,85.0,201.53,68.0,172.0,170.0,321.12,50.0,187.26,28.53,255.0,118.0,7.535308221963152,373,137.0,-32.0,0.37,173.0,
2025-05-09 07:38:26,173.0,50.0,236.82,39.0,172.0,100.0,452.28,25.0,204.91,63.81999999999999,150.0,64.0,7.296310711584687,214,86.0,-159.0,0.4,173.0,
2025-05-09 07:38:27,173.0,36.0,328.0,40.0,172.0,60.0,628.37,27.0,250.5,155.0,96.0,67.0,26.89227863160697,163,29.0,-51.0,0.18,173.0,
2025-05-09 07:38:28,173.0,54.0,310.62,29.0,172.0,90.0,351.97,35.0,241.81,137.62,144.0,64.0,29.791822200059958,208,80.0,45.0,0.38,173.0,
2025-05-09 07:38:29,173.0,60.0,327.0,40.0,171.99,84.0,418.9,50.0,250.0,154.0,144.0,90.0,29.01623562766171,234,54.0,26.0,0.23,173.0,
2025-05-09 07:38:30,173.0,22.0,284.0,32.0,172.0,36.0,370.33,46.0,228.5,111.0,58.0,78.0,19.099610729017083,136,-20.0,-98.0,-0.15,173.0,5.0
2025-05-09 07:38:31,172.09,22.0,261.12,40.0,171.38,16.0,326.74,27.0,216.61,89.03,38.0,67.0,14.673248788185395,105,-29.0,-31.0,-0.28,172.5,2.0
2025-05-09 07:38:32,172.0,24.0,257.71,52.0,171.0,12.0,325.33,36.0,214.86,85.70999999999998,36.0,88.0,15.407823662022627,124,-52.0,19.0,-0.42,172.5,
2025-05-09 07:38:33,172.53,30.0,323.59,41.0,171.11,18.0,324.39,38.0,248.06,151.05999999999997,48.0,79.0,16.76327175702835,127,-31.0,3.0,-0.24,176.0,4.0
2025-05-09 07:38:34,175.78,37.0,321.25,32.0,171.93,15.0,323.0,8.0,248.52,145.47,52.0,40.0,16.365628616096124,92,12.0,-35.0,0.13,176.0,
2025-05-09 07:38:35,176.8,75.0,266.55,71.0,173.64,61.0,312.64,66.0,221.67,89.75,136.0,137.0,16.933981516465188,273,-1.0,168.0,-0.0,176.0,
2025-05-09 07:38:40,177.0,14.0,201.89,45.0,176.0,70.0,212.11,27.0,189.44,24.889999999999983,84.0,72.0,16.85699558047,156,12.0,-13.0,0.08,176.0,
2025-05-09 07:38:41,174.58,33.0,176.11,36.0,172.52,27.0,178.33,33.0,175.34,1.5300000000000011,60.0,69.0,22.12498858756736,129,-9.0,-27.0,-0.07,176.17,6.0
2025-05-09 07:38:42,170.64,22.0,175.59,17.0,168.25,71.0,309.08,25.0,173.11,4.950000000000017,93.0,42.0,20.936448361648797,135,51.0,6.0,0.38,171.55,11.0
2025-05-09 07:38:43,168.32,109.0,176.22,18.0,116.64,95.0,187.67,21.0,172.27,7.900000000000006,204.0,39.0,14.99599779941257,243,165.0,108.0,0.68,175.0,2.0
2025-05-09 07:38:44,175.0,9.0,177.0,9.0,168.0,117.0,178.0,36.0,176.0,2.0,126.0,45.0,6.995446376035401,171,81.0,-72.0,0.47,175.0,
2025-05-09 07:38:45,175.0,8.0,176.5,8.0,168.57,88.0,178.0,32.0,175.75,1.5,96.0,40.0,1.6898905289950128,136,56.0,-35.0,0.41,175.0,
2025-05-09 07:38:46,175.47,30.0,177.96,53.0,169.66,111.0,326.32,62.0,176.71,2.490000000000009,141.0,115.0,1.9520809409414952,256,26.0,120.0,0.1,175.0,1.0
2025-05-09 07:38:47,176.0,18.0,178.0,36.0,172.0,45.0,277.67,36.0,177.0,2.0,63.0,72.0,1.9005867515025447,135,-9.0,-121.0,-0.07,175.0,
2025-05-09 07:38:48,172.81,32.0,177.67,48.0,169.6,80.0,258.94,47.0,175.24,4.859999999999985,112.0,95.0,0.7152272366087493,207,17.0,72.0,0.08,173.33,6.0
2025-05-09 07:38:49,172.8,10.0,177.0,36.0,169.6,20.0,369.14,21.0,174.9,4.199999999999989,30.0,57.0,0.9113451596332708,87,-27.0,-120.0,-0.31,173.33,
2025-05-09 07:38:50,174.44,16.0,176.96,67.0,170.89,47.0,393.69,49.0,175.7,2.5200000000000102,63.0,116.0,0.9139474820726812,179,-53.0,92.0,-0.3,175.0,1.0
2025-05-09 07:38:51,175.0,10.0,176.79,56.0,173.0,40.0,306.1,40.0,175.89,1.789999999999992,50.0,96.0,0.8011117275305611,146,-46.0,-33.0,-0.32,175.0,
2025-05-09 07:38:52,173.91,11.0,176.31,26.0,172.87,23.0,177.25,32.0,175.11,2.4000000000000057,34.0,58.0,0.4137269630892337,92,-24.0,-54.0,-0.26,174.83,6.0
2025-05-09 07:38:53,173.0,20.0,175.9,40.0,172.0,10.0,178.0,40.0,174.45,2.9000000000000057,30.0,80.0,0.5886849751667373,110,-50.0,18.0,-0.45,174.83,
2025-05-09 07:38:54,173.73,30.0,177.43,56.0,169.14,84.0,464.96,45.0,175.58,3.700000000000017,114.0,101.0,0.5776071329087376,215,13.0,105.0,0.06,173.0,2.0
2025-05-09 07:38:55,175.0,56.0,177.92,26.0,172.0,7.0,251.07,27.0,176.46,2.9199999999999875,63.0,53.0,0.763982984095222,116,10.0,-99.0,0.09,173.0,
2025-05-09 07:38:56,175.0,96.0,176.25,24.0,172.0,12.0,178.5,48.0,175.62,1.25,108.0,72.0,0.7384646233822244,180,36.0,64.0,0.2,173.0,
2025-05-09 07:38:57,175.16,50.0,179.0,80.0,174.62,55.0,383.0,24.0,177.08,3.8400000000000034,105.0,104.0,0.9962529799137434,209,1.0,29.0,0.0,175.0,2.0
2025-05-09 07:38:58,176.0,62.0,179.0,56.0,174.35,46.0,334.8,35.0,177.5,3.0,108.0,91.0,0.8580909042676859,199,17.0,-10.0,0.09,175.0,
2025-05-09 07:38:59,176.0,69.0,179.0,40.0,172.0,30.0,378.31,39.0,177.5,3.0,99.0,79.0,0.8001999749980638,178,20.0,-21.0,0.11,176.0,1.0
2025-05-09 07:39:00,176.0,48.0,179.0,52.0,172.89,27.0,501.48,54.0,177.5,3.0,75.0,106.0,0.8143709228520358,181,-31.0,3.0,-0.17,176.0,3.0
2025-05-09 07:39:01,174.59,37.0,179.0,56.0,170.29,41.0,185.0,56.0,176.8,4.409999999999997,78.0,112.0,0.3223042041097968,190,-34.0,9.0,-0.18,175.0,4.0
2025-05-09 07:39:02,168.43,23.0,179.0,40.0,167.0,28.0,222.6,40.0,173.72,10.569999999999991,51.0,80.0,1.6404511574524132,131,-29.0,-59.0,-0.22,168.86,7.0
2025-05-09 07:39:03,168.71,14.0,179.0,28.0,167.57,21.0,279.0,28.0,173.86,10.289999999999992,35.0,56.0,1.926208711429544,91,-21.0,-40.0,-0.23,168.86,
2025-05-09 07:39:04,170.67,18.0,179.0,36.0,168.52,23.0,279.0,36.0,174.83,8.330000000000013,41.0,72.0,1.7227942419183864,113,-31.0,22.0,-0.27,168.86,
2025-05-09 07:39:05,169.78,18.0,226.67,27.0,167.88,25.0,309.32,31.0,198.22,56.88999999999999,43.0,58.0,10.5445995656538,101,-15.0,-12.0,-0.15,169.33,3.0
2025-05-09 07:39:06,169.69,29.0,178.0,22.0,167.86,21.0,359.3,50.0,173.84,8.310000000000002,50.0,72.0,10.812778551324651,122,-22.0,21.0,-0.18,170.0,1.0
2025-05-09 07:39:07,172.26,42.0,178.0,20.0,169.43,35.0,275.0,13.0,175.13,5.740000000000009,77.0,33.0,10.661431892573642,110,44.0,-12.0,0.4,174.0,5.0
2025-05-09 07:39:08,170.0,40.0,178.0,20.0,167.59,29.0,678.35,43.0,174.0,8.0,69.0,63.0,10.644150036521772,132,6.0,22.0,0.05,174.0,
2025-05-09 07:39:09,170.0,48.0,285.0,40.0,168.0,180.0,325.12,24.0,227.5,115.0,228.0,64.0,23.51455761863244,292,164.0,160.0,0.56,178.0,2.0
2025-05-09 07:39:10,170.0,46.0,257.6,10.0,168.0,105.0,341.0,10.0,213.8,87.60000000000002,151.0,20.0,25.837114389962064,171,131.0,-121.0,0.77,178.0,
2025-05-09 07:39:11,170.0,63.0,257.0,36.0,168.0,135.0,258.86,21.0,213.5,87.0,198.0,57.0,24.59861744082346,255,141.0,84.0,0.55,178.0,
2025-05-09 07:39:12,170.0,45.0,256.44,36.0,168.0,135.0,267.0,9.0,213.22,86.44,180.0,45.0,20.16539312783124,225,135.0,-30.0,0.6,178.0,
2025-05-09 07:39:13,171.33,12.0,255.22,37.0,169.36,47.0,366.5,12.0,213.27,83.88999999999999,59.0,49.0,6.28865009361969,108,10.0,-117.0,0.09,171.0,2.0
2025-05-09 07:39:14,170.33,27.0,254.11,36.0,168.04,150.0,450.0,9.0,212.22,83.78,177.0,45.0,0.5949117581482524,222,132.0,114.0,0.59,171.0,
2025-05-09 07:39:15,170.0,30.0,251.9,40.0,168.0,240.0,398.36,28.0,210.95,81.9,270.0,68.0,1.061258686646708,338,202.0,116.0,0.6,171.0,
2025-05-09 07:39:16,170.0,21.0,248.89,27.0,168.0,168.0,287.84,25.0,209.44,78.88999999999999,189.0,52.0,1.6312418582120751,241,137.0,-97.0,0.57,171.0,
2025-05-09 07:39:17,168.24,109.0,171.62,32.0,167.92,148.0,184.89,36.0,169.93,3.3799999999999955,257.0,68.0,18.63230447368183,325,189.0,84.0,0.58,170.0,3.0
2025-05-09 07:39:18,168.06,188.0,453.17,29.0,167.43,47.0,472.53,38.0,310.62,285.11,235.0,67.0,52.29315605315845,302,168.0,-23.0,0.56,168.0,5.0
2025-05-09 07:39:20,176.0,12.0,291.0,36.0,169.16,124.0,462.96,45.0,233.5,115.0,136.0,81.0,66.33686252755687,217,55.0,9.0,0.25,168.0,
2025-05-09 07:39:21,172.08,77.0,196.93,28.0,169.76,92.0,402.29,34.0,184.5,24.849999999999994,169.0,62.0,70.89833093945145,231,107.0,14.0,0.46,173.5,2.0
2025-05-09 07:39:22,172.0,156.0,193.73,56.0,171.0,60.0,194.74,43.0,182.87,21.72999999999999,216.0,99.0,67.64950428495378,315,117.0,84.0,0.37,173.5,
2025-05-09 07:39:23,172.0,169.0,191.17,58.0,171.0,65.0,192.41,59.0,181.59,19.169999999999987,234.0,117.0,61.796369391736754,351,117.0,36.0,0.33,173.5,
2025-05-09 07:39:24,172.0,153.0,189.03,68.0,171.0,75.0,189.96,67.0,180.51,17.03,228.0,135.0,22.91550195828101,363,93.0,12.0,0.26,172.0,6.0
2025-05-09 07:39:25,172.0,57.0,188.43,46.0,171.0,55.0,201.34,53.0,180.22,16.430000000000007,112.0,99.0,1.7708952538139249,211,13.0,-152.0,0.06,172.0,4.0
2025-05-09 07:39:26,172.0,27.0,187.32,37.0,171.0,45.0,196.56,34.0,179.66,15.319999999999991,72.0,71.0,1.273243888648484,143,1.0,-68.0,0.01,172.0,
2025-05-09 07:39:27,172.69,29.0,184.26,53.0,171.27,55.0,214.63,41.0,178.48,11.569999999999991,84.0,94.0,1.142396603627973,178,-10.0,35.0,-0.06,172.0,
2025-05-09 07:39:28,174.0,14.0,183.0,70.0,171.58,36.0,184.0,42.0,178.5,9.0,50.0,112.0,0.948830859521735,162,-62.0,-16.0,-0.38,173.33,3.0
2025-05-09 07:39:29,173.33,18.0,182.67,60.0,168.63,57.0,184.0,36.0,178.0,9.339999999999977,75.0,96.0,0.9274265469463296,171,-21.0,9.0,-0.12,172.5,4.0
2025-05-09 07:39:30,171.0,30.0,180.82,38.0,168.0,173.0,182.57,42.0,175.91,9.819999999999991,203.0,80.0,1.373280743322678,283,123.0,112.0,0.43,172.5,
2025-05-09 07:39:31,170.02,49.0,177.25,40.0,167.99,204.0,178.14,44.0,173.64,7.22999999999999,253.0,84.0,2.113877952953064,337,169.0,54.0,0.5,171.25,4.0
2025-05-09 07:39:32,168.42,86.0,176.0,21.0,167.76,42.0,389.1,29.0,172.21,7.5800000000000125,128.0,50.0,2.719663582133119,178,78.0,-159.0,0.44,171.25,
2025-05-09 07:39:33,168.38,47.0,173.88,25.0,167.15,110.0,204.44,27.0,171.13,5.5,157.0,52.0,2.7865875188088616,209,105.0,31.0,0.5,174.0,3.0
2025-05-09 07:39:34,168.0,56.0,311.75,32.0,167.0,168.0,439.69,58.0,239.88,143.75,224.0,90.0,29.863767846672985,314,134.0,105.0,0.43,173.4,5.0
2025-05-09 07:39:35,169.0,56.0,398.07,30.0,168.0,32.0,539.16,25.0,283.53,229.07,88.0,55.0,51.33715876438795,143,33.0,-168.0,0.23,173.4,
2025-05-09 07:39:36,168.64,44.0,175.0,32.0,167.25,64.0,341.12,25.0,171.82,6.360000000000014,108.0,57.0,51.64789376150759,165,51.0,22.0,0.31,173.4,
2025-05-09 07:39:37,170.1,40.0,175.0,40.0,167.75,48.0,291.0,50.0,172.55,4.900000000000006,88.0,90.0,51.58965371079723,178,-2.0,13.0,-0.01,173.4,
2025-05-09 07:39:38,172.8,20.0,175.0,20.0,170.31,26.0,260.0,25.0,173.9,2.1999999999999886,46.0,45.0,51.110311386255255,91,1.0,-87.0,0.01,174.0,1.0
2025-05-09 07:39:39,174.0,33.0,175.0,44.0,172.0,44.0,260.0,55.0,174.5,1.0,77.0,99.0,49.35584514523052,176,-22.0,85.0,-0.12,174.0,
2025-05-09 07:39:40,172.26,23.0,174.8,20.0,171.21,19.0,235.71,28.0,173.53,2.5400000000000205,42.0,48.0,1.072124059975689,90,-6.0,-86.0,-0.07,174.0,3.0
2025-05-09 07:39:41,172.0,28.0,174.0,26.0,171.0,39.0,175.0,52.0,173.0,2.0,67.0,78.0,0.7604801114945211,145,-11.0,55.0,-0.08,172.0,3.0
2025-05-09 07:39:42,172.0,12.0,173.8,60.0,171.0,36.0,244.73,60.0,172.9,1.8000000000000114,48.0,120.0,0.6612715024698368,168,-72.0,23.0,-0.43,172.0,
2025-05-09 07:39:43,171.0,36.0,172.58,36.0,170.0,84.0,174.0,48.0,171.79,1.5800000000000125,120.0,84.0,0.9875879707543812,204,36.0,36.0,0.18,172.0,1.0
2025-05-09 07:39:44,170.29,49.0,171.77,39.0,168.89,126.0,174.46,52.0,171.03,1.4800000000000182,175.0,91.0,1.0153078350819529,266,84.0,62.0,0.32,171.0,3.0
2025-05-09 07:39:45,170.0,48.0,175.36,44.0,168.0,168.0,226.02,41.0,172.68,5.360000000000014,216.0,85.0,0.8463746215351743,301,131.0,35.0,0.44,170.0,6.0
2025-05-09 07:39:46,168.45,80.0,177.0,64.0,167.44,146.0,237.56,32.0,172.72,8.550000000000011,226.0,96.0,0.7944998426549943,322,130.0,21.0,0.4,168.67,3.0
2025-05-09 07:39:47,170.75,24.0,177.0,48.0,167.0,144.0,246.0,24.0,173.88,6.25,168.0,72.0,1.074499883656956,240,96.0,-82.0,0.4,168.67,
2025-05-09 07:39:48,167.79,71.0,176.93,43.0,166.62,96.0,241.75,32.0,172.36,9.140000000000017,167.0,75.0,1.0197940968542678,242,92.0,2.0,0.38,168.6,5.0
2025-05-09 07:39:49,166.85,39.0,176.0,7.0,156.63,19.0,177.0,28.0,171.42,9.150000000000006,58.0,35.0,0.8815440998491358,93,23.0,-149.0,0.25,166.5,12.0
2025-05-09 07:39:50,144.0,63.0,169.35,23.0,122.0,18.0,175.43,23.0,156.67,25.349999999999994,81.0,46.0,7.176127089174138,127,35.0,34.0,0.28,165.25,4.0
2025-05-09 07:39:51,144.0,49.0,162.0,27.0,112.73,15.0,204.4,15.0,153.0,18.0,64.0,42.0,9.83035502919293,106,22.0,-21.0,0.21,162.0,1.0
2025-05-09 07:39:52,148.28,36.0,162.0,36.0,127.07,44.0,229.33,27.0,155.14,13.72,80.0,63.0,9.382655274493391,143,17.0,37.0,0.12,162.0,
2025-05-09 07:39:53,154.79,19.0,162.0,24.0,140.28,25.0,368.0,18.0,158.39,7.210000000000008,44.0,42.0,7.261682311970036,86,2.0,-57.0,0.02,162.0,
2025-05-09 07:39:54,148.11,18.0,162.0,36.0,135.67,18.0,363.38,39.0,155.06,13.889999999999986,36.0,75.0,2.0111364946165216,111,-39.0,25.0,-0.35,162.0,
2025-05-09 07:39:55,150.52,21.0,162.0,36.0,140.22,18.0,322.12,43.0,156.26,11.47999999999999,39.0,79.0,1.967129888944405,118,-40.0,7.0,-0.34,162.0,
2025-05-09 07:39:56,155.77,52.0,235.82,44.0,149.0,22.0,425.6,43.0,195.79,80.04999999999998,74.0,87.0,17.75052872451913,161,-13.0,43.0,-0.08,162.4,5.0
2025-05-09 07:39:58,166.0,18.0,309.0,44.0,164.0,9.0,522.73,37.0,237.5,143.0,27.0,81.0,70.38781343386069,108,-54.0,-40.0,-0.5,162.4,
2025-05-09 07:39:59,166.0,18.0,206.33,45.0,164.0,9.0,439.0,36.0,186.17,40.33000000000001,27.0,81.0,65.07802985647291,108,-54.0,0.0,-0.5,162.4,
2025-05-09 07:40:00,170.0,22.0,399.0,29.0,167.0,16.0,586.18,22.0,284.5,229.0,38.0,51.0,58.64548175264636,89,-13.0,-19.0,-0.15,162.4,
2025-05-09 07:40:02,176.0,35.0,380.11,18.0,174.0,15.0,447.0,22.0,278.06,204.11,50.0,40.0,50.80727280616403,90,10.0,-105.0,0.11,162.4,
2025-05-09 07:40:03,176.0,75.0,342.02,43.0,174.0,33.0,410.7,40.0,259.01,166.01999999999998,108.0,83.0,49.20672260982207,191,25.0,101.0,0.13,176.0,1.0
2025-05-09 07:40:04,176.0,62.0,227.0,52.0,173.85,39.0,354.43,56.0,201.5,51.0,101.0,108.0,43.149142865183016,209,-7.0,18.0,-0.03,176.0,2.0
2025-05-09 07:40:05,175.37,57.0,224.18,44.0,171.39,93.0,225.22,37.0,199.78,48.81,150.0,81.0,51.122249265852695,231,69.0,22.0,0.3,176.0,
2025-05-09 07:40:06,177.56,54.0,220.47,34.0,173.71,42.0,222.33,36.0,199.01,42.91,96.0,70.0,38.09615558032042,166,26.0,-65.0,0.16,176.0,
2025-05-09 07:40:07,178.0,28.0,219.53,17.0,174.0,21.0,220.33,18.0,198.76,41.53,49.0,35.0,26.517934874344576,84,14.0,-82.0,0.17,176.0,
2025-05-09 07:40:08,178.0,48.0,218.08,24.0,175.82,66.0,220.0,36.0,198.04,40.08000000000001,114.0,60.0,1.3194771691778142,174,54.0,90.0,0.31,176.0,
2025-05-09 07:40:09,178.0,40.0,216.82,28.0,176.0,60.0,218.0,22.0,197.41,38.81999999999999,100.0,50.0,0.9104669131723356,150,50.0,-24.0,0.33,176.0,
2025-05-09 07:40:10,178.0,20.0,214.08,13.0,176.0,30.0,215.5,12.0,196.04,36.08000000000001,50.0,25.0,1.1915829807368103,75,25.0,-75.0,0.33,176.0,
2025-05-09 07:40:11,178.0,52.0,210.74,38.0,176.0,78.0,214.44,27.0,194.37,32.74000000000001,130.0,65.0,1.7433387507830236,195,65.0,120.0,0.33,176.0,
2025-05-09 07:40:12,178.0,58.0,200.55,33.0,176.0,90.0,227.52,46.0,189.27,22.55000000000001,148.0,79.0,3.512752482026287,227,69.0,32.0,0.3,178.0,2.0
2025-05-09 07:40:13,178.0,28.0,191.0,51.0,176.0,84.0,193.62,34.0,184.5,13.0,112.0,85.0,5.347987471935783,197,27.0,-30.0,0.14,178.0,
2025-05-09 07:40:14,177.03,31.0,189.0,55.0,175.94,51.0,191.0,33.0,183.02,11.97,82.0,88.0,5.777408588630572,170,-6.0,-27.0,-0.04,177.33,3.0
2025-05-09 07:40:15,176.0,50.0,188.35,48.0,175.0,10.0,190.53,32.0,182.18,12.349999999999994,60.0,80.0,5.104935846803801,140,-20.0,-30.0,-0.14,177.33,
2025-05-09 07:40:16,176.0,78.0,184.29,66.0,175.0,18.0,186.23,78.0,180.14,8.289999999999992,96.0,144.0,3.429171911698578,240,-48.0,100.0,-0.2,176.0,1.0
2025-05-09 07:40:17,174.35,20.0,177.42,65.0,171.5,111.0,178.62,69.0,175.88,3.069999999999993,131.0,134.0,3.338155179134502,265,-3.0,25.0,-0.01,175.12,8.0
2025-05-09 07:40:18,171.16,98.0,174.5,40.0,170.05,111.0,175.48,31.0,172.83,3.3400000000000034,209.0,71.0,4.335758295844278,280,138.0,15.0,0.49,172.33,3.0
2025-05-09 07:40:19,171.0,172.0,173.45,51.0,168.0,77.0,174.91,43.0,172.23,2.4499999999999886,249.0,94.0,4.401212332980818,343,155.0,63.0,0.45,171.2,10.0
2025-05-09 07:40:20,171.0,90.0,173.56,27.0,168.0,63.0,175.0,36.0,172.28,2.5600000000000023,153.0,63.0,3.407208534854063,216,90.0,-127.0,0.42,171.2,
2025-05-09 07:40:21,171.01,94.0,173.33,54.0,168.21,98.0,280.14,56.0,172.17,2.3200000000000216,192.0,110.0,1.5884804059170596,302,82.0,86.0,0.27,171.17,6.0
2025-05-09 07:40:22,171.0,40.0,173.0,32.0,168.0,56.0,284.12,32.0,172.0,2.0,96.0,64.0,0.3134804618830873,160,32.0,-142.0,0.2,171.17,
2025-05-09 07:40:23,171.0,45.0,180.74,47.0,168.0,98.0,263.98,47.0,175.87,9.740000000000007,143.0,94.0,1.6580560907226412,237,49.0,77.0,0.21,171.0,4.0
2025-05-09 07:40:24,168.0,15.0,201.0,5.0,167.0,5.0,275.0,20.0,184.5,33.0,20.0,25.0,5.3561114626174975,45,-5.0,-168.0,-0.11,168.75,8.0
2025-05-09 07:40:25,174.67,21.0,199.4,15.0,171.56,39.0,200.07,29.0,187.03,24.730000000000015,60.0,44.0,7.032491023811035,104,16.0,59.0,0.15,168.75,
2025-05-09 07:40:26,175.0,10.0,199.0,5.0,172.0,25.0,200.0,15.0,187.0,24.0,35.0,20.0,6.919822974613076,55,15.0,-49.0,0.27,168.75,
2025-05-09 07:40:27,175.0,24.0,198.08,12.0,172.0,60.0,199.64,28.0,186.54,23.080000000000013,84.0,40.0,4.76452201170098,124,44.0,69.0,0.35,168.75,
2025-05-09 07:40:28,174.35,23.0,181.5,16.0,171.92,49.0,185.31,13.0,177.92,7.150000000000006,72.0,29.0,3.874947741580944,101,43.0,-23.0,0.43,175.0,2.0
2025-05-09 07:40:29,172.0,40.0,173.88,8.0,171.0,32.0,175.25,8.0,172.94,1.8799999999999957,72.0,16.0,6.504489218991987,88,56.0,-13.0,0.64,175.0,
2025-05-09 07:40:30,172.0,52.0,174.54,13.0,171.0,52.0,175.62,13.0,173.27,2.539999999999992,104.0,26.0,6.894721169125161,130,78.0,42.0,0.6,172.0,1.0
2025-05-09 07:40:31,172.0,29.0,203.0,12.0,171.0,32.0,298.8,20.0,187.5,31.0,61.0,32.0,7.032331050226706,93,29.0,-37.0,0.31,172.8,5.0
2025-05-09 07:40:32,173.43,7.0,255.44,16.0,171.05,21.0,557.71,14.0,214.43,82.00999999999999,28.0,30.0,17.358809579000035,58,-2.0,-35.0,-0.03,172.8,
2025-05-09 07:40:34,177.0,15.0,264.6,20.0,172.0,11.0,408.83,18.0,220.8,87.60000000000002,26.0,38.0,55.89338019837398,64,-12.0,-96.0,-0.19,172.8,
2025-05-09 07:40:35,177.0,17.0,179.0,24.0,172.0,6.0,487.67,18.0,178.0,2.0,23.0,42.0,54.88403665912326,65,-19.0,1.0,-0.29,177.0,1.0
2025-05-09 07:40:36,177.0,14.0,419.23,22.0,172.0,7.0,608.11,27.0,298.11,242.23,21.0,49.0,58.9448612688162,70,-28.0,5.0,-0.4,177.0,
2025-05-09 07:40:37,177.0,12.0,391.62,21.0,172.0,6.0,518.14,21.0,284.31,214.62,18.0,42.0,58.010983701364594,60,-24.0,-10.0,-0.4,177.0,
2025-05-09 07:40:40,173.83,18.0,276.75,16.0,172.77,13.0,351.54,26.0,225.29,102.92,31.0,42.0,47.99668967751829,73,-11.0,-95.0,-0.15,173.86,7.0
2025-05-09 07:40:41,173.57,21.0,197.67,24.0,171.0,18.0,294.3,40.0,185.62,24.099999999999994,39.0,64.0,69.16465318354447,103,-25.0,30.0,-0.24,172.0,3.0
2025-05-09 07:40:42,178.0,22.0,197.0,22.0,171.0,33.0,300.42,24.0,187.5,19.0,55.0,46.0,78.6987704478284,101,9.0,-2.0,0.09,172.0,
2025-05-09 07:40:43,176.0,14.0,197.0,18.0,170.58,19.0,276.33,18.0,186.5,21.0,33.0,36.0,71.8676152380193,69,-3.0,-32.0,-0.04,174.5,4.0
2025-05-09 07:40:44,171.36,11.0,197.0,22.0,169.73,11.0,247.36,25.0,184.18,25.639999999999983,22.0,47.0,17.635583914347112,69,-25.0,0.0,-0.36,174.5,
2025-05-09 07:40:45,175.83,23.0,290.22,51.0,171.79,14.0,295.35,17.0,233.02,114.39,37.0,68.0,21.08562733237926,105,-31.0,36.0,-0.3,174.5,
2025-05-09 07:40:46,178.0,48.0,293.92,48.0,176.0,12.0,439.62,34.0,235.96,115.92000000000002,60.0,82.0,26.57386535677452,142,-22.0,37.0,-0.15,174.5,
2025-05-09 07:40:47,178.0,40.0,292.3,40.0,176.0,10.0,424.21,38.0,235.15,114.3,50.0,78.0,27.074802307680528,128,-28.0,-14.0,-0.22,174.5,
2025-05-09 07:40:48,178.0,36.0,290.15,33.0,176.0,9.0,383.44,36.0,234.08,112.14999999999998,45.0,69.0,22.55449445232556,114,-24.0,-14.0,-0.21,174.5,
2025-05-09 07:40:49,178.0,24.0,242.0,8.0,176.0,6.0,287.89,18.0,210.0,64.0,30.0,26.0,11.035964842277505,56,4.0,-58.0,0.07,174.5,
2025-05-09 07:40:50,175.21,63.0,257.14,42.0,172.14,57.0,267.66,41.0,216.17,81.92999999999998,120.0,83.0,12.252239387148164,203,37.0,147.0,0.18,176.25,8.0
2025-05-09 07:40:51,174.0,143.0,257.35,43.0,171.0,143.0,257.57,28.0,215.67,83.35000000000002,286.0,71.0,11.583152852310311,357,215.0,154.0,0.6,176.25,
2025-05-09 07:40:52,174.0,134.0,241.45,29.0,171.0,151.0,254.55,22.0,207.72,67.44999999999999,285.0,51.0,10.355344996666414,336,234.0,-21.0,0.7,174.0,1.0
2025-05-09 07:40:53,174.02,81.0,251.11,36.0,171.19,162.0,254.0,9.0,212.57,77.09,243.0,45.0,3.6260763919123153,288,198.0,-48.0,0.69,174.0,
2025-05-09 07:40:54,176.0,10.0,248.7,40.0,174.0,100.0,249.7,40.0,212.35,72.69999999999999,110.0,80.0,3.3767410324133325,190,30.0,-98.0,0.16,174.0,
2025-05-09 07:40:55,174.09,44.0,220.84,19.0,171.47,128.0,241.2,30.0,197.47,46.75,172.0,49.0,7.122392856335836,221,123.0,31.0,0.56,174.5,4.0
2025-05-09 07:40:56,174.0,96.0,210.07,29.0,171.0,96.0,211.29,17.0,192.03,36.06999999999999,192.0,46.0,9.246778898621049,238,146.0,17.0,0.61,174.5,
2025-05-09 07:40:57,174.0,144.0,208.58,24.0,171.0,120.0,209.33,48.0,191.29,34.58000000000001,264.0,72.0,10.604155789122643,336,192.0,98.0,0.57,174.5,
2025-05-09 07:40:58,174.0,108.0,205.19,21.0,171.14,105.0,207.41,39.0,189.6,31.19,213.0,60.0,9.31244973140704,273,153.0,-63.0,0.56,174.0,4.0
2025-05-09 07:40:59,174.0,96.0,187.71,24.0,172.0,60.0,191.48,29.0,180.85,13.710000000000008,156.0,53.0,6.024136452636401,209,103.0,-64.0,0.49,174.0,
2025-05-09 07:41:00,172.79,99.0,175.06,48.0,171.37,95.0,201.0,37.0,173.93,2.2700000000000102,194.0,85.0,7.8812181799504915,279,109.0,70.0,0.39,174.0,8.0
2025-05-09 07:41:01,172.0,127.0,173.78,36.0,171.0,90.0,327.8,20.0,172.89,1.7800000000000011,217.0,56.0,8.55991939214277,273,161.0,-6.0,0.59,172.0,4.0
2025-05-09 07:41:02,172.0,89.0,342.75,36.0,171.0,110.0,504.09,32.0,257.38,170.75,199.0,68.0,35.543703380486164,267,131.0,-6.0,0.49,172.0,4.0
2025-05-09 07:41:03,177.0,45.0,384.33,18.0,174.6,50.0,410.12,24.0,280.67,207.33,95.0,42.0,51.76294311570766,137,53.0,-130.0,0.39,172.0,3.0
2025-05-09 07:41:04,178.0,40.0,322.75,16.0,177.0,56.0,401.53,17.0,250.38,144.75,96.0,33.0,50.23530183048558,129,63.0,-8.0,0.49,172.0,
2025-05-09 07:41:05,177.21,71.0,379.82,22.0,175.62,29.0,508.66,29.0,278.51,202.61,100.0,51.0,43.96971719263147,151,49.0,22.0,0.32,178.0,5.0
2025-05-09 07:41:06,177.0,79.0,356.64,28.0,173.36,22.0,409.31,32.0,266.82,179.64,101.0,60.0,13.11337752068447,161,41.0,10.0,0.25,177.0,5.0
2025-05-09 07:41:07,176.53,19.0,344.0,22.0,173.62,39.0,350.45,33.0,260.26,167.47,58.0,55.0,12.654006085030652,113,3.0,-48.0,0.03,175.5,4.0
2025-05-09 07:41:08,174.0,12.0,295.68,25.0,173.0,60.0,303.54,35.0,234.84,121.68,72.0,60.0,16.567127693115385,132,12.0,19.0,0.09,175.5,
2025-05-09 07:41:09,174.0,15.0,259.94,31.0,173.0,75.0,286.1,42.0,216.97,85.94,90.0,73.0,25.05421421637465,163,17.0,31.0,0.1,175.5,
2025-05-09 07:41:10,174.0,10.0,249.8,20.0,173.0,50.0,351.2,30.0,211.9,75.80000000000001,60.0,50.0,24.796328760523952,110,10.0,-53.0,0.09,175.5,
2025-05-09 07:41:11,174.0,13.0,248.15,26.0,173.0,65.0,378.68,41.0,211.08,74.15,78.0,67.0,20.91500657422764,145,11.0,35.0,0.08,175.5,
2025-05-09 07:41:12,173.44,16.0,247.6,20.0,172.85,41.0,327.62,26.0,210.52,74.16,57.0,46.0,10.262724784382758,103,11.0,-42.0,0.11,173.33,3.0
2025-05-09 07:41:13,172.84,25.0,245.26,19.0,171.41,34.0,247.89,18.0,209.05,72.41999999999999,59.0,37.0,3.0167913418039936,96,22.0,-7.0,0.23,173.0,3.0
2025-05-09 07:41:14,172.75,16.0,247.0,16.0,171.11,56.0,248.0,16.0,209.88,74.25,72.0,32.0,1.0934715359731275,104,40.0,8.0,0.38,173.0,
2025-05-09 07:41:15,174.0,4.0,246.0,4.0,172.0,4.0,247.0,4.0,210.0,72.0,8.0,8.0,0.7578786182386883,16,0.0,-88.0,0.0,173.0,
2025-05-09 07:41:16,171.65,46.0,244.44,18.0,170.77,26.0,245.56,18.0,208.05,72.78999999999999,72.0,36.0,0.9669281255518828,108,36.0,92.0,0.33,172.6,5.0
2025-05-09 07:41:17,171.0,40.0,242.6,10.0,170.0,20.0,244.2,10.0,206.8,71.6,60.0,20.0,1.3436629041478918,80,40.0,-28.0,0.5,171.0,5.0
2025-05-09 07:41:18,171.0,38.0,230.81,27.0,170.0,44.0,237.42,24.0,200.91,59.81,82.0,51.0,3.723005506305743,133,31.0,53.0,0.23,171.0,1.0
2025-05-09 07:41:19,170.53,17.0,208.62,26.0,169.5,16.0,209.92,25.0,189.57,38.09,33.0,51.0,8.271241140239,84,-18.0,-49.0,-0.21,170.6,5.0
2025-05-09 07:41:20,170.16,19.0,204.56,41.0,168.36,11.0,206.31,29.0,187.36,34.400000000000006,30.0,70.0,9.614284684779268,100,-40.0,16.0,-0.4,170.6,
2025-05-09 07:41:21,170.14,21.0,201.76,42.0,168.8,15.0,202.93,27.0,185.95,31.620000000000005,36.0,69.0,9.220025488033125,105,-33.0,5.0,-0.31,170.6,
2025-05-09 07:41:22,172.05,21.0,197.56,88.0,169.49,181.0,198.92,63.0,184.8,25.50999999999999,202.0,151.0,6.504373144276065,353,51.0,168.0,0.14,170.6,
2025-05-09 07:41:23,171.14,43.0,193.83,24.0,170.64,42.0,194.93,30.0,182.49,22.690000000000023,85.0,54.0,2.6622978796482157,139,31.0,-168.0,0.22,172.0,2.0
2025-05-09 07:41:24,171.0,80.0,187.62,29.0,170.0,30.0,188.56,36.0,179.31,16.620000000000005,110.0,65.0,3.1625416993265407,175,45.0,36.0,0.26,172.0,
2025-05-09 07:41:25,171.0,104.0,182.64,50.0,170.0,39.0,184.2,30.0,176.82,11.639999999999986,143.0,80.0,3.797094942186596,223,63.0,48.0,0.28,172.0,
2025-05-09 07:41:26,171.0,88.0,176.85,41.0,170.0,33.0,177.84,44.0,173.93,5.849999999999994,121.0,85.0,4.3378854295588365,206,36.0,-17.0,0.17,172.0,
2025-05-09 07:41:27,171.0,78.0,173.64,50.0,170.0,39.0,174.82,34.0,172.32,2.6399999999999864,117.0,84.0,4.087557950656923,201,33.0,-5.0,0.16,171.0,2.0
2025-05-09 07:41:28,171.0,56.0,172.58,43.0,170.0,42.0,173.18,55.0,171.79,1.5800000000000125,98.0,98.0,3.177346377085503,196,0.0,-5.0,0.0,171.0,4.0
2025-05-09 07:41:29,168.56,57.0,171.15,46.0,167.81,62.0,172.66,70.0,169.86,2.5900000000000034,119.0,116.0,2.6090093905499927,235,3.0,39.0,0.01,169.5,8.0
2025-05-09 07:41:30,167.36,44.0,169.56,45.0,154.69,26.0,182.63,43.0,168.46,2.1999999999999886,70.0,88.0,2.140833949650873,158,-18.0,-77.0,-0.11,168.5,12.0
2025-05-09 07:41:31,166.0,17.0,169.36,33.0,134.29,28.0,335.57,28.0,167.68,3.3600000000000136,45.0,61.0,2.0222314407548687,106,-16.0,-52.0,-0.15,166.0,1.0
2025-05-09 07:41:32,139.16,19.0,206.09,23.0,113.94,49.0,287.08,39.0,172.62,66.93,68.0,62.0,2.1100047393258468,130,6.0,24.0,0.05,167.17,6.0
2025-05-09 07:41:33,125.0,30.0,318.64,22.0,76.0,72.0,591.86,14.0,221.82,193.64,102.0,36.0,23.40465594705419,138,66.0,8.0,0.48,167.17,
2025-05-09 07:41:34,136.7,43.0,339.64,22.0,130.3,70.0,471.75,24.0,238.17,202.94,113.0,46.0,33.64062722364108,159,67.0,21.0,0.42,167.17,
2025-05-09 07:41:35,149.02,52.0,345.45,40.0,139.19,69.0,426.54,26.0,247.23,196.43,121.0,66.0,37.10239520570044,187,55.0,28.0,0.29,167.17,
2025-05-09 07:41:36,148.36,77.0,248.38,21.0,136.55,62.0,349.71,28.0,198.37,100.01999999999998,139.0,49.0,30.38377313633026,188,90.0,1.0,0.48,164.0,5.0
2025-05-09 07:41:37,172.0,91.0,389.82,44.0,165.75,87.0,423.9,42.0,280.91,217.82,178.0,86.0,30.64461290341237,264,92.0,76.0,0.35,164.0,
2025-05-09 07:41:38,176.0,63.0,371.85,26.0,172.0,63.0,445.71,28.0,273.92,195.85,126.0,54.0,32.84387766388112,180,72.0,-84.0,0.4,164.0,
2025-05-09 07:41:39,176.0,56.0,366.0,22.0,172.0,56.0,448.5,20.0,271.0,190.0,112.0,42.0,33.727123061417345,154,70.0,-26.0,0.45,164.0,
2025-05-09 07:41:40,176.0,63.0,215.5,24.0,172.0,63.0,304.0,18.0,195.75,39.5,126.0,42.0,43.00207378720226,168,84.0,14.0,0.5,164.0,
2025-05-09 07:41:41,175.78,91.0,258.22,54.0,171.94,128.0,360.82,66.0,217.0,82.44000000000003,219.0,120.0,38.64768337171051,339,99.0,168.0,0.29,175.11,9.0
2025-05-09 07:41:42,174.0,12.0,223.36,22.0,172.0,30.0,282.0,24.0,198.68,49.360000000000014,42.0,46.0,38.48670809513313,88,-4.0,-168.0,-0.05,175.11,
2025-05-09 07:41:43,175.5,8.0,214.73,30.0,174.0,16.0,220.87,30.0,195.12,39.22999999999999,24.0,60.0,32.29093835737797,84,-36.0,-4.0,-0.43,175.11,
2025-05-09 07:41:44,173.57,23.0,181.09,44.0,172.15,26.0,194.4,40.0,177.33,7.52000000000001,49.0,84.0,14.094123952909625,133,-35.0,49.0,-0.26,174.0,4.0
2025-05-09 07:41:45,172.0,98.0,177.36,56.0,168.0,56.0,178.86,56.0,174.68,5.360000000000014,154.0,112.0,17.269690790514467,266,42.0,133.0,0.16,174.0,
2025-05-09 07:41:46,172.0,64.0,174.17,48.0,170.25,48.0,197.05,38.0,173.08,2.1699999999999875,112.0,86.0,12.139893739237548,198,26.0,-68.0,0.13,172.0,4.0
2025-05-09 07:41:47,172.0,27.0,173.09,44.0,171.0,44.0,276.67,24.0,172.55,1.0900000000000034,71.0,68.0,9.446574511428896,139,3.0,-59.0,0.02,172.0,2.0
2025-05-09 07:41:48,172.0,10.0,173.0,40.0,171.0,40.0,302.27,30.0,172.5,1.0,50.0,70.0,2.046110945178013,120,-20.0,-19.0,-0.17,172.0,
2025-05-09 07:41:49,170.73,22.0,264.75,48.0,169.47,38.0,357.12,32.0,217.74,94.02,60.0,80.0,19.937329309613624,140,-20.0,20.0,-0.14,170.67,6.0
2025-05-09 07:41:50,173.73,22.0,363.0,30.0,167.14,14.0,582.11,18.0,268.36,189.27,36.0,48.0,42.48134155132088,84,-12.0,-56.0,-0.14,170.67,
2025-05-09 07:41:52,175.0,9.0,355.55,22.0,174.0,27.0,419.42,24.0,265.27,180.55,36.0,46.0,67.71802012758485,82,-10.0,-5.0,-0.12,170.67,
2025-05-09 07:41:53,175.75,8.0,340.44,18.0,174.0,24.0,553.64,25.0,258.1,164.69,32.0,43.0,49.928050733029735,75,-11.0,-7.0,-0.15,170.67,
2025-05-09 07:41:55,178.0,9.0,316.0,18.0,168.73,99.0,495.0,27.0,247.0,138.0,108.0,45.0,45.02125553558001,153,63.0,32.0,0.41,170.67,
2025-05-09 07:41:58,173.74,46.0,383.43,49.0,169.96,48.0,402.62,48.0,278.58,209.69,94.0,97.0,37.31381821792022,191,-3.0,86.0,-0.02,172.8,5.0
2025-05-09 07:41:59,174.0,32.0,314.44,27.0,172.0,40.0,361.9,29.0,244.22,140.44,72.0,56.0,43.79763372603587,128,16.0,-63.0,0.12,172.8,
2025-05-09 07:42:00,174.0,52.0,292.58,48.0,172.0,65.0,401.44,41.0,233.29,118.57999999999998,117.0,89.0,47.22300106939408,206,28.0,78.0,0.14,174.0,2.0
2025-05-09 07:42:01,174.0,28.0,241.38,42.0,172.0,70.0,249.43,60.0,207.69,67.38,98.0,102.0,49.26042864206516,200,-4.0,-6.0,-0.02,174.0,
2025-05-09 07:42:02,173.76,34.0,197.38,58.0,171.8,79.0,223.66,68.0,185.57,23.620000000000005,113.0,126.0,35.513115182985466,239,-13.0,39.0,-0.05,172.8,5.0
2025-05-09 07:42:03,169.84,25.0,192.11,45.0,155.84,19.0,194.74,43.0,180.98,22.27000000000001,44.0,88.0,28.094222715711386,132,-44.0,-107.0,-0.33,170.0,4.0
2025-05-09 07:42:04,166.8,60.0,190.0,36.0,160.03,32.0,191.0,60.0,178.4,23.19999999999999,92.0,96.0,23.261086174123367,188,-4.0,56.0,-0.02,167.0,9.0
2025-05-09 07:42:05,173.11,101.0,188.81,80.0,163.13,53.0,190.0,48.0,180.96,15.699999999999989,154.0,128.0,12.004280486559528,282,26.0,94.0,0.09,167.0,2.0
2025-05-09 07:42:06,174.0,80.0,186.87,38.0,126.38,24.0,188.03,30.0,180.43,12.870000000000005,104.0,68.0,2.627388437211778,172,36.0,-110.0,0.21,167.0,
2025-05-09 07:42:07,174.0,130.0,183.54,65.0,145.74,38.0,186.0,65.0,178.77,9.539999999999992,168.0,130.0,1.234653797626803,298,38.0,126.0,0.13,167.0,
2025-05-09 07:42:08,174.24,142.0,180.67,75.0,171.25,61.0,182.2,75.0,177.45,6.429999999999978,203.0,150.0,1.4575561738726792,353,53.0,55.0,0.15,174.0,5.0
2025-05-09 07:42:09,176.0,202.0,177.33,66.0,174.79,70.0,201.21,56.0,176.67,1.3300000000000125,272.0,122.0,1.848453407580078,394,150.0,41.0,0.38,176.0,8.0
2025-05-09 07:42:10,176.0,33.0,226.0,50.0,175.0,50.0,294.58,38.0,201.0,50.0,83.0,88.0,10.238123851565485,171,-5.0,-168.0,-0.03,176.0,8.0
2025-05-09 07:42:11,175.57,14.0,207.0,50.0,174.61,46.0,349.22,32.0,191.29,31.430000000000007,60.0,82.0,10.732682796020477,142,-22.0,-29.0,-0.15,175.33,3.0
2025-05-09 07:42:12,175.0,24.0,234.77,39.0,172.0,24.0,434.61,33.0,204.88,59.77000000000001,48.0,72.0,13.028210544813655,120,-24.0,-22.0,-0.2,175.33,
2025-05-09 07:42:13,175.0,21.0,296.57,35.0,172.0,24.0,627.08,13.0,235.79,121.57,45.0,48.0,21.836575509909817,93,-3.0,-27.0,-0.03,175.33,
2025-05-09 07:42:14,175.0,36.0,312.57,28.0,172.12,64.0,427.0,43.0,243.79,137.57,100.0,71.0,23.027452095270824,171,29.0,78.0,0.17,175.33,
2025-05-09 07:42:15,175.19,32.0,310.75,12.0,174.23,26.0,472.08,48.0,242.97,135.56,58.0,60.0,24.112755545561203,118,-2.0,-53.0,-0.02,175.33,
