DateTime,Bid1_Price,Bid1_Volume,Ask1_Price,Ask1_Volume,Bid2_Price,Bid2_Volume,Ask2_Price,Ask2_Volume,Mid-Price,Bid_Ask_Spread,Market_Depth_Bid,Market_Depth_Ask,Historical_Volatility,Total_volume,Cumulative_Volume_Difference,Total_Volume_Change_Corrected,Order_imbalance,Weighted_Avg_Price,Trade_Volume
2025-05-16 07:30:05,125.22,18.0,133.94,17.0,37.07,15.0,144.0,13.0,129.58,8.719999999999999,33.0,30.0,46.825860696841445,63,3.0,-116.0,0.05,,
2025-05-16 07:30:06,128.26,34.0,130.64,22.0,94.25,8.0,133.29,14.0,129.45,2.3799999999999955,42.0,36.0,26.21863135253249,78,6.0,15.0,0.08,129.0,3.0
2025-05-16 07:30:07,129.0,2.0,132.0,10.0,128.0,2.0,134.0,6.0,130.5,3.0,4.0,16.0,25.714852323122525,20,-12.0,-58.0,-0.6,129.0,
2025-05-16 07:30:08,129.0,6.0,131.27,11.0,128.0,6.0,132.25,20.0,130.14,2.2700000000000102,12.0,31.0,19.66744848728477,43,-19.0,23.0,-0.44,129.0,
2025-05-16 07:30:09,116.62,26.0,131.26,23.0,27.68,34.0,132.59,22.0,123.94,14.639999999999986,60.0,45.0,2.706736041803864,105,15.0,62.0,0.14,129.0,2.0
2025-05-16 07:30:10,114.0,54.0,132.0,22.0,71.5,6.0,133.6,20.0,123.0,18.0,60.0,42.0,3.6280683565776375,102,18.0,-3.0,0.18,129.0,
2025-05-16 07:30:11,115.0,36.0,132.0,4.0,104.5,4.0,133.0,16.0,123.5,17.0,40.0,20.0,3.7633070563003375,60,20.0,-42.0,0.33,129.0,
2025-05-16 07:30:12,116.0,90.0,132.0,16.0,108.6,10.0,133.0,40.0,124.0,16.0,100.0,56.0,2.9477923943181383,156,44.0,96.0,0.28,132.0,1.0
2025-05-16 07:30:13,117.44,81.0,129.33,27.0,110.0,9.0,132.67,18.0,123.39,11.890000000000017,90.0,45.0,0.4134972793137261,135,45.0,-21.0,0.33,132.0,
2025-05-16 07:30:14,118.38,72.0,131.28,29.0,117.58,36.0,133.46,26.0,124.83,12.900000000000006,108.0,55.0,0.7041519722331677,163,53.0,28.0,0.33,130.17,6.0
2025-05-16 07:30:15,121.0,90.0,133.0,45.0,119.0,30.0,134.0,30.0,127.0,12.0,120.0,75.0,1.4858768455023097,195,45.0,32.0,0.23,130.17,
2025-05-16 07:30:16,123.2,45.0,132.25,24.0,121.77,39.0,133.14,21.0,127.72,9.049999999999995,84.0,45.0,1.888562945734119,129,39.0,-66.0,0.3,130.17,
2025-05-16 07:30:17,128.62,85.0,131.53,19.0,125.66,87.0,132.31,39.0,130.07,2.9099999999999966,172.0,58.0,2.592888350855082,230,114.0,101.0,0.5,131.67,3.0
2025-05-16 07:30:18,130.35,62.0,132.69,13.0,129.04,54.0,133.43,21.0,131.52,2.3400000000000034,116.0,34.0,2.624056020743479,150,82.0,-80.0,0.55,131.5,2.0
2025-05-16 07:30:19,129.0,50.0,134.6,20.0,121.8,5.0,136.41,17.0,131.8,5.599999999999994,55.0,37.0,2.181701171104824,92,18.0,-58.0,0.2,133.5,6.0
2025-05-16 07:30:20,129.0,55.0,136.33,27.0,125.0,7.0,162.62,13.0,132.67,7.3300000000000125,62.0,40.0,1.9380995846447635,102,22.0,10.0,0.22,132.75,8.0
2025-05-16 07:30:21,132.77,43.0,138.0,27.0,130.52,25.0,212.41,29.0,135.38,5.22999999999999,68.0,56.0,1.9655711638097284,124,12.0,22.0,0.1,132.75,
2025-05-16 07:30:22,136.54,26.0,383.63,51.0,135.05,38.0,435.74,34.0,260.08,247.09,64.0,85.0,56.92277575803908,149,-21.0,25.0,-0.14,138.0,3.0
2025-05-16 07:30:23,137.0,15.0,171.06,34.0,135.0,66.0,440.66,59.0,154.03,34.06,81.0,93.0,55.13842643746739,174,-12.0,25.0,-0.07,138.0,
2025-05-16 07:30:24,138.06,34.0,169.92,26.0,136.67,46.0,492.63,57.0,153.99,31.859999999999985,80.0,83.0,52.86652106957676,163,-3.0,-11.0,-0.02,138.17,6.0
2025-05-16 07:30:25,138.77,44.0,167.75,24.0,137.95,42.0,450.94,48.0,153.26,28.97999999999999,86.0,72.0,50.238067936575774,158,14.0,-5.0,0.09,138.17,
2025-05-16 07:30:26,140.63,46.0,165.4,20.0,140.65,34.0,335.16,38.0,153.02,24.77000000000001,80.0,58.0,47.63254801078778,138,22.0,-20.0,0.16,138.17,
2025-05-16 07:30:27,142.18,17.0,163.23,26.0,141.08,76.0,268.89,27.0,152.7,21.049999999999983,93.0,53.0,0.5913966520034848,146,40.0,8.0,0.27,138.17,
2025-05-16 07:30:28,141.75,16.0,162.0,16.0,140.63,38.0,169.0,16.0,151.88,20.25,54.0,32.0,0.7726577508838512,86,22.0,-60.0,0.26,141.8,5.0
2025-05-16 07:30:29,141.0,20.0,149.75,8.0,140.0,52.0,159.0,8.0,145.38,8.75,72.0,16.0,3.321493639915758,88,56.0,2.0,0.64,141.8,
2025-05-16 07:30:30,141.0,27.0,147.0,12.0,140.0,78.0,150.0,37.0,144.0,6.0,105.0,49.0,4.343533124082383,154,56.0,66.0,0.36,141.0,3.0
2025-05-16 07:30:31,141.0,20.0,145.7,20.0,140.0,130.0,152.64,50.0,143.35,4.699999999999989,150.0,70.0,4.4772781910443,220,80.0,66.0,0.36,141.0,
2025-05-16 07:30:32,141.0,24.0,143.92,26.0,140.0,156.0,152.57,23.0,142.46,2.9199999999999875,180.0,49.0,3.7681533939054352,229,131.0,9.0,0.57,141.0,
2025-05-16 07:30:33,140.04,95.0,142.0,18.0,139.79,33.0,144.7,20.0,141.02,1.960000000000008,128.0,38.0,1.6360073349472266,166,90.0,-63.0,0.54,141.0,2.0
2025-05-16 07:30:34,140.0,65.0,141.2,10.0,139.0,5.0,145.0,10.0,140.6,1.1999999999999886,70.0,20.0,1.4616360696155537,90,50.0,-76.0,0.56,141.0,
2025-05-16 07:30:35,140.0,90.0,141.0,20.0,139.0,10.0,221.6,47.0,140.5,1.0,100.0,67.0,1.25971425331353,167,33.0,77.0,0.2,140.0,6.0
2025-05-16 07:30:36,140.0,37.0,141.0,14.0,139.0,7.0,148.0,14.0,140.5,1.0,44.0,28.0,0.835272410654942,72,16.0,-95.0,0.22,140.0,4.0
2025-05-16 07:30:37,138.86,21.0,309.16,31.0,137.74,19.0,453.12,24.0,224.01,170.3,40.0,55.0,37.27810724808866,95,-15.0,23.0,-0.16,139.17,6.0
2025-05-16 07:30:38,137.0,36.0,311.12,17.0,135.0,54.0,552.42,19.0,224.06,174.12,90.0,36.0,45.735768059583286,126,54.0,31.0,0.43,138.0,4.0
2025-05-16 07:30:39,141.0,20.0,236.0,27.0,137.58,52.0,373.36,33.0,188.5,95.0,72.0,60.0,41.86040109697945,132,12.0,6.0,0.09,138.0,
2025-05-16 07:30:40,139.33,24.0,372.2,20.0,137.6,40.0,593.64,14.0,255.77,232.87,64.0,34.0,43.93877410670439,98,30.0,-34.0,0.31,140.0,4.0
2025-05-16 07:30:42,138.0,36.0,331.0,9.0,137.0,36.0,460.0,27.0,234.5,193.0,72.0,36.0,38.07063461514654,108,36.0,-12.0,0.33,140.0,
2025-05-16 07:30:44,138.0,32.0,395.28,18.0,137.0,32.0,491.09,22.0,266.64,257.28,64.0,40.0,24.80286918886583,104,24.0,25.0,0.23,137.8,5.0
2025-05-16 07:30:45,136.94,35.0,412.41,34.0,134.98,61.0,581.32,25.0,274.68,275.47,96.0,59.0,23.83397994460828,155,37.0,51.0,0.24,137.0,3.0
2025-05-16 07:30:46,139.59,34.0,187.73,41.0,134.96,53.0,280.65,23.0,163.66,48.13999999999999,87.0,64.0,51.02732483679692,151,23.0,-4.0,0.15,139.67,3.0
2025-05-16 07:30:47,136.26,38.0,208.79,14.0,134.56,18.0,287.24,34.0,172.52,72.53,56.0,48.0,61.21231085329153,104,8.0,-47.0,0.08,135.0,1.0
2025-05-16 07:30:48,134.9,58.0,147.8,25.0,131.0,13.0,385.31,29.0,141.35,12.900000000000006,71.0,54.0,62.17414253530155,125,17.0,21.0,0.14,134.43,7.0
2025-05-16 07:30:49,132.0,16.0,146.75,24.0,98.09,11.0,412.44,32.0,139.38,14.75,27.0,56.0,55.715594046909295,83,-29.0,-42.0,-0.35,134.43,
2025-05-16 07:30:50,133.73,37.0,146.0,33.0,132.79,24.0,407.67,45.0,139.86,12.27000000000001,61.0,78.0,15.612542393857426,139,-17.0,56.0,-0.12,134.43,
2025-05-16 07:30:51,137.0,49.0,226.71,42.0,134.98,49.0,407.71,42.0,181.86,89.71000000000001,98.0,84.0,20.542251093782184,182,14.0,43.0,0.08,144.0,3.0
2025-05-16 07:30:52,139.93,27.0,348.67,12.0,138.67,15.0,513.0,24.0,244.3,208.74,42.0,36.0,45.62308516529757,78,6.0,-104.0,0.08,144.0,
2025-05-16 07:30:53,140.52,25.0,236.76,25.0,139.0,26.0,349.44,27.0,188.64,96.23999999999998,51.0,52.0,43.20503118850852,103,-1.0,25.0,-0.01,140.0,4.0
2025-05-16 07:30:54,142.0,29.0,208.67,27.0,140.69,26.0,458.11,27.0,175.33,66.66999999999999,55.0,54.0,37.635580505686285,109,1.0,6.0,0.01,140.0,
2025-05-16 07:30:55,142.33,36.0,172.09,56.0,141.6,40.0,222.92,24.0,157.21,29.75999999999999,76.0,80.0,32.80844814982863,156,-4.0,47.0,-0.03,140.0,
2025-05-16 07:30:56,143.0,10.0,172.8,30.0,142.0,20.0,176.0,30.0,157.9,29.80000000000001,30.0,60.0,35.80997668248324,90,-30.0,-66.0,-0.33,140.0,
2025-05-16 07:30:57,143.0,8.0,170.88,8.0,142.0,16.0,310.08,12.0,156.94,27.879999999999995,24.0,20.0,14.29447550629241,44,4.0,-46.0,0.09,140.0,
2025-05-16 07:30:58,143.0,10.0,168.6,10.0,142.0,20.0,549.47,34.0,155.8,25.599999999999994,30.0,44.0,8.249001757788273,74,-14.0,30.0,-0.19,140.0,
2025-05-16 07:30:59,141.5,16.0,165.71,42.0,141.67,18.0,408.11,18.0,153.61,24.210000000000008,34.0,60.0,1.679544581127329,94,-26.0,20.0,-0.28,141.8,5.0
2025-05-16 07:31:00,140.0,25.0,162.73,26.0,139.0,10.0,164.2,20.0,151.37,22.72999999999999,35.0,46.0,2.6384521977845705,81,-11.0,-13.0,-0.14,140.0,3.0
2025-05-16 07:31:01,140.0,10.0,160.06,48.0,139.0,10.0,161.04,28.0,150.03,20.06,20.0,76.0,2.902628119479714,96,-56.0,15.0,-0.58,140.0,
2025-05-16 07:31:02,141.0,78.0,159.06,33.0,140.0,13.0,159.62,53.0,150.03,18.06,91.0,86.0,2.5024827671723275,177,5.0,81.0,0.03,140.0,
2025-05-16 07:31:03,141.78,54.0,154.05,39.0,140.0,9.0,155.17,35.0,147.91,12.27000000000001,63.0,74.0,2.0939436477600326,137,-11.0,-40.0,-0.08,140.0,
2025-05-16 07:31:04,143.0,65.0,152.74,53.0,140.0,13.0,153.88,64.0,147.87,9.740000000000007,78.0,117.0,1.5187889912672707,195,-39.0,58.0,-0.2,143.0,2.0
2025-05-16 07:31:05,143.0,64.0,149.24,75.0,140.0,16.0,150.91,69.0,146.12,6.240000000000009,80.0,144.0,1.6607889691332611,224,-64.0,29.0,-0.29,143.0,
2025-05-16 07:31:06,142.94,53.0,146.05,38.0,139.93,14.0,147.95,61.0,144.5,3.1100000000000136,67.0,99.0,2.084545514013726,166,-32.0,-58.0,-0.19,143.0,4.0
2025-05-16 07:31:07,137.82,22.0,143.58,24.0,136.21,43.0,155.31,36.0,140.7,5.760000000000019,65.0,60.0,2.992381994330729,125,5.0,-41.0,0.04,138.75,4.0
2025-05-16 07:31:08,137.72,54.0,141.95,22.0,136.04,52.0,152.88,34.0,139.84,4.22999999999999,106.0,56.0,3.4542987710959068,162,50.0,37.0,0.31,140.0,1.0
2025-05-16 07:31:09,138.61,127.0,141.53,49.0,137.86,49.0,149.55,33.0,140.07,2.9199999999999875,176.0,82.0,2.872382286534054,258,94.0,96.0,0.36,140.0,
2025-05-16 07:31:10,139.0,130.0,140.59,34.0,138.0,40.0,171.36,33.0,139.79,1.5900000000000034,170.0,67.0,2.0007873450205884,237,103.0,-21.0,0.43,140.0,1.0
2025-05-16 07:31:11,139.57,133.0,143.97,37.0,137.27,41.0,287.28,18.0,141.77,4.400000000000006,174.0,55.0,0.8300180720891142,229,119.0,-8.0,0.52,141.0,4.0
2025-05-16 07:31:12,139.0,90.0,161.5,10.0,138.0,10.0,213.77,13.0,150.25,22.5,100.0,23.0,4.494394286218615,123,77.0,-106.0,0.63,141.0,
2025-05-16 07:31:13,139.45,99.0,160.0,11.0,138.0,11.0,273.0,22.0,149.73,20.55000000000001,110.0,33.0,5.232563425319803,143,77.0,20.0,0.54,141.0,
2025-05-16 07:31:14,140.0,63.0,159.14,7.0,138.0,7.0,352.0,14.0,149.57,19.139999999999983,70.0,21.0,5.023218092019747,91,49.0,-52.0,0.54,141.0,
2025-05-16 07:31:15,141.96,130.0,157.64,14.0,140.64,92.0,321.9,20.0,149.8,15.679999999999978,222.0,34.0,3.616708448298615,256,188.0,165.0,0.73,143.0,1.0
2025-05-16 07:31:16,143.0,59.0,154.45,11.0,141.0,99.0,259.4,25.0,148.73,11.449999999999989,158.0,36.0,0.5558596945225145,194,122.0,-62.0,0.63,143.0,5.0
2025-05-16 07:31:17,143.0,44.0,152.57,14.0,141.0,99.0,206.0,21.0,147.79,9.569999999999991,143.0,35.0,0.8599302297248628,178,108.0,-16.0,0.61,143.0,
2025-05-16 07:31:18,143.0,26.0,150.82,11.0,141.0,72.0,151.46,13.0,146.91,7.819999999999993,98.0,24.0,1.214701609447629,122,74.0,-56.0,0.61,143.0,2.0
2025-05-16 07:31:19,141.15,78.0,147.55,22.0,140.23,115.0,149.0,11.0,144.35,6.400000000000006,193.0,33.0,2.071009415718497,226,160.0,104.0,0.71,143.0,2.0
2025-05-16 07:31:20,141.0,112.0,146.38,26.0,140.0,143.0,149.0,13.0,143.69,5.379999999999996,255.0,39.0,2.1858362244218186,294,216.0,68.0,0.73,141.0,5.0
2025-05-16 07:31:21,141.0,40.0,145.24,17.0,140.0,110.0,147.15,13.0,143.12,4.240000000000009,150.0,30.0,2.0589609029786304,180,120.0,-114.0,0.67,141.0,
2025-05-16 07:31:22,141.0,42.0,144.19,21.0,140.0,143.0,211.71,34.0,142.6,3.1899999999999977,185.0,55.0,1.6831013041390297,240,130.0,60.0,0.54,141.0,2.0
2025-05-16 07:31:23,141.0,20.0,142.1,20.0,140.0,110.0,302.68,25.0,141.55,1.0999999999999943,130.0,45.0,1.0672722239402546,175,85.0,-65.0,0.49,141.0,
2025-05-16 07:31:24,140.03,136.0,257.86,37.0,139.38,58.0,306.65,34.0,198.95,117.83,194.0,71.0,25.1502180905056,265,123.0,90.0,0.46,141.0,2.0
2025-05-16 07:31:25,140.15,81.0,230.3,23.0,139.56,48.0,253.88,26.0,185.23,90.15,129.0,49.0,27.638432480876983,178,80.0,-87.0,0.45,140.0,2.0
2025-05-16 07:31:26,143.0,18.0,192.0,12.0,142.0,12.0,226.0,18.0,167.5,49.0,30.0,30.0,25.47700001962547,60,0.0,-118.0,0.0,140.0,
2025-05-16 07:31:27,143.0,44.0,222.92,52.0,142.0,36.0,257.04,27.0,182.96,79.91999999999999,80.0,79.0,21.88884578957961,159,1.0,99.0,0.01,143.0,1.0
2025-05-16 07:31:28,143.0,18.0,223.11,27.0,142.0,18.0,322.0,9.0,183.06,80.11000000000001,36.0,36.0,11.159890232434986,72,0.0,-87.0,0.0,143.0,
2025-05-16 07:31:29,141.12,43.0,223.0,33.0,140.92,25.0,271.36,14.0,182.06,81.88,68.0,47.0,7.17357093782431,115,21.0,43.0,0.18,142.5,4.0
2025-05-16 07:31:30,140.0,108.0,221.17,36.0,139.0,36.0,227.85,26.0,180.58,81.16999999999999,144.0,62.0,6.63336415403206,206,82.0,91.0,0.4,142.5,
2025-05-16 07:31:31,140.16,32.0,220.0,12.0,139.5,18.0,221.0,12.0,180.08,79.84,50.0,24.0,1.3632754673938094,74,26.0,-132.0,0.35,142.5,
2025-05-16 07:31:32,141.07,74.0,219.0,42.0,139.96,107.0,221.0,42.0,180.03,77.93,181.0,84.0,1.3416109719280525,265,97.0,173.5,0.37,142.5,
2025-05-16 07:31:33,142.0,55.0,217.27,33.0,141.0,146.0,219.0,33.0,179.64,75.27000000000001,201.0,66.0,0.9453147623927473,267,135.0,2.0,0.51,142.5,
2025-05-16 07:31:34,142.88,40.0,216.0,24.0,141.0,112.0,218.0,24.0,179.44,73.12,152.0,48.0,0.4405451168695254,200,104.0,-67.0,0.52,142.5,
2025-05-16 07:31:35,143.0,70.0,213.68,38.0,141.0,196.0,214.9,40.0,178.34,70.68,266.0,78.0,0.7046133691589416,344,188.0,144.0,0.55,142.5,
2025-05-16 07:31:36,142.31,105.0,156.24,49.0,140.91,231.0,161.57,42.0,149.28,13.930000000000009,336.0,91.0,13.46792040368507,427,245.0,83.0,0.57,142.43,7.0
2025-05-16 07:31:37,141.0,156.0,147.11,37.0,140.0,91.0,147.8,41.0,144.05,6.110000000000014,247.0,78.0,17.889991615425522,325,169.0,-102.0,0.52,142.43,
2025-05-16 07:31:38,141.0,138.0,142.27,51.0,140.0,98.0,143.53,30.0,141.64,1.2700000000000102,236.0,81.0,18.77609650592995,317,155.0,-8.0,0.49,141.0,3.0
2025-05-16 07:31:39,140.49,96.0,142.26,47.0,139.76,67.0,143.5,36.0,141.37,1.7699999999999818,163.0,83.0,15.64498737615323,246,80.0,-71.0,0.33,141.0,9.0
2025-05-16 07:31:40,139.67,66.0,141.6,40.0,137.92,50.0,142.4,40.0,140.63,1.9300000000000068,116.0,80.0,3.531576135381031,196,36.0,-50.0,0.18,139.0,3.0
2025-05-16 07:31:41,139.36,25.0,141.89,37.0,137.06,53.0,265.75,40.0,140.63,2.5299999999999727,78.0,77.0,1.406975479527834,155,1.0,-41.0,0.01,139.0,
2025-05-16 07:31:42,139.58,43.0,153.25,36.0,136.85,40.0,278.85,41.0,146.42,13.669999999999987,83.0,77.0,2.43523510158519,160,6.0,5.0,0.04,140.0,4.0
2025-05-16 07:31:43,137.0,45.0,180.64,33.0,136.0,80.0,278.03,37.0,158.82,43.63999999999999,125.0,70.0,7.789931321904785,195,55.0,35.0,0.28,140.0,
2025-05-16 07:31:44,137.0,24.0,208.88,16.0,136.0,80.0,336.8,20.0,172.94,71.88,104.0,36.0,13.916029246879097,140,68.0,-55.0,0.49,140.0,
2025-05-16 07:31:45,137.0,21.0,207.43,14.0,136.0,70.0,311.0,28.0,172.21,70.43,91.0,42.0,14.674853661961867,133,49.0,-7.0,0.37,140.0,
2025-05-16 07:31:46,137.0,30.0,206.69,26.0,136.0,84.0,330.24,25.0,171.85,69.69,114.0,51.0,11.660140222141273,165,63.0,32.0,0.38,140.0,
2025-05-16 07:31:47,136.04,72.0,206.0,20.0,135.23,35.0,396.53,36.0,171.02,69.96000000000001,107.0,56.0,5.936873756447713,163,51.0,-2.0,0.31,136.6,5.0
2025-05-16 07:31:48,136.0,108.0,192.16,31.0,135.0,36.0,325.2,40.0,164.08,56.16,144.0,71.0,3.6109209351629015,215,73.0,52.0,0.34,136.6,
2025-05-16 07:31:49,136.0,99.0,176.61,36.0,135.0,33.0,262.15,26.0,156.31,40.610000000000014,132.0,62.0,6.884499255573852,194,70.0,-21.0,0.36,136.6,
2025-05-16 07:31:50,137.96,100.0,159.67,48.0,135.77,53.0,164.0,30.0,148.81,21.70999999999998,153.0,78.0,9.851453192295834,231,75.0,37.0,0.32,136.6,
2025-05-16 07:31:51,143.0,98.0,157.8,40.0,142.0,28.0,160.17,48.0,150.4,14.800000000000011,126.0,88.0,9.373928205400064,214,38.0,-17.0,0.18,136.6,
2025-05-16 07:31:52,143.0,98.0,154.92,50.0,142.0,28.0,156.0,34.0,148.96,11.919999999999987,126.0,84.0,6.554110923687038,210,42.0,-4.0,0.2,136.6,
2025-05-16 07:31:53,143.0,85.0,150.43,42.0,142.0,28.0,152.86,42.0,146.71,7.430000000000007,113.0,84.0,3.64055902300634,197,29.0,-13.0,0.15,143.0,8.0
2025-05-16 07:31:54,140.27,44.0,145.84,38.0,140.24,34.0,146.85,40.0,143.06,5.569999999999993,78.0,78.0,2.852923062403238,156,0.0,-41.0,0.0,142.0,5.0
2025-05-16 07:31:55,137.0,40.0,141.86,28.0,136.0,20.0,144.25,32.0,139.43,4.860000000000014,60.0,60.0,4.472680404409844,120,0.0,-36.0,0.0,142.0,
2025-05-16 07:31:56,137.0,40.0,140.16,38.0,136.0,20.0,141.64,22.0,138.58,3.1599999999999966,60.0,60.0,4.499029895432034,120,0.0,0.0,0.0,142.0,
2025-05-16 07:31:57,136.86,29.0,138.44,18.0,135.7,20.0,140.0,36.0,137.65,1.579999999999984,49.0,54.0,3.7534823830665016,103,-5.0,-17.0,-0.05,137.0,4.0
2025-05-16 07:31:58,131.62,29.0,139.35,46.0,127.17,23.0,341.0,40.0,135.48,7.72999999999999,52.0,86.0,2.780728321859218,138,-34.0,35.0,-0.25,134.67,6.0
2025-05-16 07:31:59,131.0,20.0,137.4,40.0,120.4,50.0,257.67,36.0,134.2,6.400000000000006,70.0,76.0,2.1766419089940987,146,-6.0,8.0,-0.04,134.67,
2025-05-16 07:32:00,131.95,190.0,221.57,51.0,116.69,45.0,375.8,64.0,176.76,89.62,235.0,115.0,18.09779765606831,350,120.0,173.5,0.34,135.0,4.0
2025-05-16 07:32:01,134.05,194.0,139.7,61.0,132.93,56.0,196.26,38.0,136.88,5.649999999999977,250.0,99.0,18.252922505724708,349,151.0,-1.0,0.43,136.8,5.0
2025-05-16 07:32:02,135.96,54.0,146.13,38.0,128.26,38.0,345.71,28.0,141.05,10.169999999999987,92.0,66.0,18.009896723745857,158,26.0,-174.5,0.16,136.0,3.0
2025-05-16 07:32:03,137.0,180.0,145.73,15.0,135.05,118.0,147.3,27.0,141.37,8.72999999999999,298.0,42.0,17.42496685793095,340,256.0,173.5,0.75,136.0,
2025-05-16 07:32:04,138.41,135.0,143.08,13.0,136.76,68.0,252.8,25.0,140.74,4.670000000000016,203.0,38.0,16.53565087923642,241,165.0,-99.0,0.68,143.0,1.0
2025-05-16 07:32:05,139.0,76.0,143.0,8.0,137.0,40.0,229.73,37.0,141.0,4.0,116.0,45.0,1.8738383067890931,161,71.0,-80.0,0.44,139.0,4.0
2025-05-16 07:32:06,139.0,72.0,141.44,27.0,137.0,60.0,220.75,40.0,140.22,2.4399999999999977,132.0,67.0,0.4296859318041561,199,65.0,38.0,0.33,139.0,
2025-05-16 07:32:07,139.0,56.0,140.0,44.0,137.0,55.0,233.22,49.0,139.5,1.0,111.0,93.0,0.7282032683188953,204,18.0,5.0,0.09,139.0,1.0
2025-05-16 07:32:08,139.0,10.0,207.0,40.0,137.0,50.0,318.0,45.0,173.0,68.0,60.0,85.0,14.606057647428074,145,-25.0,-59.0,-0.17,139.0,4.0
2025-05-16 07:32:09,137.36,22.0,205.42,38.0,136.35,49.0,228.76,34.0,171.39,68.05999999999997,71.0,72.0,17.51976084311638,143,-1.0,-2.0,-0.01,137.8,5.0
2025-05-16 07:32:10,136.45,33.0,209.39,28.0,135.47,85.0,348.04,27.0,172.92,72.94,118.0,55.0,17.85632044963339,173,63.0,30.0,0.36,136.6,5.0
2025-05-16 07:32:11,137.2,30.0,246.0,7.0,135.23,78.0,555.79,34.0,191.6,108.8,108.0,41.0,18.813312308043955,149,67.0,-24.0,0.45,136.6,
2025-05-16 07:32:12,142.0,12.0,246.0,6.0,139.0,30.0,373.31,26.0,194.0,104.0,42.0,32.0,11.204071581349377,74,10.0,-75.0,0.14,136.6,
2025-05-16 07:32:13,139.75,16.0,359.64,22.0,136.96,47.0,440.52,21.0,249.69,219.89,63.0,43.0,31.79733715266114,106,20.0,32.0,0.19,139.0,9.0
2025-05-16 07:32:14,136.79,57.0,373.8,30.0,135.44,81.0,454.2,30.0,255.29,237.01,138.0,60.0,37.28108300465543,198,78.0,92.0,0.39,139.0,
2025-05-16 07:32:15,140.67,12.0,385.0,9.0,137.6,42.0,425.44,36.0,262.83,244.33,54.0,45.0,34.904596688688606,99,9.0,-99.0,0.09,139.0,
2025-05-16 07:32:20,141.8,50.0,174.79,24.0,139.73,118.0,328.48,29.0,158.3,32.98999999999998,168.0,53.0,76.36026302992953,221,115.0,50.0,0.52,142.25,4.0
2025-05-16 07:32:21,140.0,60.0,171.0,18.0,136.0,24.0,272.56,9.0,155.5,31.0,84.0,27.0,96.2424800698736,111,57.0,-110.0,0.51,142.25,
2025-05-16 07:32:22,140.0,45.0,171.0,18.0,136.0,24.0,324.04,27.0,155.5,31.0,69.0,45.0,101.02182991809252,114,24.0,3.0,0.21,140.0,3.0
2025-05-16 07:32:23,140.0,75.0,170.27,33.0,136.0,44.0,238.27,44.0,155.14,30.27000000000001,119.0,77.0,72.90692902598491,196,42.0,82.0,0.21,140.0,1.0
2025-05-16 07:32:24,140.3,40.0,168.3,30.0,138.0,48.0,210.35,31.0,154.3,28.0,88.0,61.0,1.5084826813702754,149,27.0,-47.0,0.18,140.0,
2025-05-16 07:32:25,142.42,31.0,166.0,30.0,139.72,58.0,255.0,12.0,154.21,23.580000000000013,89.0,42.0,0.6342712353511577,131,47.0,-18.0,0.36,140.0,
2025-05-16 07:32:26,143.0,30.0,166.0,30.0,140.0,60.0,225.0,16.0,154.5,23.0,90.0,46.0,0.5632938842148446,136,44.0,5.0,0.32,140.0,
2025-05-16 07:32:27,143.0,42.0,157.14,50.0,140.0,84.0,190.4,30.0,150.07,14.139999999999986,126.0,80.0,2.030696924701876,206,46.0,70.0,0.22,140.0,
2025-05-16 07:32:28,140.47,38.0,146.0,30.0,139.33,36.0,183.78,18.0,143.24,5.530000000000001,74.0,48.0,4.852270602511071,122,26.0,-84.0,0.21,141.8,5.0
2025-05-16 07:32:29,140.0,36.0,143.67,27.0,139.0,27.0,226.0,9.0,141.83,3.669999999999988,63.0,36.0,5.976223724057913,99,27.0,-23.0,0.27,141.8,
2025-05-16 07:32:30,140.0,36.0,226.0,9.0,139.0,27.0,583.0,18.0,183.0,86.0,63.0,27.0,16.72712975976433,90,36.0,-9.0,0.4,141.8,
2025-05-16 07:32:31,140.0,40.0,224.69,16.0,139.0,30.0,448.88,16.0,182.34,84.69,70.0,32.0,20.84275005847344,102,38.0,12.0,0.37,141.8,
2025-05-16 07:32:32,140.74,82.0,220.32,44.0,139.65,51.0,222.54,35.0,180.53,79.57999999999998,133.0,79.0,21.616812207168653,212,54.0,110.0,0.25,140.67,3.0
2025-05-16 07:32:33,141.0,49.0,200.0,23.0,140.0,38.0,201.0,24.0,170.5,59.0,87.0,47.0,17.41053847530273,134,40.0,-78.0,0.3,141.0,1.0
2025-05-16 07:32:34,141.11,38.0,198.14,28.0,140.1,40.0,199.27,22.0,169.62,57.02999999999997,78.0,50.0,6.585872759171552,128,28.0,-6.0,0.22,141.0,
2025-05-16 07:32:35,141.0,56.0,194.46,35.0,140.0,72.0,195.5,36.0,167.73,53.46000000000001,128.0,71.0,6.760919316187503,199,57.0,71.0,0.29,141.0,2.0
2025-05-16 07:32:36,141.81,21.0,181.76,25.0,140.33,30.0,183.43,14.0,161.78,39.94999999999999,51.0,39.0,6.782172955623922,90,12.0,-109.0,0.13,141.0,
2025-05-16 07:32:37,143.0,14.0,178.82,11.0,142.0,7.0,180.76,17.0,160.91,35.81999999999999,21.0,28.0,4.4722891230326125,49,-7.0,-41.0,-0.14,141.0,
2025-05-16 07:32:38,143.0,20.0,176.74,23.0,142.0,22.0,177.92,25.0,159.87,33.74000000000001,42.0,48.0,4.388310608878476,90,-6.0,41.0,-0.07,141.0,
2025-05-16 07:32:39,143.0,22.0,172.57,30.0,142.0,17.0,173.96,25.0,157.78,29.569999999999997,39.0,55.0,3.730607189184462,94,-16.0,4.0,-0.17,141.0,
2025-05-16 07:32:40,143.0,22.0,170.04,27.0,142.0,11.0,169.97,29.0,156.52,27.039999999999992,33.0,56.0,2.1840489921231647,89,-23.0,-5.0,-0.26,141.0,
2025-05-16 07:32:41,141.15,72.0,159.02,57.0,140.42,122.0,159.49,59.0,150.09,17.870000000000005,194.0,116.0,4.245766126389159,310,78.0,173.5,0.25,142.67,3.0
2025-05-16 07:32:42,140.64,44.0,153.71,14.0,139.84,38.0,154.7,10.0,147.18,13.070000000000022,82.0,24.0,5.396329307964158,106,58.0,-174.5,0.55,142.67,
2025-05-16 07:32:43,140.0,80.0,149.88,16.0,139.0,30.0,151.64,28.0,144.94,9.879999999999995,110.0,44.0,5.659657233436684,154,66.0,48.0,0.43,142.67,
2025-05-16 07:32:44,140.3,23.0,146.35,17.0,139.9,62.0,148.2,10.0,143.33,6.049999999999983,85.0,27.0,5.195062078550314,112,58.0,-42.0,0.52,142.67,
2025-05-16 07:32:45,140.23,31.0,143.54,35.0,139.82,68.0,145.04,52.0,141.88,3.3100000000000023,99.0,87.0,3.240992132047054,186,12.0,74.0,0.06,140.33,3.0
2025-05-16 07:32:46,139.61,31.0,248.27,49.0,137.68,57.0,392.0,46.0,193.94,108.66,88.0,95.0,22.272293999496164,183,-7.0,-3.0,-0.04,140.13,15.0
2025-05-16 07:32:47,139.84,83.0,276.76,34.0,137.43,21.0,344.56,43.0,208.3,136.92,104.0,77.0,32.04691123961865,181,27.0,-2.0,0.15,140.13,
2025-05-16 07:32:48,140.94,152.0,323.01,86.0,138.22,18.0,390.77,52.0,231.98,182.07,170.0,138.0,40.06074237954161,308,32.0,127.0,0.1,141.0,1.0
2025-05-16 07:32:51,143.0,14.0,249.55,22.0,140.0,6.0,503.0,14.0,196.27,106.55,20.0,36.0,47.95975062487311,56,-16.0,-96.0,-0.29,143.0,2.0
2025-05-16 07:32:52,143.0,8.0,250.47,30.0,140.0,8.0,376.78,18.0,196.73,107.47,16.0,48.0,50.44311300861612,64,-32.0,8.0,-0.5,143.0,
2025-05-16 07:32:53,143.0,8.0,220.33,24.0,140.0,8.0,444.0,24.0,181.67,77.33000000000001,16.0,48.0,57.81892397822718,64,-32.0,0.0,-0.5,143.0,
2025-05-16 07:32:54,137.71,34.0,381.52,31.0,135.83,24.0,571.3,33.0,259.61,243.81,58.0,64.0,50.18891889650556,122,-6.0,58.0,-0.05,140.33,3.0
2025-05-16 07:32:55,137.0,39.0,143.82,34.0,135.0,36.0,301.97,35.0,140.41,6.819999999999993,75.0,69.0,42.82754861067822,144,6.0,22.0,0.04,137.0,5.0
2025-05-16 07:32:56,135.88,32.0,137.44,27.0,131.0,30.0,160.12,32.0,136.66,1.5600000000000025,62.0,59.0,50.05166410819928,121,3.0,-23.0,0.02,137.0,1.0
2025-05-16 07:32:57,135.8,40.0,137.75,32.0,131.47,38.0,167.86,42.0,136.78,1.9499999999999889,78.0,74.0,53.03670832546078,152,4.0,31.0,0.03,137.0,3.0
2025-05-16 07:32:59,138.0,84.0,140.0,48.0,137.0,12.0,438.82,44.0,139.0,2.0,96.0,92.0,11.508752321602495,188,4.0,47.0,0.02,137.0,
2025-05-16 07:33:00,138.0,70.0,140.0,40.0,137.0,10.0,250.33,27.0,139.0,2.0,80.0,67.0,11.300677855774442,147,13.0,-41.0,0.09,138.0,2.0
2025-05-16 07:33:01,138.0,60.0,197.64,44.0,137.0,12.0,247.48,21.0,167.82,59.63999999999999,72.0,65.0,19.53291273722361,137,7.0,-10.0,0.05,140.0,4.0
2025-05-16 07:33:02,138.31,29.0,213.75,48.0,137.92,49.0,419.07,41.0,176.03,75.44,78.0,89.0,25.393378664525816,167,-11.0,30.0,-0.07,140.0,
2025-05-16 07:33:03,142.64,44.0,150.0,24.0,138.38,26.0,198.0,32.0,146.32,7.360000000000014,70.0,56.0,17.209197540849985,126,14.0,-41.0,0.11,140.0,
2025-05-16 07:33:04,143.0,131.0,154.18,33.0,141.8,20.0,187.18,44.0,148.59,11.180000000000009,151.0,77.0,15.632660362203158,228,74.0,102.0,0.32,140.0,
2025-05-16 07:33:05,143.0,153.0,170.74,23.0,142.0,27.0,255.62,16.0,156.87,27.74000000000001,180.0,39.0,12.663148502643365,219,141.0,-9.0,0.64,140.0,
2025-05-16 07:33:06,143.0,114.0,165.35,17.0,142.0,24.0,248.79,19.0,154.18,22.349999999999994,138.0,36.0,11.758918742809568,174,102.0,-45.0,0.59,143.0,9.0
2025-05-16 07:33:07,143.0,39.0,199.29,21.0,142.0,13.0,313.17,24.0,171.14,56.28999999999999,52.0,45.0,9.749582042323553,97,7.0,-77.0,0.07,143.0,3.0
2025-05-16 07:33:08,143.0,32.0,219.0,32.0,142.0,16.0,350.1,20.0,181.0,76.0,48.0,52.0,13.334197763645156,100,-4.0,3.0,-0.04,143.0,4.0
2025-05-16 07:33:09,141.2,10.0,219.0,16.0,140.5,8.0,385.0,4.0,180.1,77.80000000000001,18.0,20.0,12.629074392052678,38,-2.0,-62.0,-0.05,142.0,4.0
2025-05-16 07:33:10,140.68,22.0,218.25,32.0,139.59,17.0,306.86,21.0,179.47,77.57,39.0,53.0,11.333186665717706,92,-14.0,54.0,-0.15,140.75,4.0
2025-05-16 07:33:11,139.25,8.0,217.0,12.0,137.62,16.0,256.0,6.0,178.12,77.75,24.0,18.0,3.9572439904563255,42,6.0,-50.0,0.14,138.75,4.0
2025-05-16 07:33:12,138.0,20.0,217.0,16.0,137.0,88.0,483.5,12.0,177.5,79.0,108.0,28.0,1.4293425061904843,136,80.0,94.0,0.59,138.0,1.0
2025-05-16 07:33:13,138.0,18.0,215.22,18.0,137.0,99.0,275.12,25.0,176.61,77.22,117.0,43.0,1.4247280442255312,160,74.0,24.0,0.46,138.0,
2025-05-16 07:33:14,138.0,10.0,214.08,13.0,137.0,55.0,230.75,8.0,176.04,76.08000000000001,65.0,21.0,1.3395409661531663,86,44.0,-74.0,0.51,138.0,
2025-05-16 07:33:15,138.0,26.0,183.66,29.0,137.0,143.0,183.21,33.0,160.83,45.66,169.0,62.0,7.305562948876808,231,107.0,145.0,0.46,138.0,
2025-05-16 07:33:16,137.17,58.0,157.08,24.0,135.91,121.0,158.18,17.0,147.13,19.910000000000025,179.0,41.0,13.372313561983214,220,138.0,-11.0,0.63,137.4,5.0
2025-05-16 07:33:17,139.56,123.0,155.3,20.0,137.4,95.0,156.05,44.0,147.43,15.740000000000007,218.0,64.0,14.530795573539615,282,154.0,62.0,0.55,140.0,2.0
2025-05-16 07:33:18,140.0,91.0,151.73,30.0,138.0,65.0,153.29,28.0,145.87,11.72999999999999,156.0,58.0,13.021244180184798,214,98.0,-68.0,0.46,140.0,
2025-05-16 07:33:19,140.0,70.0,148.41,22.0,138.0,50.0,149.2,20.0,144.2,8.409999999999997,120.0,42.0,6.6840347096641,162,78.0,-52.0,0.48,140.0,
2025-05-16 07:33:20,140.0,87.0,142.74,46.0,137.79,76.0,143.45,44.0,141.37,2.740000000000009,163.0,90.0,2.490762935325855,253,73.0,91.0,0.29,140.0,4.0
2025-05-16 07:33:21,140.0,38.0,142.18,22.0,137.24,42.0,143.04,46.0,141.09,2.180000000000007,80.0,68.0,2.769768943430609,148,12.0,-105.0,0.08,140.0,2.0
2025-05-16 07:33:22,140.0,10.0,141.7,10.0,138.0,10.0,142.9,31.0,140.85,1.6999999999999886,20.0,41.0,2.240508870768492,61,-21.0,-87.0,-0.34,140.0,
2025-05-16 07:33:23,139.0,8.0,141.0,8.0,137.09,44.0,142.8,20.0,140.0,2.0,52.0,28.0,1.5927554740109686,80,24.0,19.0,0.3,140.0,1.0
2025-05-16 07:33:24,138.0,9.0,140.22,9.0,137.0,90.0,143.0,36.0,139.11,2.219999999999999,99.0,45.0,0.9230817948543808,144,54.0,64.0,0.38,140.0,
2025-05-16 07:33:25,137.01,73.0,138.57,28.0,135.22,91.0,142.18,22.0,137.79,1.5600000000000025,164.0,50.0,1.3525605346864653,214,114.0,70.0,0.53,137.33,3.0
2025-05-16 07:33:26,137.0,60.0,203.68,19.0,135.0,156.0,383.43,49.0,170.34,66.68,216.0,68.0,13.866368306084814,284,148.0,70.0,0.52,137.2,5.0
2025-05-16 07:33:27,137.0,28.0,290.29,21.0,135.0,98.0,506.55,22.0,213.64,153.29000000000002,126.0,43.0,32.83933053519815,169,83.0,-115.0,0.49,137.2,
2025-05-16 07:33:28,137.0,44.0,150.0,33.0,135.0,64.0,429.34,35.0,143.5,13.0,108.0,68.0,32.335176356407864,176,40.0,7.0,0.23,137.2,
2025-05-16 07:33:29,137.0,28.0,218.09,23.0,135.0,42.0,322.09,22.0,177.54,81.09,70.0,45.0,30.376025414790533,115,25.0,-61.0,0.22,137.2,
2025-05-16 07:33:30,137.45,33.0,314.4,30.0,135.17,48.0,632.08,26.0,225.93,176.95,81.0,56.0,33.47107407897163,137,25.0,22.0,0.18,137.2,
2025-05-16 07:33:31,140.0,50.0,351.19,37.0,137.0,40.0,512.94,32.0,245.59,211.19,90.0,69.0,40.699742628179024,159,21.0,22.0,0.13,137.2,
2025-05-16 07:33:32,140.0,31.0,429.0,21.0,139.0,28.0,459.0,21.0,284.5,289.0,59.0,42.0,55.67790378597256,101,17.0,-58.0,0.17,140.0,1.0
2025-05-16 07:33:33,140.75,24.0,429.0,24.0,139.38,32.0,459.0,24.0,284.88,288.25,56.0,48.0,44.88018014669758,104,8.0,3.0,0.08,141.5,4.0
2025-05-16 07:33:34,140.0,71.0,306.25,32.0,139.0,52.0,394.53,38.0,223.12,166.25,123.0,70.0,30.36815651303238,193,53.0,89.0,0.27,141.5,
2025-05-16 07:33:35,140.0,71.0,211.0,22.0,139.0,44.0,340.57,37.0,175.5,71.0,115.0,59.0,45.918295046746096,174,56.0,-19.0,0.32,140.0,2.0
2025-05-16 07:33:36,141.22,18.0,209.56,18.0,140.0,45.0,357.44,27.0,175.39,68.34,63.0,45.0,54.7109734879578,108,18.0,-66.0,0.17,140.0,
2025-05-16 07:33:37,142.43,28.0,207.38,37.0,140.48,66.0,371.65,43.0,174.9,64.94999999999999,94.0,80.0,48.339187208723445,174,14.0,66.0,0.08,140.0,
2025-05-16 07:33:38,143.0,10.0,199.69,13.0,142.0,20.0,205.63,19.0,171.35,56.69,30.0,32.0,21.90648009151637,62,-2.0,-112.0,-0.03,140.0,
2025-05-16 07:33:39,142.57,28.0,186.67,27.0,141.36,47.0,192.3,20.0,164.62,44.1,75.0,47.0,4.64810391450082,122,28.0,60.0,0.23,143.0,2.0
2025-05-16 07:33:40,142.0,29.0,145.71,34.0,140.0,85.0,151.84,49.0,143.85,3.710000000000008,114.0,83.0,13.11991882596821,197,31.0,75.0,0.16,142.0,3.0
2025-05-16 07:33:41,140.42,19.0,143.0,8.0,139.62,32.0,146.0,13.0,141.71,2.5800000000000125,51.0,21.0,15.53201950809978,72,30.0,-125.0,0.42,140.67,3.0
2025-05-16 07:33:42,139.43,53.0,141.08,39.0,138.49,53.0,142.8,15.0,140.26,1.6500000000000057,106.0,54.0,14.518783351231232,160,52.0,88.0,0.33,139.6,5.0
2025-05-16 07:33:43,139.0,64.0,140.0,28.0,136.0,21.0,238.92,13.0,139.5,1.0,85.0,41.0,10.546656816261097,126,44.0,-34.0,0.35,139.0,1.0
2025-05-16 07:33:44,139.0,44.0,140.0,45.0,136.0,36.0,218.08,13.0,139.5,1.0,80.0,58.0,1.848493981592691,138,22.0,12.0,0.16,140.0,1.0
2025-05-16 07:33:45,136.27,26.0,154.15,26.0,135.11,54.0,217.5,14.0,145.21,17.879999999999995,80.0,40.0,2.3977760529258267,120,40.0,-18.0,0.33,139.0,4.0
2025-05-16 07:33:46,140.0,6.0,213.2,10.0,136.0,18.0,219.85,20.0,176.6,73.19999999999999,24.0,30.0,16.046204535652272,54,-6.0,-66.0,-0.11,139.0,
2025-05-16 07:33:47,140.0,6.0,211.5,6.0,136.0,18.0,213.0,12.0,175.75,71.5,24.0,18.0,19.1897100030196,42,6.0,-12.0,0.14,139.0,
2025-05-16 07:33:48,140.0,11.0,211.0,11.0,136.0,33.0,213.0,22.0,175.5,71.0,44.0,33.0,18.515641225731105,77,11.0,35.0,0.14,139.0,
2025-05-16 07:33:49,142.7,20.0,209.0,10.0,138.0,12.0,210.86,14.0,175.85,66.30000000000001,32.0,24.0,13.74228401685818,56,8.0,-21.0,0.14,143.0,3.0
2025-05-16 07:33:50,137.33,27.0,199.42,38.0,135.15,61.0,204.15,27.0,168.38,62.089999999999975,88.0,65.0,3.399048396242362,153,23.0,97.0,0.15,137.5,2.0
2025-05-16 07:33:51,141.12,57.0,187.79,61.0,136.1,41.0,190.14,14.0,164.45,46.66999999999999,98.0,75.0,5.273540556400106,173,23.0,20.0,0.13,140.0,1.0
2025-05-16 07:33:52,142.0,80.0,185.47,17.0,141.0,8.0,186.88,16.0,163.74,43.47,88.0,33.0,5.8357030424787455,121,55.0,-52.0,0.45,140.0,
2025-05-16 07:33:53,142.0,96.0,181.88,33.0,141.0,12.0,183.73,15.0,161.94,39.88,108.0,48.0,5.542532814516715,156,60.0,35.0,0.38,142.0,5.0
2025-05-16 07:33:54,142.0,60.0,179.0,51.0,141.0,12.0,179.93,29.0,160.5,37.0,72.0,80.0,2.989652153678317,152,-8.0,-4.0,-0.05,142.0,
2025-05-16 07:33:55,142.0,40.0,177.5,40.0,141.0,8.0,179.0,16.0,159.75,35.5,48.0,56.0,2.01973513114783,104,-8.0,-48.0,-0.08,142.0,
2025-05-16 07:33:56,142.0,45.0,174.44,45.0,141.0,9.0,179.0,18.0,158.22,32.44,54.0,63.0,2.1087674124929694,117,-9.0,13.0,-0.08,142.0,
2025-05-16 07:33:57,142.05,42.0,169.53,43.0,141.56,18.0,173.97,35.0,155.79,27.47999999999999,60.0,78.0,2.3494999467954125,138,-18.0,21.0,-0.13,142.0,
2025-05-16 07:33:58,142.0,50.0,144.05,38.0,141.0,12.0,160.49,49.0,143.03,2.050000000000012,62.0,87.0,7.1769958896456165,149,-25.0,11.0,-0.17,142.0,2.0
2025-05-16 07:33:59,142.0,21.0,145.0,28.0,141.0,7.0,172.0,35.0,143.5,3.0,28.0,63.0,8.151826175771207,91,-35.0,-58.0,-0.38,142.0,
2025-05-16 07:34:00,141.41,41.0,144.0,45.0,139.7,37.0,154.88,68.0,142.71,2.5900000000000034,78.0,113.0,7.6804134003311955,191,-35.0,100.0,-0.18,141.75,4.0
2025-05-16 07:34:01,139.36,44.0,141.27,15.0,138.39,46.0,147.8,60.0,140.32,1.9099999999999968,90.0,75.0,6.117127593894487,165,15.0,-26.0,0.09,140.0,2.0
2025-05-16 07:34:02,140.56,63.0,143.21,38.0,138.13,30.0,165.82,45.0,141.88,2.6500000000000057,93.0,83.0,1.2487073315970365,176,10.0,11.0,0.06,139.0,3.0
2025-05-16 07:34:03,143.0,130.0,146.0,52.0,142.0,39.0,174.0,65.0,144.5,3.0,169.0,117.0,1.5927397778621342,286,52.0,110.0,0.18,139.0,
2025-05-16 07:34:04,143.0,120.0,146.0,48.0,142.0,36.0,312.17,60.0,144.5,3.0,156.0,108.0,1.7876856546899953,264,48.0,-22.0,0.18,139.0,
2025-05-16 07:34:05,143.0,90.0,146.0,36.0,142.0,27.0,403.16,37.0,144.5,3.0,117.0,73.0,1.9422152300876845,190,44.0,-74.0,0.23,139.0,
2025-05-16 07:34:06,143.0,58.0,145.62,39.0,142.0,27.0,219.33,18.0,144.31,2.6200000000000045,85.0,57.0,1.153394988711548,142,28.0,-48.0,0.2,143.0,4.0
2025-05-16 07:34:07,142.74,46.0,144.98,46.0,141.45,22.0,194.64,44.0,143.86,2.2399999999999807,68.0,90.0,0.277452698644448,158,-22.0,16.0,-0.14,143.0,6.0
2025-05-16 07:34:08,142.0,21.0,147.0,60.0,139.0,15.0,220.73,75.0,144.5,5.0,36.0,135.0,0.277452698644448,171,-99.0,13.0,-0.58,142.0,2.0
2025-05-16 07:34:09,137.82,28.0,147.0,44.0,137.07,27.0,262.07,43.0,142.41,9.180000000000009,55.0,87.0,0.8815497717003193,142,-32.0,-29.0,-0.23,140.5,2.0
2025-05-16 07:34:10,139.61,23.0,147.0,48.0,136.78,54.0,383.0,12.0,143.3,7.389999999999986,77.0,60.0,0.845417056833351,137,17.0,-5.0,0.12,140.0,4.0
2025-05-16 07:34:11,137.0,16.0,147.0,52.0,136.0,49.0,184.84,49.0,142.0,10.0,65.0,101.0,1.0245389206782436,166,-36.0,29.0,-0.22,140.0,
2025-05-16 07:34:12,137.0,22.0,147.0,44.0,136.0,33.0,165.0,55.0,142.0,10.0,55.0,99.0,1.0680917563507144,154,-44.0,-12.0,-0.29,140.0,
2025-05-16 07:34:13,139.14,21.0,146.86,37.0,136.25,24.0,163.36,44.0,143.0,7.720000000000027,45.0,81.0,0.5893386123309895,126,-36.0,-28.0,-0.29,140.0,
2025-05-16 07:34:14,140.0,30.0,145.33,60.0,136.4,30.0,147.58,48.0,142.67,5.3300000000000125,60.0,108.0,0.5862422707245168,168,-48.0,42.0,-0.29,140.0,
2025-05-16 07:34:15,137.0,22.0,145.0,55.0,136.0,33.0,148.0,44.0,141.0,8.0,55.0,99.0,0.7679713536220233,154,-44.0,-14.0,-0.29,140.0,
2025-05-16 07:34:16,139.12,34.0,143.12,40.0,136.29,21.0,144.41,39.0,141.12,4.0,55.0,79.0,0.8964485484309545,134,-24.0,-20.0,-0.18,140.0,
2025-05-16 07:34:17,140.0,47.0,143.0,45.0,137.0,18.0,144.0,45.0,141.5,3.0,65.0,90.0,0.9182156609337064,155,-25.0,21.0,-0.16,140.0,5.0
2025-05-16 07:34:18,140.0,33.0,143.0,55.0,137.0,22.0,144.0,55.0,141.5,3.0,55.0,110.0,0.66077227543519,165,-55.0,10.0,-0.33,140.0,
2025-05-16 07:34:19,139.25,24.0,141.15,33.0,135.35,69.0,143.84,37.0,140.2,1.9000000000000057,93.0,70.0,0.532428398926645,163,23.0,-2.0,0.14,140.57,7.0
2025-05-16 07:34:20,137.0,36.0,139.9,50.0,135.42,65.0,141.0,10.0,138.45,2.9000000000000057,101.0,60.0,1.2905735159158456,161,41.0,-2.0,0.25,140.57,
2025-05-16 07:34:21,136.46,83.0,139.0,30.0,135.09,250.0,144.33,24.0,137.73,2.539999999999992,333.0,54.0,1.7333868581430742,387,279.0,173.5,0.72,136.78,9.0
2025-05-16 07:34:22,136.75,72.0,141.0,8.0,135.44,102.0,145.0,16.0,138.88,4.25,174.0,24.0,1.5000233331461568,198,150.0,-174.5,0.76,136.78,
2025-05-16 07:34:23,138.7,90.0,144.0,16.0,135.57,111.0,146.58,38.0,141.35,5.300000000000011,201.0,54.0,1.446882856344247,255,147.0,57.0,0.58,136.78,
2025-05-16 07:34:24,139.92,112.0,143.44,54.0,138.58,151.0,145.49,53.0,141.68,3.5200000000000102,263.0,107.0,1.7836115047798466,370,156.0,115.0,0.42,140.0,1.0
2025-05-16 07:34:25,140.08,48.0,141.83,48.0,139.25,96.0,143.09,46.0,140.96,1.75,144.0,94.0,1.7249492746116433,238,50.0,-132.0,0.21,140.2,5.0
2025-05-16 07:34:26,139.64,25.0,141.0,28.0,138.24,89.0,145.0,18.0,140.32,1.3600000000000136,114.0,46.0,1.1054501345530845,160,68.0,-78.0,0.42,141.0,2.0
2025-05-16 07:34:27,139.18,55.0,143.0,20.0,137.93,70.0,315.84,19.0,141.09,3.819999999999993,125.0,39.0,0.5062114182667289,164,86.0,4.0,0.52,140.0,2.0
2025-05-16 07:34:28,139.0,90.0,146.5,20.0,135.16,122.0,184.31,48.0,142.75,7.5,212.0,68.0,0.9150136610913084,280,144.0,116.0,0.51,140.0,
2025-05-16 07:34:29,139.0,63.0,145.0,7.0,135.0,182.0,485.8,25.0,142.0,6.0,245.0,32.0,0.95337820406371,277,213.0,-3.0,0.77,140.0,
2025-05-16 07:34:30,135.59,61.0,145.0,3.0,134.33,30.0,709.0,9.0,140.3,9.409999999999997,91.0,12.0,1.0719934701217564,103,79.0,-174.0,0.77,140.0,
2025-05-16 07:34:31,135.44,41.0,145.0,6.0,134.92,132.0,562.96,24.0,140.22,9.560000000000002,173.0,30.0,1.095340129815246,203,143.0,100.0,0.7,140.0,
2025-05-16 07:34:32,137.33,24.0,145.0,12.0,136.22,125.0,343.36,47.0,141.17,7.6699999999999875,149.0,59.0,1.0925978217000467,208,90.0,5.0,0.43,140.0,
2025-05-16 07:34:33,139.0,8.0,145.0,8.0,137.0,51.0,501.0,32.0,142.0,6.0,59.0,40.0,0.8706434402116866,99,19.0,-109.0,0.19,140.0,
2025-05-16 07:34:34,139.5,8.0,145.0,8.0,137.04,46.0,550.74,38.0,142.25,5.5,54.0,46.0,0.9371606052239144,100,8.0,1.0,0.08,140.0,
2025-05-16 07:34:35,143.0,9.0,145.0,9.0,139.0,9.0,362.67,45.0,144.0,2.0,18.0,54.0,1.404802477213034,72,-36.0,-28.0,-0.5,140.0,
2025-05-16 07:34:36,141.55,11.0,144.69,13.0,137.24,59.0,413.09,47.0,143.12,3.1399999999999864,70.0,60.0,1.0857577998725376,130,10.0,58.0,0.08,143.0,1.0
2025-05-16 07:34:37,139.0,7.0,145.29,7.0,137.0,63.0,383.63,19.0,142.14,6.289999999999992,70.0,26.0,0.8474196126973408,96,44.0,-34.0,0.46,143.0,
2025-05-16 07:34:38,137.47,34.0,144.92,12.0,136.64,113.0,146.0,12.0,141.19,7.449999999999989,147.0,24.0,1.0647300127187422,171,123.0,75.0,0.72,137.5,4.0
2025-05-16 07:34:39,137.0,36.0,142.33,6.0,136.0,51.0,143.33,6.0,139.67,5.3300000000000125,87.0,12.0,1.6849421355001728,99,75.0,-72.0,0.76,137.5,
2025-05-16 07:34:40,137.0,82.0,141.53,15.0,136.0,120.0,143.73,15.0,139.27,4.530000000000001,202.0,30.0,1.6249215365621643,232,172.0,133.0,0.74,137.0,2.0
2025-05-16 07:34:41,137.0,40.0,141.0,14.0,136.0,112.0,143.0,14.0,139.0,4.0,152.0,28.0,1.3523054388647735,180,124.0,-52.0,0.69,137.0,2.0
2025-05-16 07:34:42,136.46,39.0,143.0,12.0,135.8,90.0,332.41,49.0,139.73,6.539999999999992,129.0,61.0,0.8471835692357799,190,68.0,10.0,0.36,137.12,8.0
2025-05-16 07:34:43,140.7,115.0,143.0,12.0,135.16,64.0,343.33,48.0,141.85,2.300000000000012,179.0,60.0,1.1281755182519768,239,119.0,49.0,0.5,142.0,1.0
2025-05-16 07:34:44,142.0,104.0,143.0,11.0,135.0,88.0,203.73,44.0,142.5,1.0,192.0,55.0,1.594819739024861,247,137.0,8.0,0.55,142.0,4.0
2025-05-16 07:34:45,142.0,80.0,143.0,10.0,136.18,68.0,335.6,40.0,142.5,1.0,148.0,50.0,1.6407406863924523,198,98.0,-49.0,0.49,142.0,
2025-05-16 07:34:46,142.0,48.0,143.0,9.0,139.0,45.0,575.41,34.0,142.5,1.0,93.0,43.0,1.1995957652408755,136,50.0,-62.0,0.37,142.0,3.0
2025-05-16 07:34:47,142.0,40.0,143.0,8.0,139.0,40.0,315.75,32.0,142.5,1.0,80.0,40.0,0.2906888370474821,120,40.0,-16.0,0.33,142.0,
2025-05-16 07:34:48,142.0,20.0,143.0,4.0,140.44,36.0,272.75,16.0,142.5,1.0,56.0,20.0,0.0,76,36.0,-44.0,0.47,142.0,
2025-05-16 07:34:49,142.0,45.0,143.0,9.0,141.0,117.0,297.89,36.0,142.5,1.0,162.0,45.0,0.0,207,117.0,131.0,0.57,142.0,
2025-05-16 07:34:50,141.13,75.0,143.0,7.0,140.02,51.0,528.8,40.0,142.07,1.8700000000000043,126.0,47.0,0.1923018460234679,173,79.0,-34.0,0.46,142.0,5.0
2025-05-16 07:34:51,141.09,86.0,190.08,13.0,140.27,82.0,246.4,40.0,165.58,48.99000000000001,168.0,53.0,10.371436737501009,221,115.0,48.0,0.52,143.0,1.0
2025-05-16 07:34:52,141.32,38.0,145.0,42.0,140.88,166.0,264.43,56.0,143.16,3.680000000000007,204.0,98.0,10.303345087882168,302,106.0,81.0,0.35,143.0,
2025-05-16 07:34:53,142.93,46.0,144.25,36.0,141.19,48.0,149.62,39.0,143.59,1.3199999999999932,94.0,75.0,10.190964134957284,169,19.0,-133.0,0.11,143.0,7.0
2025-05-16 07:34:54,142.02,45.0,143.86,36.0,141.02,198.0,213.48,54.0,142.94,1.8400000000000036,243.0,90.0,10.14006262308008,333,153.0,164.0,0.46,143.0,1.0
2025-05-16 07:34:55,141.29,73.0,143.0,30.0,140.75,163.0,295.25,48.0,142.14,1.710000000000008,236.0,78.0,10.130790689772724,314,158.0,-19.0,0.5,142.0,3.0
2025-05-16 07:34:56,141.0,157.0,142.4,40.0,139.0,70.0,233.91,44.0,141.7,1.4000000000000057,227.0,84.0,0.7705063270243596,311,143.0,-3.0,0.46,141.0,5.0
2025-05-16 07:34:57,141.0,35.0,143.0,14.0,139.0,35.0,313.0,28.0,142.0,2.0,70.0,42.0,0.7742609379172607,112,28.0,-174.5,0.25,141.0,3.0
2025-05-16 07:34:58,141.0,60.0,143.0,24.0,139.0,60.0,319.0,48.0,142.0,2.0,120.0,72.0,0.4667761776102516,192,48.0,80.0,0.25,141.0,
2025-05-16 07:34:59,141.0,21.0,258.14,14.0,139.0,25.0,417.8,20.0,199.57,117.14,46.0,34.0,25.764475931017643,80,12.0,-112.0,0.15,141.0,2.0
2025-05-16 07:35:00,141.0,18.0,345.0,24.0,139.5,30.0,568.11,9.0,243.0,204.0,48.0,33.0,46.11267808314752,81,15.0,1.0,0.19,141.0,
2025-05-16 07:35:01,140.29,42.0,329.8,40.0,139.4,50.0,561.18,34.0,235.04,189.51,92.0,74.0,48.76019913823156,166,18.0,85.0,0.11,141.0,3.0
2025-05-16 07:35:02,140.0,41.0,310.8,40.0,139.0,50.0,473.82,34.0,225.4,170.8,91.0,74.0,40.868589650243656,165,17.0,-1.0,0.1,140.0,1.0
2025-05-16 07:35:03,140.74,19.0,389.58,19.0,139.65,43.0,505.06,31.0,265.16,248.84,62.0,50.0,24.04029076363281,112,12.0,-53.0,0.11,140.0,
2025-05-16 07:35:04,139.86,28.0,329.73,30.0,138.85,52.0,462.57,35.0,234.8,189.87,80.0,65.0,15.037579592474676,145,15.0,33.0,0.1,140.4,5.0
2025-05-16 07:35:05,137.1,62.0,138.67,30.0,134.04,75.0,266.93,44.0,137.88,1.5699999999999932,137.0,74.0,48.1064702508925,211,63.0,66.0,0.3,136.43,7.0
2025-05-16 07:35:06,135.0,50.0,137.0,30.0,116.23,52.0,140.0,10.0,136.0,2.0,102.0,40.0,59.280697701697136,142,62.0,-69.0,0.44,136.43,
2025-05-16 07:35:07,135.0,50.0,136.3,30.0,133.0,10.0,436.0,34.0,135.65,1.3000000000000114,60.0,64.0,63.075887786062864,124,-4.0,-18.0,-0.03,136.43,
2025-05-16 07:35:08,140.49,70.0,430.37,41.0,135.21,38.0,535.92,48.0,285.43,289.88,108.0,89.0,70.03286778363425,197,19.0,73.0,0.1,136.0,3.0
2025-05-16 07:35:09,142.0,20.0,421.0,15.0,139.0,10.0,450.0,20.0,281.5,279.0,30.0,35.0,80.50702683617125,65,-5.0,-132.0,-0.08,136.0,
2025-05-16 07:35:11,135.2,59.0,253.92,24.0,133.62,16.0,496.0,34.0,194.56,118.72,75.0,58.0,70.73033132963548,133,17.0,1.0,0.13,136.0,
2025-05-16 07:35:12,136.74,19.0,207.31,13.0,134.89,19.0,385.86,14.0,172.02,70.57,38.0,27.0,58.22485697706794,65,11.0,-68.0,0.17,136.0,
2025-05-16 07:35:13,140.0,36.0,225.87,15.0,136.0,9.0,361.33,18.0,182.93,85.87,45.0,33.0,58.97784728183973,78,12.0,13.0,0.15,136.0,
2025-05-16 07:35:14,140.03,31.0,142.0,11.0,136.92,13.0,254.0,22.0,141.02,1.9699999999999989,44.0,33.0,59.18233714546934,77,11.0,-1.0,0.14,136.0,
2025-05-16 07:35:15,140.5,12.0,142.0,8.0,139.6,20.0,313.62,16.0,141.25,1.5,32.0,24.0,24.364257222414757,56,8.0,-21.0,0.14,141.0,1.0
2025-05-16 07:35:16,135.0,50.0,141.57,14.0,127.32,38.0,382.89,18.0,138.29,6.569999999999993,88.0,32.0,20.817302178716268,120,56.0,64.0,0.47,139.0,4.0
2025-05-16 07:35:17,135.05,58.0,140.2,40.0,128.38,58.0,220.41,29.0,137.63,5.149999999999977,116.0,69.0,19.46765214400499,185,47.0,65.0,0.25,136.5,4.0
2025-05-16 07:35:18,135.92,104.0,139.29,42.0,129.15,52.0,268.0,28.0,137.6,3.3700000000000045,156.0,70.0,1.82750376196,226,86.0,41.0,0.38,135.0,2.0
2025-05-16 07:35:19,135.81,74.0,139.0,21.0,128.3,43.0,298.76,17.0,137.41,3.1899999999999977,117.0,38.0,1.6078805925744637,155,79.0,-71.0,0.51,135.0,
2025-05-16 07:35:20,135.0,119.0,213.51,37.0,80.33,72.0,333.64,36.0,174.26,78.50999999999999,191.0,73.0,16.338983138493674,264,118.0,109.0,0.45,138.0,3.0
2025-05-16 07:35:21,135.0,70.0,195.31,13.0,82.59,51.0,213.0,12.0,165.15,60.31,121.0,25.0,17.906106500297128,146,96.0,-118.0,0.66,138.0,
2025-05-16 07:35:22,135.0,108.0,195.0,27.0,80.94,68.0,196.0,18.0,165.0,60.0,176.0,45.0,17.191792518524217,221,131.0,75.0,0.59,135.0,2.0
2025-05-16 07:35:23,135.0,85.0,150.9,30.0,92.0,40.0,237.46,28.0,142.95,15.900000000000006,125.0,58.0,15.886237125259893,183,67.0,-38.0,0.37,135.0,5.0
2025-05-16 07:35:24,135.0,35.0,139.0,15.0,114.0,15.0,280.0,13.0,137.0,4.0,50.0,28.0,16.012890744646505,78,22.0,-105.0,0.28,135.0,
2025-05-16 07:35:25,136.84,76.0,152.26,19.0,127.78,59.0,394.83,23.0,144.55,15.419999999999987,135.0,42.0,13.215549553461004,177,93.0,99.0,0.53,138.0,3.0
2025-05-16 07:35:26,142.0,38.0,284.18,17.0,137.73,77.0,527.56,18.0,213.09,142.18,115.0,35.0,31.227437775135947,150,80.0,-27.0,0.53,142.0,2.0
2025-05-16 07:35:27,142.0,20.0,341.93,15.0,141.0,70.0,435.89,18.0,241.97,199.93,90.0,33.0,48.29615740408334,123,57.0,-27.0,0.46,142.0,
2025-05-16 07:35:28,142.0,18.0,349.89,18.0,141.0,63.0,417.11,18.0,245.94,207.89,81.0,36.0,52.50265374245383,117,45.0,-6.0,0.38,142.0,
2025-05-16 07:35:29,142.0,8.0,308.75,8.0,141.0,28.0,425.44,9.0,225.38,166.75,36.0,17.0,41.09728251356783,53,19.0,-64.0,0.36,142.0,
2025-05-16 07:35:30,142.78,18.0,351.75,8.0,141.22,18.0,463.0,12.0,247.26,208.97,36.0,20.0,14.923091837820186,56,16.0,3.0,0.29,142.0,
2025-05-16 07:35:31,143.0,70.0,350.25,16.0,142.0,16.0,459.32,34.0,246.62,207.25,86.0,50.0,9.208136619317605,136,36.0,80.0,0.26,143.0,1.0
2025-05-16 07:35:32,143.0,60.0,345.82,11.0,142.0,12.0,449.93,27.0,244.41,202.82,72.0,38.0,9.307761277558532,110,34.0,-26.0,0.31,143.0,
2025-05-16 07:35:33,143.0,108.0,224.58,31.0,142.0,30.0,298.18,50.0,183.79,81.58000000000001,138.0,81.0,27.09796246952921,219,57.0,109.0,0.26,143.0,3.0
2025-05-16 07:35:34,143.0,70.0,182.33,30.0,142.0,20.0,267.29,35.0,162.67,39.33000000000001,90.0,65.0,40.616993364846806,155,25.0,-64.0,0.16,143.0,
2025-05-16 07:35:35,143.0,84.0,180.47,38.0,142.0,24.0,181.71,34.0,161.74,37.47,108.0,72.0,42.61946304213607,180,36.0,25.0,0.2,143.0,
2025-05-16 07:35:36,143.0,28.0,179.71,56.0,142.0,28.0,181.0,28.0,161.36,36.71000000000001,56.0,84.0,35.725292581027176,140,-28.0,-40.0,-0.2,143.0,5.0
2025-05-16 07:35:37,142.29,28.0,176.08,48.0,141.2,87.0,177.89,36.0,159.18,33.79000000000002,115.0,84.0,10.166674480870762,199,31.0,59.0,0.16,142.4,5.0
2025-05-16 07:35:38,142.0,20.0,173.44,36.0,141.0,70.0,175.33,24.0,157.72,31.44,90.0,60.0,2.02799901380324,150,30.0,-49.0,0.2,142.4,
2025-05-16 07:35:39,141.25,55.0,168.48,42.0,140.73,67.0,169.67,36.0,154.87,27.22999999999999,122.0,78.0,2.8196418212224037,200,44.0,50.0,0.22,141.0,1.0
2025-05-16 07:35:40,141.0,60.0,165.31,26.0,140.0,30.0,166.27,22.0,153.15,24.31,90.0,48.0,3.290597210231885,138,42.0,-62.0,0.3,141.0,
2025-05-16 07:35:41,141.0,168.0,160.31,35.0,140.0,39.0,160.7,40.0,150.66,19.31,207.0,75.0,3.4306894350822827,282,132.0,144.0,0.47,141.0,2.0
2025-05-16 07:35:42,141.0,83.0,155.66,64.0,140.0,54.0,156.58,57.0,148.33,14.659999999999997,137.0,121.0,3.642379716611723,258,16.0,-24.0,0.06,141.0,2.0
2025-05-16 07:35:43,141.0,60.0,147.36,61.0,140.0,45.0,148.63,63.0,144.18,6.360000000000014,105.0,124.0,4.196816650746574,229,-19.0,-29.0,-0.08,141.0,
2025-05-16 07:35:44,140.9,29.0,142.81,32.0,139.92,26.0,144.39,36.0,141.85,1.9099999999999968,55.0,68.0,4.622015793999736,123,-13.0,-106.0,-0.11,141.0,4.0
2025-05-16 07:35:45,139.39,23.0,143.37,41.0,137.29,41.0,146.28,29.0,141.38,3.980000000000018,64.0,70.0,4.075285266086591,134,-6.0,11.0,-0.04,140.0,3.0
2025-05-16 07:35:46,138.42,43.0,140.34,74.0,136.65,79.0,159.44,41.0,139.38,1.920000000000016,122.0,115.0,3.4223427648296694,237,7.0,103.0,0.03,139.5,4.0
2025-05-16 07:35:47,137.68,31.0,146.02,49.0,135.47,98.0,235.06,36.0,141.85,8.340000000000003,129.0,85.0,1.708528606720313,214,44.0,-23.0,0.21,138.0,3.0
2025-05-16 07:35:48,135.11,108.0,161.93,28.0,101.89,160.0,164.0,56.0,148.52,26.819999999999997,268.0,84.0,3.465116159666501,352,184.0,138.0,0.52,135.4,10.0
2025-05-16 07:35:49,135.0,80.0,161.0,32.0,131.0,176.0,194.07,58.0,148.0,26.0,256.0,90.0,4.156630847210547,346,166.0,-6.0,0.48,135.0,4.0
2025-05-16 07:35:50,135.0,21.0,160.38,26.0,131.22,111.0,206.15,40.0,147.69,25.379999999999995,132.0,66.0,4.186128282790988,198,66.0,-148.0,0.33,135.0,2.0
2025-05-16 07:35:51,138.6,40.0,159.44,18.0,133.67,18.0,267.33,33.0,149.02,20.840000000000003,58.0,51.0,2.9320692351960616,109,7.0,-89.0,0.06,135.0,
2025-05-16 07:35:52,139.0,54.0,155.0,18.0,135.0,9.0,192.19,21.0,147.0,16.0,63.0,39.0,0.7740025839643754,102,24.0,-7.0,0.24,135.0,
2025-05-16 07:35:53,140.36,33.0,154.25,16.0,138.64,33.0,183.49,39.0,147.31,13.889999999999986,66.0,55.0,0.7779010219709497,121,11.0,19.0,0.09,135.0,
2025-05-16 07:35:54,142.04,24.0,152.82,22.0,139.1,62.0,184.0,44.0,147.43,10.78,86.0,66.0,0.7837410286462019,152,20.0,31.0,0.13,142.0,1.0
2025-05-16 07:35:55,143.0,8.0,151.25,16.0,142.0,16.0,237.67,18.0,147.12,8.25,24.0,34.0,0.8241541117918205,58,-10.0,-94.0,-0.17,142.0,
2025-05-16 07:35:56,143.0,14.0,148.0,30.0,142.0,28.0,257.16,25.0,145.5,5.0,42.0,55.0,0.7847738527646576,97,-13.0,39.0,-0.13,142.0,
2025-05-16 07:35:57,139.67,36.0,144.93,30.0,138.03,64.0,146.0,36.0,142.3,5.260000000000019,100.0,66.0,2.175561996354665,166,34.0,69.0,0.2,143.0,1.0
2025-05-16 07:35:58,140.0,26.0,143.08,25.0,139.0,60.0,145.39,36.0,141.54,3.0800000000000125,86.0,61.0,2.7232554048385302,147,25.0,-19.0,0.17,140.0,3.0
2025-05-16 07:35:59,139.67,54.0,141.75,48.0,137.32,112.0,193.5,42.0,140.71,2.0800000000000125,166.0,90.0,2.7453742914185204,256,76.0,109.0,0.3,140.0,6.0
2025-05-16 07:36:00,141.75,32.0,143.75,16.0,139.2,20.0,277.0,24.0,142.75,2.0,52.0,40.0,1.8172919413185695,92,12.0,-164.0,0.13,142.0,2.0
2025-05-16 07:36:01,139.69,52.0,143.0,11.0,138.47,19.0,374.38,26.0,141.35,3.3100000000000023,71.0,37.0,0.8040833290033564,108,34.0,16.0,0.31,141.8,5.0
2025-05-16 07:36:02,139.0,60.0,142.33,12.0,138.0,24.0,278.58,31.0,140.67,3.3300000000000125,84.0,43.0,0.8446182569545829,127,41.0,19.0,0.32,141.8,
2025-05-16 07:36:03,140.24,34.0,276.45,31.0,138.81,43.0,432.95,21.0,208.34,136.20999999999998,77.0,52.0,29.961705225170103,129,25.0,2.0,0.19,141.0,2.0
2025-05-16 07:36:04,143.0,33.0,303.91,33.0,142.0,22.0,486.86,28.0,223.45,160.91000000000005,55.0,61.0,41.05449208064802,116,-6.0,-13.0,-0.05,141.0,
2025-05-16 07:36:05,142.0,16.0,340.0,20.0,138.47,19.0,586.71,28.0,241.0,198.0,35.0,48.0,47.04227428600787,83,-13.0,-33.0,-0.16,143.0,3.0
2025-05-16 07:36:06,142.0,20.0,361.2,20.0,139.0,30.0,580.0,40.0,251.6,219.2,50.0,60.0,43.69355295692952,110,-10.0,27.0,-0.09,143.0,
2025-05-16 07:36:08,140.76,37.0,380.0,16.0,138.88,24.0,616.25,32.0,260.38,239.24,61.0,48.0,34.208776359291484,109,13.0,32.0,0.12,142.0,2.0
2025-05-16 07:36:09,141.0,68.0,202.62,13.0,139.0,36.0,356.65,31.0,171.81,61.620000000000005,104.0,44.0,50.976492425430905,148,60.0,39.0,0.41,142.0,
2025-05-16 07:36:10,141.0,42.0,148.17,12.0,139.0,36.0,150.0,24.0,144.58,7.169999999999988,78.0,36.0,69.17455543767524,114,42.0,-34.0,0.37,141.0,3.0
2025-05-16 07:36:11,140.56,18.0,146.36,11.0,138.64,33.0,150.0,22.0,143.46,5.800000000000011,51.0,33.0,76.64895420030201,84,18.0,-30.0,0.21,140.0,4.0
2025-05-16 07:36:12,139.0,8.0,144.88,8.0,138.0,24.0,161.85,26.0,141.94,5.879999999999996,32.0,34.0,50.69543943985476,66,-2.0,-18.0,-0.03,140.0,
2025-05-16 07:36:13,139.0,11.0,142.88,8.0,138.0,24.0,148.0,32.0,140.94,3.879999999999996,35.0,40.0,13.079571093884214,75,-5.0,9.0,-0.07,140.0,
2025-05-16 07:36:14,138.73,11.0,141.55,11.0,137.62,39.0,451.03,29.0,140.14,2.8200000000000216,50.0,40.0,1.813151951704192,90,10.0,15.0,0.11,138.33,3.0
2025-05-16 07:36:15,138.97,33.0,268.44,9.0,137.62,13.0,584.0,18.0,203.71,129.47,46.0,27.0,27.795122233945552,73,19.0,-17.0,0.26,140.0,1.0
2025-05-16 07:36:16,139.42,33.0,310.12,17.0,136.91,11.0,599.83,23.0,224.77,170.70000000000002,44.0,40.0,40.801757927814606,84,4.0,11.0,0.05,139.6,5.0
2025-05-16 07:36:17,137.0,9.0,300.6,20.0,135.0,36.0,479.2,10.0,218.8,163.60000000000002,45.0,30.0,41.90943294772657,75,15.0,-9.0,0.2,137.0,4.0
2025-05-16 07:36:18,125.5,10.0,228.25,16.0,101.1,40.0,340.71,14.0,176.88,102.75,50.0,30.0,34.79803514568019,80,20.0,5.0,0.25,135.4,5.0
2025-05-16 07:36:19,119.3,10.0,203.18,22.0,97.64,14.0,218.83,24.0,161.24,83.88000000000001,24.0,46.0,27.271766536108277,70,-22.0,-10.0,-0.31,135.4,
2025-05-16 07:36:20,135.0,58.0,144.0,12.0,105.0,8.0,201.8,20.0,139.5,9.0,66.0,32.0,36.81681572325326,98,34.0,28.0,0.35,135.4,
2025-05-16 07:36:21,135.13,113.0,141.62,26.0,128.29,51.0,164.38,13.0,138.37,6.490000000000009,164.0,39.0,33.12834918917599,203,125.0,105.0,0.62,140.0,1.0
2025-05-16 07:36:22,135.27,30.0,139.18,22.0,133.8,50.0,147.09,11.0,137.22,3.9099999999999966,80.0,33.0,17.717551185193965,113,47.0,-90.0,0.42,140.0,
2025-05-16 07:36:23,135.65,89.0,138.4,35.0,134.29,157.0,215.56,41.0,137.03,2.75,246.0,76.0,10.4270786896409,322,170.0,173.5,0.53,137.88,8.0
2025-05-16 07:36:24,137.0,120.0,139.0,12.0,135.0,84.0,365.58,12.0,138.0,2.0,204.0,24.0,0.9916299712900178,228,180.0,-94.0,0.79,137.88,
2025-05-16 07:36:25,135.44,45.0,139.0,6.0,99.55,22.0,274.67,6.0,137.22,3.5600000000000023,67.0,12.0,0.5834123755632759,79,55.0,-149.0,0.7,137.88,
2025-05-16 07:36:26,136.26,19.0,139.0,5.0,129.97,31.0,297.14,14.0,137.63,2.740000000000009,50.0,19.0,0.3913438385362687,69,31.0,-10.0,0.45,137.88,
2025-05-16 07:36:27,135.97,80.0,260.91,23.0,133.53,53.0,327.25,32.0,198.44,124.94000000000004,133.0,55.0,27.26919195722467,188,78.0,119.0,0.41,136.67,6.0
2025-05-16 07:36:28,136.88,85.0,321.0,44.0,135.14,112.0,450.21,38.0,228.94,184.12,197.0,82.0,43.04071305171392,279,115.0,91.0,0.41,136.67,
2025-05-16 07:36:29,143.0,33.0,321.0,32.0,137.65,46.0,507.54,26.0,232.0,178.0,79.0,58.0,46.984475946848505,137,21.0,-142.0,0.15,143.0,4.0
2025-05-16 07:36:30,143.0,8.0,222.0,32.0,141.14,70.0,323.88,32.0,182.5,79.0,78.0,64.0,38.65312432391449,142,14.0,5.0,0.1,143.0,
2025-05-16 07:36:31,143.0,8.0,253.88,32.0,142.0,88.0,344.0,32.0,198.44,110.88,96.0,64.0,21.4912791615575,160,32.0,18.0,0.2,143.0,
2025-05-16 07:36:32,143.0,8.0,349.75,32.0,142.0,88.0,499.88,32.0,246.38,206.75,96.0,64.0,26.283769136103743,160,32.0,0.0,0.2,143.0,
2025-05-16 07:36:33,143.0,8.0,329.0,32.0,142.0,88.0,497.62,32.0,236.0,186.0,96.0,64.0,27.214920172581817,160,32.0,0.0,0.2,142.33,3.0
2025-05-16 07:36:34,142.0,81.0,198.93,29.0,141.0,99.0,347.89,36.0,170.47,56.93000000000001,180.0,65.0,33.164197864564656,245,115.0,85.0,0.47,142.33,
2025-05-16 07:36:35,142.0,99.0,226.56,43.0,141.0,121.0,366.68,37.0,184.28,84.56,220.0,80.0,32.84673621533797,300,140.0,55.0,0.47,142.33,
2025-05-16 07:36:36,142.17,71.0,153.0,52.0,141.35,119.0,188.69,39.0,147.58,10.830000000000013,190.0,91.0,42.62435712125157,281,99.0,-19.0,0.35,142.0,2.0
2025-05-16 07:36:37,143.0,21.0,153.0,24.0,142.0,42.0,333.53,19.0,148.0,10.0,63.0,43.0,36.34151180124432,106,20.0,-174.5,0.19,142.0,
2025-05-16 07:36:38,142.29,17.0,152.0,32.0,141.51,68.0,278.43,28.0,147.15,9.710000000000008,85.0,60.0,17.038545419136316,145,25.0,39.0,0.17,142.25,4.0
2025-05-16 07:36:39,142.0,40.0,151.38,42.0,141.0,110.0,238.8,40.0,146.69,9.379999999999995,150.0,82.0,16.520558404605122,232,68.0,87.0,0.29,142.25,
2025-05-16 07:36:40,141.12,137.0,148.0,70.0,139.33,99.0,149.77,65.0,144.56,6.879999999999996,236.0,135.0,1.3416892337516664,371,101.0,139.0,0.27,142.0,4.0
2025-05-16 07:36:41,141.0,147.0,144.44,43.0,138.28,80.0,145.77,62.0,142.72,3.4399999999999977,227.0,105.0,2.14916960707262,332,122.0,-39.0,0.37,141.0,8.0
2025-05-16 07:36:42,141.0,17.0,143.2,20.0,140.0,45.0,167.11,36.0,142.1,2.1999999999999886,62.0,56.0,2.271944101417141,118,6.0,-174.5,0.05,141.0,2.0
2025-05-16 07:36:43,140.23,26.0,142.25,32.0,139.11,54.0,150.56,36.0,141.24,2.0200000000000102,80.0,68.0,2.17764092539692,148,12.0,30.0,0.08,141.0,1.0
2025-05-16 07:36:44,140.0,32.0,141.1,40.0,138.0,60.0,176.4,40.0,140.55,1.0999999999999943,92.0,80.0,1.5401558362591066,172,12.0,24.0,0.07,140.0,3.0
2025-05-16 07:36:45,138.43,63.0,188.37,41.0,137.25,168.0,231.04,51.0,163.4,49.94,231.0,92.0,9.760743824113248,323,139.0,151.0,0.43,139.33,6.0
2025-05-16 07:36:46,137.7,63.0,156.43,28.0,137.01,185.0,257.39,31.0,147.06,18.730000000000015,248.0,59.0,9.587351041865803,307,189.0,-16.0,0.62,138.14,7.0
2025-05-16 07:36:47,137.0,252.0,163.67,24.0,135.0,60.0,270.73,30.0,150.33,26.669999999999987,312.0,54.0,9.264735830015123,366,258.0,59.0,0.7,138.14,
2025-05-16 07:36:48,137.12,172.0,162.0,24.0,136.32,127.0,224.0,27.0,149.56,24.879999999999995,299.0,51.0,8.33136543430708,350,248.0,-16.0,0.71,138.14,
2025-05-16 07:36:49,142.95,74.0,161.5,24.0,137.43,92.0,291.49,45.0,152.22,18.55000000000001,166.0,69.0,6.360690214117319,235,97.0,-115.0,0.41,143.0,2.0
2025-05-16 07:36:50,143.0,80.0,161.0,20.0,142.0,10.0,196.25,32.0,152.0,18.0,90.0,52.0,2.0976606017101163,142,38.0,-93.0,0.27,143.0,
2025-05-16 07:36:51,143.0,84.0,161.0,24.0,142.0,12.0,377.63,38.0,152.0,18.0,96.0,62.0,1.2004665759475537,158,34.0,16.0,0.22,143.0,4.0
2025-05-16 07:36:52,143.0,24.0,161.0,12.0,142.0,6.0,236.0,24.0,152.0,18.0,30.0,36.0,1.1198571337306318,66,-6.0,-92.0,-0.09,143.0,
2025-05-16 07:36:53,143.0,69.0,160.58,24.0,142.0,12.0,161.58,24.0,151.79,17.580000000000013,81.0,48.0,0.1520526223633244,129,33.0,63.0,0.26,143.0,
2025-05-16 07:36:54,143.0,55.0,159.9,20.0,142.0,10.0,162.0,20.0,151.45,16.900000000000006,65.0,40.0,0.2403539056630947,105,25.0,-24.0,0.24,143.0,1.0
2025-05-16 07:36:55,143.0,38.0,157.5,16.0,142.0,8.0,290.0,16.0,150.25,14.5,46.0,32.0,0.7329870394265975,78,14.0,-27.0,0.18,143.0,
2025-05-16 07:36:56,143.0,8.0,156.5,12.0,142.0,6.0,429.06,17.0,149.75,13.5,14.0,29.0,0.9924817378507212,43,-15.0,-35.0,-0.35,143.0,2.0
2025-05-16 07:36:57,137.0,160.0,155.19,31.0,135.0,28.0,315.16,19.0,146.1,18.19,188.0,50.0,2.266852443359884,238,138.0,173.5,0.58,139.2,5.0
2025-05-16 07:36:58,137.0,291.0,151.88,80.0,135.0,42.0,154.64,77.0,144.44,14.879999999999995,333.0,157.0,2.9798942934215065,490,176.0,173.5,0.36,137.0,7.0
2025-05-16 07:36:59,137.0,156.0,144.68,57.0,135.0,36.0,146.67,30.0,140.84,7.680000000000007,192.0,87.0,3.899144778020584,279,105.0,-174.5,0.38,137.0,
2025-05-16 07:37:00,137.0,156.0,140.43,23.0,135.0,36.0,142.3,33.0,138.72,3.430000000000007,192.0,56.0,4.345273294047712,248,136.0,-31.0,0.55,138.0,1.0
2025-05-16 07:37:01,137.47,103.0,140.78,49.0,136.66,94.0,143.03,59.0,139.12,3.3100000000000023,197.0,108.0,3.280256087558304,305,89.0,57.0,0.29,139.0,7.0
2025-05-16 07:37:02,137.33,63.0,142.26,34.0,136.67,72.0,552.74,43.0,139.8,4.929999999999978,135.0,77.0,2.300365188391348,212,58.0,-93.0,0.27,142.5,2.0
2025-05-16 07:37:03,139.0,27.0,140.78,36.0,137.0,102.0,396.33,27.0,139.89,1.7800000000000011,129.0,63.0,0.8122684285150897,192,66.0,-20.0,0.34,142.5,
2025-05-16 07:37:04,138.09,22.0,233.26,39.0,136.27,62.0,357.79,29.0,185.67,95.17,84.0,68.0,20.706072780707743,152,16.0,-40.0,0.11,139.0,3.0
2025-05-16 07:37:05,136.64,25.0,296.22,45.0,135.89,81.0,395.33,27.0,216.43,159.58000000000004,106.0,72.0,35.37044910656314,178,34.0,26.0,0.19,137.0,2.0
2025-05-16 07:37:06,136.0,72.0,294.25,8.0,135.0,72.0,296.0,40.0,215.12,158.25,144.0,48.0,38.1302067919908,192,96.0,14.0,0.5,137.0,
2025-05-16 07:37:07,136.0,99.0,267.69,13.0,135.0,99.0,295.92,51.0,201.85,131.69,198.0,64.0,31.55822586901849,262,134.0,70.0,0.51,137.0,
2025-05-16 07:37:08,136.11,54.0,289.85,39.0,135.27,99.0,290.8,35.0,212.98,153.74,153.0,74.0,12.945757992485191,227,79.0,-35.0,0.35,136.4,5.0
2025-05-16 07:37:09,136.0,17.0,282.92,60.0,135.0,108.0,285.25,40.0,209.46,146.92000000000002,125.0,100.0,5.838079307443201,225,25.0,-2.0,0.11,136.0,5.0
2025-05-16 07:37:10,135.03,91.0,244.28,46.0,117.1,50.0,273.23,52.0,189.66,109.25,141.0,98.0,10.343011166966514,239,43.0,14.0,0.18,135.5,2.0
2025-05-16 07:37:11,135.0,72.0,211.38,29.0,104.4,30.0,190.45,29.0,173.19,76.38,102.0,58.0,16.232762241836426,160,44.0,-79.0,0.28,135.5,
2025-05-16 07:37:12,135.0,76.0,144.47,15.0,94.25,32.0,145.22,51.0,139.73,9.47,108.0,66.0,29.96554905220302,174,42.0,14.0,0.24,135.0,4.0
2025-05-16 07:37:13,135.0,55.0,142.12,40.0,91.95,42.0,144.91,54.0,138.56,7.1200000000000045,97.0,94.0,31.058242867232178,191,3.0,17.0,0.02,141.0,4.0
2025-05-16 07:37:14,141.11,37.0,144.0,40.0,135.38,21.0,376.62,40.0,142.55,2.8899999999999864,58.0,80.0,23.321328649971285,138,-22.0,-53.0,-0.16,141.0,5.0
2025-05-16 07:37:15,142.33,36.0,214.87,39.0,136.75,16.0,477.53,38.0,178.6,72.53999999999999,52.0,77.0,19.65427256349037,129,-25.0,-9.0,-0.19,143.0,9.0
2025-05-16 07:37:18,142.0,88.0,356.19,26.0,140.0,80.0,433.33,21.0,249.1,214.19,168.0,47.0,78.59474645292784,215,121.0,-64.0,0.56,143.0,
2025-05-16 07:37:19,142.0,91.0,232.83,36.0,140.0,90.0,314.19,36.0,187.42,90.83,181.0,72.0,66.2652534892912,253,109.0,38.0,0.43,142.0,4.0
2025-05-16 07:37:20,142.0,32.0,333.97,32.0,140.0,80.0,381.85,34.0,237.98,191.97000000000003,112.0,66.0,54.80574896851628,178,46.0,-75.0,0.26,142.0,4.0
2025-05-16 07:37:21,142.0,39.0,355.64,39.0,140.0,130.0,370.8,61.0,248.82,213.64,169.0,100.0,43.39595810671792,269,69.0,91.0,0.26,142.0,
2025-05-16 07:37:22,142.0,30.0,268.0,30.0,140.12,68.0,340.06,34.0,205.0,126.0,98.0,64.0,27.958606546106772,162,34.0,-107.0,0.21,142.0,
2025-05-16 07:37:23,142.0,30.0,240.81,26.0,141.0,20.0,297.86,14.0,191.4,98.81,50.0,40.0,27.7743241141886,90,10.0,-72.0,0.11,142.0,
2025-05-16 07:37:24,142.0,27.0,221.93,29.0,141.0,18.0,249.58,31.0,181.97,79.93,45.0,60.0,29.156851338922,105,-15.0,15.0,-0.14,142.0,
2025-05-16 07:37:25,142.33,36.0,217.22,46.0,141.53,34.0,303.54,52.0,179.78,74.88999999999999,70.0,98.0,28.313272152825988,168,-28.0,63.0,-0.17,142.0,
2025-05-16 07:37:26,143.0,30.0,213.44,54.0,142.0,45.0,214.53,51.0,178.22,70.44,75.0,105.0,11.152380015045404,180,-30.0,12.0,-0.17,142.0,
2025-05-16 07:37:27,142.0,24.0,211.3,40.0,140.46,78.0,213.45,44.0,176.65,69.30000000000001,102.0,84.0,5.818421607272991,186,18.0,6.0,0.1,142.4,5.0
2025-05-16 07:37:28,141.0,24.0,193.47,43.0,140.0,120.0,206.67,45.0,167.23,52.47,144.0,88.0,5.683937895506838,232,56.0,46.0,0.24,142.4,
2025-05-16 07:37:29,140.55,42.0,182.64,56.0,139.98,122.0,188.26,53.0,161.6,42.089999999999975,164.0,109.0,7.895095312912735,273,55.0,41.0,0.2,140.67,3.0
2025-05-16 07:37:30,140.0,72.0,167.0,32.0,139.0,8.0,169.0,32.0,153.5,27.0,80.0,64.0,10.36226085369279,144,16.0,-129.0,0.11,140.67,
2025-05-16 07:37:31,140.09,85.0,164.88,50.0,139.8,45.0,175.74,46.0,152.49,24.789999999999992,130.0,96.0,10.05476653135076,226,34.0,82.0,0.15,140.67,
2025-05-16 07:37:32,140.11,76.0,162.31,39.0,139.82,44.0,163.2,45.0,151.21,22.19999999999999,120.0,84.0,6.923057850398836,204,36.0,-22.0,0.18,142.0,1.0
2025-05-16 07:37:33,140.0,63.0,160.64,44.0,139.0,11.0,162.0,33.0,150.32,20.639999999999983,74.0,77.0,4.512807330251031,151,-3.0,-53.0,-0.02,140.0,4.0
2025-05-16 07:37:34,140.0,70.0,158.32,53.0,139.0,14.0,159.47,45.0,149.16,18.319999999999997,84.0,98.0,1.7173904622904783,182,-14.0,31.0,-0.08,140.0,
2025-05-16 07:37:35,140.0,60.0,155.53,45.0,139.0,12.0,156.64,39.0,147.77,15.53,72.0,84.0,1.821029928355308,156,-12.0,-26.0,-0.08,140.0,
2025-05-16 07:37:36,140.0,60.0,151.39,61.0,139.0,16.0,153.12,51.0,145.7,11.389999999999986,76.0,112.0,2.174504541261081,188,-36.0,32.0,-0.19,140.0,2.0
2025-05-16 07:37:37,140.0,34.0,145.12,50.0,139.0,14.0,146.08,52.0,142.56,5.1200000000000045,48.0,102.0,3.067265883480613,150,-54.0,-38.0,-0.36,140.0,2.0
2025-05-16 07:37:38,139.5,14.0,141.31,49.0,138.2,35.0,143.14,49.0,140.4,1.8100000000000025,49.0,98.0,3.623274761864333,147,-49.0,-3.0,-0.33,140.0,1.0
2025-05-16 07:37:39,137.67,33.0,140.0,36.0,137.48,46.0,144.0,48.0,138.83,2.3300000000000125,79.0,84.0,3.68686452150902,163,-5.0,16.0,-0.03,139.0,1.0
2025-05-16 07:37:40,138.76,102.0,141.06,66.0,137.26,70.0,174.3,80.0,139.91,2.300000000000012,172.0,146.0,2.7216079805808007,318,26.0,155.0,0.08,139.0,3.0
2025-05-16 07:37:41,139.0,52.0,142.4,40.0,137.0,42.0,239.64,39.0,140.7,3.4000000000000057,94.0,79.0,1.3627729084336084,173,15.0,-145.0,0.09,140.6,5.0
2025-05-16 07:37:42,139.0,27.0,140.56,36.0,137.0,27.0,214.59,29.0,139.78,1.5600000000000025,54.0,65.0,0.7152831606855504,119,-11.0,-54.0,-0.09,140.0,4.0
2025-05-16 07:37:43,139.95,22.0,168.62,32.0,138.17,36.0,214.78,36.0,154.29,28.670000000000016,58.0,68.0,6.51182539691918,126,-10.0,7.0,-0.08,140.0,
2025-05-16 07:37:44,142.0,10.0,243.48,33.0,140.0,50.0,351.16,32.0,192.74,101.48,60.0,65.0,22.78797336315732,125,-5.0,-1.0,-0.04,140.0,
2025-05-16 07:37:45,142.0,15.0,222.18,44.0,140.0,75.0,327.93,43.0,182.09,80.18,90.0,87.0,24.26616059453931,177,3.0,52.0,0.02,140.0,
2025-05-16 07:37:47,140.0,16.0,402.33,9.0,139.0,21.0,447.14,21.0,271.17,262.33,37.0,30.0,69.42808171050102,67,7.0,-41.0,0.1,140.0,3.0
2025-05-16 07:37:48,140.0,5.0,423.0,15.0,137.4,30.0,547.2,15.0,281.5,283.0,35.0,30.0,60.02381885551786,65,5.0,-2.0,0.08,140.0,
2025-05-16 07:37:50,140.0,13.0,348.47,19.0,139.0,78.0,487.54,35.0,244.24,208.47000000000003,91.0,54.0,31.3400781747596,145,37.0,20.0,0.26,140.0,
2025-05-16 07:37:51,140.0,9.0,185.65,37.0,139.0,54.0,263.89,27.0,162.82,45.650000000000006,63.0,64.0,56.73782089576605,127,-1.0,-18.0,-0.01,140.0,
2025-05-16 07:37:52,140.38,32.0,182.25,24.0,138.27,52.0,184.0,60.0,161.31,41.870000000000005,84.0,84.0,68.6581057122902,168,0.0,41.0,0.0,140.29,7.0
2025-05-16 07:37:53,140.47,64.0,179.6,35.0,137.71,79.0,183.08,48.0,160.03,39.13,143.0,83.0,68.46055557764632,226,60.0,58.0,0.27,140.29,
2025-05-16 07:37:54,141.78,36.0,144.13,54.0,139.89,36.0,150.67,61.0,142.95,2.3499999999999943,72.0,115.0,39.93302204942649,187,-43.0,-39.0,-0.23,142.57,7.0
2025-05-16 07:37:55,138.22,54.0,142.39,56.0,137.74,54.0,143.88,64.0,140.31,4.169999999999988,108.0,120.0,10.90615330902557,228,-12.0,41.0,-0.05,139.75,8.0
2025-05-16 07:37:56,137.07,108.0,140.36,58.0,136.14,35.0,145.71,42.0,138.72,3.2900000000000205,143.0,100.0,11.072821681936654,243,43.0,15.0,0.18,138.0,4.0
2025-05-16 07:37:57,137.58,72.0,141.4,40.0,136.79,29.0,275.4,10.0,139.49,3.819999999999993,101.0,50.0,8.936554145752371,151,51.0,-92.0,0.34,138.0,
2025-05-16 07:37:58,138.0,18.0,140.33,49.0,137.0,39.0,190.53,34.0,139.16,2.3300000000000125,57.0,83.0,1.682507057923265,140,-26.0,-11.0,-0.19,138.0,5.0
2025-05-16 07:37:59,137.05,19.0,139.11,28.0,136.09,33.0,197.18,17.0,138.08,2.0600000000000023,52.0,45.0,0.8353262835330172,97,7.0,-43.0,0.07,137.33,3.0
2025-05-16 07:38:00,136.18,11.0,139.0,9.0,135.29,21.0,270.8,5.0,137.59,2.819999999999993,32.0,14.0,0.7762538244419689,46,18.0,-51.0,0.39,137.0,1.0
2025-05-16 07:38:01,136.91,105.0,139.73,15.0,135.11,80.0,205.61,57.0,138.32,2.819999999999993,185.0,72.0,0.782412934428324,257,113.0,173.5,0.44,137.0,4.0
2025-05-16 07:38:02,137.0,51.0,139.0,14.0,135.0,56.0,140.0,7.0,138.0,2.0,107.0,21.0,0.5826662852444618,128,86.0,-129.0,0.67,137.0,5.0
2025-05-16 07:38:03,138.35,52.0,294.76,21.0,133.46,70.0,394.04,24.0,216.55,156.41,122.0,45.0,35.130731133865815,167,77.0,39.0,0.46,137.6,5.0
2025-05-16 07:38:04,143.0,32.0,404.23,26.0,136.33,36.0,489.29,14.0,273.62,261.23,68.0,40.0,62.0425420981441,108,28.0,-59.0,0.26,137.6,
2025-05-16 07:38:06,143.0,30.0,245.69,13.0,137.84,37.0,396.03,39.0,194.35,102.69,67.0,52.0,61.872955077319546,119,15.0,8.0,0.13,137.6,
2025-05-16 07:38:07,143.0,33.0,390.3,27.0,140.0,33.0,371.37,35.0,266.65,247.3,66.0,62.0,41.0622870770737,128,4.0,9.0,0.03,137.6,
2025-05-16 07:38:09,143.0,24.0,334.67,36.0,140.38,24.0,507.56,36.0,238.83,191.67,48.0,72.0,43.28029320603106,120,-24.0,42.0,-0.2,137.6,
2025-05-16 07:38:10,143.0,35.0,178.0,44.0,140.0,33.0,458.33,43.0,160.5,35.0,68.0,87.0,56.13961195092117,155,-19.0,35.0,-0.12,143.0,2.0
2025-05-16 07:38:11,143.0,14.0,178.0,28.0,140.0,21.0,436.0,7.0,160.5,35.0,35.0,35.0,63.4369082632501,70,0.0,-85.0,0.0,143.0,
2025-05-16 07:38:12,143.0,22.0,245.22,41.0,140.0,33.0,369.74,23.0,194.11,102.22,55.0,64.0,59.89677011325408,119,-9.0,49.0,-0.08,143.0,
2025-05-16 07:38:13,143.0,8.0,336.75,16.0,140.0,12.0,340.77,13.0,239.88,193.75,20.0,29.0,39.514987409842405,49,-9.0,-70.0,-0.18,143.0,
2025-05-16 07:38:14,141.0,15.0,245.81,42.0,138.8,30.0,294.79,33.0,193.4,104.81,45.0,75.0,32.62072991212799,120,-30.0,71.0,-0.25,141.2,5.0
2025-05-16 07:38:15,139.0,8.0,167.14,21.0,138.0,40.0,196.95,21.0,153.07,28.139999999999983,48.0,42.0,34.40275090744927,90,6.0,-30.0,0.07,141.2,
2025-05-16 07:38:16,138.06,64.0,140.95,55.0,137.19,104.0,142.0,51.0,139.5,2.8899999999999864,168.0,106.0,39.52866390355232,274,62.0,173.5,0.23,139.0,1.0
2025-05-16 07:38:17,138.0,45.0,139.89,36.0,137.0,63.0,144.0,27.0,138.94,1.8899999999999864,108.0,63.0,43.49891975670197,171,45.0,-103.0,0.26,139.0,
2025-05-16 07:38:18,138.0,55.0,139.0,38.0,137.0,77.0,143.36,33.0,138.5,1.0,132.0,71.0,23.568214187757015,203,61.0,32.0,0.3,139.0,3.0
2025-05-16 07:38:19,138.62,24.0,142.67,18.0,137.59,34.0,205.73,11.0,140.65,4.049999999999983,58.0,29.0,6.1673308651302055,87,29.0,-116.0,0.33,138.5,2.0
2025-05-16 07:38:20,138.54,26.0,141.1,20.0,137.57,49.0,143.0,30.0,139.82,2.5600000000000023,75.0,50.0,0.8271759184036053,125,25.0,38.0,0.2,139.0,2.0
2025-05-16 07:38:21,138.0,44.0,141.75,28.0,137.0,77.0,172.22,23.0,139.88,3.75,121.0,51.0,0.8464750439244354,172,70.0,47.0,0.41,141.0,3.0
2025-05-16 07:38:22,138.56,18.0,141.06,17.0,137.59,34.0,156.6,15.0,139.81,2.5,52.0,32.0,0.7739961240128662,84,20.0,-88.0,0.24,140.0,4.0
2025-05-16 07:38:23,139.23,26.0,141.86,35.0,137.74,53.0,198.15,13.0,140.54,2.630000000000024,79.0,48.0,0.418031099306123,127,31.0,43.0,0.24,140.0,2.0
2025-05-16 07:38:24,137.0,91.0,140.77,39.0,135.0,143.0,147.03,35.0,138.88,3.77000000000001,234.0,74.0,0.5915910749723641,308,160.0,173.5,0.52,140.0,
2025-05-16 07:38:25,137.0,84.0,138.29,38.0,135.0,132.0,139.27,56.0,137.64,1.289999999999992,216.0,94.0,1.1240106761000168,310,122.0,2.0,0.39,140.0,
2025-05-16 07:38:26,137.0,47.0,138.5,30.0,135.0,88.0,140.06,34.0,137.75,1.5,135.0,64.0,1.2674107463591469,199,71.0,-111.0,0.36,137.0,3.0
2025-05-16 07:38:27,135.19,85.0,141.12,33.0,133.56,78.0,220.33,15.0,138.15,5.930000000000007,163.0,48.0,1.192505765179569,211,115.0,12.0,0.55,137.0,4.0
2025-05-16 07:38:28,135.0,90.0,142.0,40.0,126.53,38.0,328.3,10.0,138.5,7.0,128.0,50.0,0.5171363456443127,178,78.0,-33.0,0.44,135.0,4.0
2025-05-16 07:38:29,135.0,75.0,141.76,29.0,131.05,21.0,173.43,21.0,138.38,6.759999999999991,96.0,50.0,0.3787215335656425,146,46.0,-32.0,0.32,135.0,2.0
2025-05-16 07:38:30,135.0,60.0,259.7,20.0,133.0,24.0,225.55,38.0,197.35,124.7,84.0,58.0,26.456466695308936,142,26.0,-4.0,0.18,142.25,4.0
2025-05-16 07:38:31,138.79,19.0,357.0,25.0,134.58,19.0,401.0,15.0,247.89,218.21,38.0,40.0,49.49817400672472,78,-2.0,-64.0,-0.03,142.25,
2025-05-16 07:38:32,143.0,39.0,357.0,65.0,135.8,50.0,437.4,25.0,250.0,214.0,89.0,90.0,55.28175585127528,179,-1.0,101.0,-0.01,142.25,
2025-05-16 07:38:33,143.0,54.0,208.91,47.0,139.0,30.0,477.28,43.0,175.96,65.91,84.0,90.0,47.84627812066484,174,-6.0,-5.0,-0.03,143.0,2.0
2025-05-16 07:38:34,143.0,16.0,201.43,28.0,139.0,16.0,285.56,16.0,172.21,58.43000000000001,32.0,44.0,37.992744965322174,76,-12.0,-98.0,-0.16,143.0,
2025-05-16 07:38:35,143.0,22.0,199.62,52.0,139.0,76.0,355.15,39.0,171.31,56.620000000000005,98.0,91.0,41.55246839839977,189,7.0,113.0,0.04,143.0,1.0
2025-05-16 07:38:36,143.0,10.0,198.9,40.0,139.0,120.0,350.91,33.0,170.95,55.900000000000006,130.0,73.0,34.66809527505089,203,57.0,14.0,0.28,143.0,
2025-05-16 07:38:37,143.0,13.0,198.0,52.0,139.09,132.0,233.62,52.0,170.5,55.0,145.0,104.0,2.201211030319272,249,41.0,46.0,0.16,143.0,
2025-05-16 07:38:38,143.0,7.0,197.86,28.0,140.0,28.0,206.0,28.0,170.43,54.860000000000014,35.0,56.0,0.7255342858878119,91,-21.0,-158.0,-0.23,143.0,
2025-05-16 07:38:39,143.0,11.0,196.64,44.0,141.54,35.0,398.32,38.0,169.82,53.63999999999999,46.0,82.0,0.5643314628819713,128,-36.0,37.0,-0.28,143.0,
2025-05-16 07:38:40,142.36,14.0,181.58,57.0,140.91,102.0,415.52,65.0,161.97,39.22,116.0,122.0,3.8025294213191314,238,-6.0,110.0,-0.03,142.33,3.0
2025-05-16 07:38:41,141.12,72.0,151.1,41.0,140.94,201.0,161.38,52.0,146.11,9.97999999999999,273.0,93.0,10.504362427105953,366,180.0,128.0,0.49,142.0,1.0
2025-05-16 07:38:42,140.9,117.0,142.84,25.0,139.36,56.0,159.26,31.0,141.87,1.9399999999999975,173.0,56.0,13.337158617936309,229,117.0,-137.0,0.51,142.0,
2025-05-16 07:38:43,139.33,144.0,143.0,60.0,138.0,128.0,149.58,52.0,141.17,3.669999999999988,272.0,112.0,12.955447502884262,384,160.0,155.0,0.42,140.0,4.0
2025-05-16 07:38:44,140.9,80.0,143.0,30.0,139.0,120.0,144.2,30.0,141.95,2.0999999999999943,200.0,60.0,8.802788194656713,260,140.0,-124.0,0.54,143.0,2.0
2025-05-16 07:38:45,141.84,170.0,143.5,36.0,139.88,75.0,226.51,51.0,142.67,1.6599999999999966,245.0,87.0,1.949789732249534,332,158.0,72.0,0.48,141.5,10.0
2025-05-16 07:38:46,142.0,99.0,144.0,27.0,141.0,27.0,261.5,40.0,143.0,2.0,126.0,67.0,0.7193886293133644,193,59.0,-139.0,0.31,141.5,
2025-05-16 07:38:47,142.0,121.0,144.0,33.0,141.0,33.0,412.4,52.0,143.0,2.0,154.0,85.0,0.7904871915379093,239,69.0,46.0,0.29,141.5,
2025-05-16 07:38:48,142.0,22.0,144.0,6.0,141.0,6.0,345.0,10.0,143.0,2.0,28.0,16.0,0.4556643501369071,44,12.0,-174.5,0.27,141.5,
2025-05-16 07:38:49,142.0,66.0,144.0,18.0,141.0,18.0,325.5,24.0,143.0,2.0,84.0,42.0,0.1475804864669073,126,42.0,82.0,0.33,141.5,
2025-05-16 07:38:50,142.0,121.0,143.94,32.0,141.0,33.0,271.82,45.0,142.97,1.9399999999999975,154.0,77.0,0.0134164073373424,231,77.0,105.0,0.33,141.5,
2025-05-16 07:38:51,142.0,132.0,143.0,24.0,141.0,36.0,144.0,36.0,142.5,1.0,168.0,60.0,0.2206354458961343,228,108.0,-3.0,0.47,141.5,
2025-05-16 07:38:52,142.0,33.0,143.75,16.0,141.0,18.0,179.38,26.0,142.88,1.75,51.0,42.0,0.2126029162212331,93,9.0,-135.0,0.1,142.0,7.0
2025-05-16 07:38:53,141.43,47.0,144.0,42.0,140.45,33.0,285.91,69.0,142.71,2.569999999999993,80.0,111.0,0.2077739155566457,191,-31.0,98.0,-0.16,142.0,4.0
2025-05-16 07:38:54,141.0,24.0,144.0,24.0,140.0,16.0,517.0,32.0,142.5,3.0,40.0,56.0,0.214872054920333,96,-16.0,-95.0,-0.17,142.0,
2025-05-16 07:38:55,141.0,30.0,143.29,42.0,140.0,20.0,251.79,29.0,142.14,2.289999999999992,50.0,71.0,0.2772724291840168,121,-21.0,25.0,-0.17,142.0,
2025-05-16 07:38:56,141.0,24.0,142.75,40.0,140.0,16.0,144.0,24.0,141.88,1.75,40.0,64.0,0.409902427396502,104,-24.0,-17.0,-0.23,142.0,
2025-05-16 07:38:57,140.6,20.0,142.0,60.0,139.33,24.0,144.0,36.0,141.3,1.4000000000000057,44.0,96.0,0.5527024515825679,140,-52.0,36.0,-0.37,140.75,4.0
2025-05-16 07:38:58,140.0,11.0,142.0,55.0,139.0,22.0,185.11,35.0,141.0,2.0,33.0,90.0,0.6114572756826198,123,-57.0,-17.0,-0.46,140.75,
2025-05-16 07:38:59,140.77,57.0,196.29,70.0,138.1,21.0,314.54,57.0,168.53,55.51999999999998,78.0,127.0,12.060891343511384,205,-49.0,82.0,-0.24,140.15,13.0
2025-05-16 07:39:00,135.59,17.0,239.4,30.0,134.24,63.0,362.83,48.0,187.49,103.81,80.0,78.0,21.148743461491808,158,2.0,-47.0,0.01,135.67,3.0
2025-05-16 07:39:01,134.02,57.0,145.0,16.0,133.36,22.0,199.63,38.0,139.51,10.97999999999999,79.0,54.0,21.56785408889796,133,25.0,-25.0,0.19,135.67,
2025-05-16 07:39:02,140.18,34.0,210.23,43.0,134.16,124.0,261.21,76.0,175.2,70.04999999999998,158.0,119.0,21.28862677581613,277,39.0,144.0,0.14,138.2,5.0
2025-05-16 07:39:03,135.0,14.0,269.67,15.0,134.0,70.0,359.65,17.0,202.33,134.67000000000002,84.0,32.0,23.471351047606998,116,52.0,-161.0,0.45,138.2,
2025-05-16 07:39:04,135.44,18.0,145.0,13.0,134.26,68.0,436.44,41.0,140.22,9.560000000000002,86.0,54.0,28.236257719464152,140,32.0,24.0,0.23,138.2,
2025-05-16 07:39:05,137.0,11.0,145.0,11.0,135.95,84.0,420.13,30.0,141.0,8.0,95.0,41.0,28.259298823573,136,54.0,-4.0,0.4,138.2,
2025-05-16 07:39:06,137.0,5.0,145.0,5.0,136.0,42.0,335.0,8.0,141.0,8.0,47.0,13.0,28.000467853234063,60,34.0,-76.0,0.57,138.2,
2025-05-16 07:39:07,137.92,13.0,143.54,35.0,136.56,114.0,188.85,13.0,140.73,5.6200000000000045,127.0,48.0,27.5468442838738,175,79.0,115.0,0.45,138.2,
2025-05-16 07:39:08,138.62,13.0,142.08,39.0,137.0,114.0,145.0,13.0,140.35,3.460000000000008,127.0,52.0,0.3625603397830215,179,75.0,4.0,0.42,138.2,
2025-05-16 07:39:09,139.0,10.0,141.6,30.0,137.0,100.0,145.0,10.0,140.3,2.5999999999999943,110.0,40.0,0.33930811953678,150,70.0,-29.0,0.47,138.2,
2025-05-16 07:39:10,139.0,13.0,141.0,39.0,137.0,90.0,146.54,13.0,140.0,2.0,103.0,52.0,0.3913182847548279,155,51.0,5.0,0.33,138.2,
2025-05-16 07:39:11,139.0,11.0,140.0,33.0,137.0,22.0,146.09,11.0,139.5,1.0,33.0,44.0,0.4583993891611045,77,-11.0,-78.0,-0.14,138.2,
2025-05-16 07:39:12,136.43,35.0,143.0,18.0,135.86,42.0,332.98,40.0,139.71,6.569999999999993,77.0,58.0,0.3683340874575108,135,19.0,58.0,0.14,136.5,10.0
2025-05-16 07:39:13,139.89,54.0,145.19,16.0,137.38,32.0,256.64,22.0,142.54,5.300000000000011,86.0,38.0,1.2283322026159706,124,48.0,-11.0,0.39,145.0,1.0
2025-05-16 07:39:14,143.0,42.0,144.29,14.0,140.36,66.0,145.86,14.0,143.64,1.289999999999992,108.0,28.0,1.8857942623689787,136,80.0,12.0,0.59,145.0,
2025-05-16 07:39:15,142.5,24.0,144.0,8.0,140.56,32.0,145.0,8.0,143.25,1.5,56.0,16.0,1.979133648843384,72,40.0,-64.0,0.56,143.0,3.0
2025-05-16 07:39:16,141.0,35.0,142.25,12.0,140.0,84.0,144.33,12.0,141.62,1.25,119.0,24.0,1.5665790755606157,143,95.0,71.0,0.66,141.0,1.0
2025-05-16 07:39:17,141.6,20.0,145.33,9.0,140.1,39.0,338.82,33.0,143.47,3.730000000000018,59.0,42.0,0.8311016784875132,101,17.0,-42.0,0.17,141.0,1.0
2025-05-16 07:39:18,142.79,28.0,146.43,21.0,141.0,12.0,323.56,48.0,144.61,3.640000000000015,40.0,69.0,1.08211367239536,109,-29.0,8.0,-0.27,143.0,1.0
2025-05-16 07:39:19,141.92,13.0,146.0,40.0,140.06,52.0,147.0,10.0,143.96,4.0800000000000125,65.0,50.0,1.1148856443532684,115,15.0,6.0,0.13,143.0,2.0
2025-05-16 07:39:20,140.08,53.0,145.71,35.0,138.57,98.0,145.8,20.0,142.89,5.629999999999996,151.0,55.0,1.13694766809426,206,96.0,91.0,0.47,141.0,1.0
2025-05-16 07:39:21,140.0,86.0,142.78,32.0,138.0,140.0,143.71,35.0,141.39,2.780000000000001,226.0,67.0,1.2237565117232183,293,159.0,87.0,0.54,140.0,6.0
2025-05-16 07:39:22,140.94,124.0,144.0,15.0,137.95,126.0,459.6,15.0,142.47,3.0600000000000023,250.0,30.0,1.2627668034854669,280,220.0,-13.0,0.79,141.6,5.0
2025-05-16 07:39:23,142.0,98.0,146.78,9.0,138.0,90.0,641.0,9.0,144.39,4.780000000000001,188.0,18.0,1.1975808949648743,206,170.0,-74.0,0.83,142.0,4.0
2025-05-16 07:39:24,142.0,80.0,146.06,34.0,138.0,75.0,306.75,8.0,144.03,4.060000000000002,155.0,42.0,1.211643511922904,197,113.0,-9.0,0.57,142.0,
2025-05-16 07:39:25,142.0,130.0,145.09,66.0,137.0,147.0,157.77,13.0,143.55,3.0900000000000034,277.0,79.0,1.2278762152533604,356,198.0,159.0,0.56,142.0,
2025-05-16 07:39:26,143.0,30.0,144.45,55.0,142.0,110.0,147.0,11.0,143.73,1.4499999999999886,140.0,66.0,0.7244860246996313,206,74.0,-150.0,0.36,143.0,1.0
2025-05-16 07:39:27,143.0,20.0,144.0,50.0,142.0,100.0,147.0,10.0,143.5,1.0,120.0,60.0,0.3709447397998179,180,60.0,-26.0,0.33,143.0,
2025-05-16 07:39:28,142.05,74.0,145.26,19.0,140.35,34.0,159.22,9.0,143.66,3.2099999999999795,108.0,28.0,0.2083986563898783,136,80.0,-44.0,0.59,143.0,2.0
2025-05-16 07:39:29,142.0,120.0,144.95,37.0,138.0,24.0,234.25,12.0,143.47,2.9499999999999886,144.0,49.0,0.1098635516678044,193,95.0,57.0,0.49,143.0,
2025-05-16 07:39:30,142.0,62.0,143.0,24.0,138.0,16.0,383.75,8.0,142.5,1.0,78.0,32.0,0.4993696025840803,110,46.0,-83.0,0.42,142.0,3.0
2025-05-16 07:39:31,141.9,41.0,166.36,22.0,138.75,16.0,567.12,8.0,154.13,24.460000000000008,57.0,30.0,4.872675856240165,87,27.0,-23.0,0.31,142.0,7.0
2025-05-16 07:39:33,140.0,18.0,218.64,11.0,138.0,24.0,315.87,15.0,179.32,78.63999999999999,42.0,26.0,96.80157917100324,68,16.0,32.0,0.24,142.0,
2025-05-16 07:39:34,139.71,21.0,144.83,12.0,137.86,21.0,147.0,36.0,142.27,5.1200000000000045,42.0,48.0,96.97077977411551,90,-6.0,22.0,-0.07,139.25,4.0
2025-05-16 07:39:35,138.0,13.0,144.0,13.0,137.0,26.0,147.0,39.0,141.0,6.0,39.0,52.0,97.1851461386976,91,-13.0,1.0,-0.14,139.25,
2025-05-16 07:39:36,136.91,11.0,144.0,11.0,135.2,100.0,147.0,33.0,140.45,7.090000000000003,111.0,44.0,98.874945613133,155,67.0,64.0,0.43,137.0,4.0
2025-05-16 07:39:37,136.98,41.0,143.0,9.0,135.5,30.0,147.0,27.0,139.99,6.02000000000001,71.0,36.0,17.190853091105637,107,35.0,-48.0,0.33,137.0,
2025-05-16 07:39:38,138.21,33.0,146.0,24.0,136.78,45.0,231.0,42.0,142.11,7.789999999999992,78.0,66.0,1.004131465482191,144,12.0,37.0,0.08,142.0,1.0
2025-05-16 07:39:39,142.74,27.0,144.83,36.0,137.51,39.0,307.46,35.0,143.79,2.0900000000000034,66.0,71.0,1.5201710429986566,137,-5.0,-7.0,-0.04,142.0,
2025-05-16 07:39:40,143.0,22.0,144.27,22.0,142.0,6.0,163.4,20.0,143.64,1.2700000000000102,28.0,42.0,1.7570088218253206,70,-14.0,-67.0,-0.2,143.0,4.0
2025-05-16 07:39:41,142.93,14.0,144.88,34.0,141.33,15.0,206.71,28.0,143.91,1.9499999999999889,29.0,62.0,1.6753566784337324,91,-33.0,21.0,-0.36,143.0,1.0
2025-05-16 07:39:42,136.45,65.0,141.8,35.0,135.36,123.0,143.67,33.0,139.12,5.350000000000023,188.0,68.0,2.0326903354845705,256,120.0,165.0,0.47,137.29,7.0
2025-05-16 07:39:43,136.0,70.0,137.55,11.0,135.0,110.0,139.05,19.0,136.77,1.5500000000000114,180.0,30.0,3.303578362922774,210,150.0,-46.0,0.71,136.0,4.0
2025-05-16 07:39:44,135.38,74.0,136.91,11.0,132.47,91.0,139.0,22.0,136.14,1.5300000000000011,165.0,33.0,3.694905952791,198,132.0,-12.0,0.67,136.0,4.0
2025-05-16 07:39:45,135.0,136.0,136.46,13.0,107.0,42.0,139.24,25.0,135.73,1.460000000000008,178.0,38.0,3.381941749937332,216,140.0,18.0,0.65,135.5,2.0
2025-05-16 07:39:46,135.0,66.0,138.5,12.0,59.0,6.0,141.0,18.0,136.75,3.5,72.0,30.0,1.314750926969844,102,42.0,-114.0,0.41,135.5,
2025-05-16 07:39:47,135.0,77.0,138.5,12.0,131.65,55.0,206.74,23.0,136.75,3.5,132.0,35.0,0.4728847639411461,167,97.0,65.0,0.58,139.5,4.0
2025-05-16 07:39:48,135.0,77.0,141.0,7.0,133.0,63.0,335.0,28.0,138.0,6.0,140.0,35.0,0.8582132601911149,175,105.0,8.0,0.6,139.5,
2025-05-16 07:39:49,135.03,68.0,139.0,7.0,133.34,65.0,301.29,28.0,137.01,3.969999999999999,133.0,35.0,0.8097036494718258,168,98.0,-7.0,0.58,139.5,
2025-05-16 07:39:50,135.52,23.0,138.5,8.0,134.69,86.0,192.91,23.0,137.01,2.9799999999999898,109.0,31.0,0.517474637028903,140,78.0,-28.0,0.56,137.0,1.0
2025-05-16 07:39:51,138.0,8.0,174.43,14.0,135.17,46.0,206.75,32.0,156.21,36.43000000000001,54.0,46.0,8.518314387246543,100,8.0,-40.0,0.08,138.0,1.0
2025-05-16 07:39:52,142.0,10.0,373.1,40.0,137.0,10.0,511.86,37.0,257.55,231.1,20.0,77.0,52.29370210646778,97,-57.0,-3.0,-0.59,138.0,
2025-05-16 07:39:53,137.25,67.0,254.41,29.0,134.12,51.0,400.26,38.0,195.83,117.16,118.0,67.0,51.16910513190554,185,51.0,88.0,0.28,138.0,3.0
2025-05-16 07:39:54,140.0,99.0,274.0,10.0,137.21,19.0,286.96,25.0,207.0,134.0,118.0,35.0,46.99229617713964,153,83.0,-32.0,0.54,138.0,
2025-05-16 07:39:55,140.0,168.0,323.31,26.0,138.0,8.0,491.86,14.0,231.65,183.31,176.0,40.0,38.18461234581319,216,136.0,63.0,0.63,138.0,
2025-05-16 07:39:58,140.0,200.0,366.25,12.0,138.0,12.0,630.5,48.0,253.12,226.25,212.0,60.0,65.67690743328346,272,152.0,111.0,0.56,140.0,2.0
2025-05-16 07:39:59,140.4,75.0,174.5,6.0,139.88,48.0,459.0,24.0,157.45,34.099999999999994,123.0,30.0,80.50817331178291,153,93.0,-119.0,0.61,140.0,
2025-05-16 07:40:00,141.0,57.0,172.0,8.0,140.0,120.0,599.38,32.0,156.5,31.0,177.0,40.0,94.10635137970264,217,137.0,64.0,0.63,141.0,5.0
2025-05-16 07:40:01,141.0,55.0,171.47,19.0,140.0,165.0,518.53,38.0,156.24,30.47,220.0,57.0,93.99250448839004,277,163.0,60.0,0.59,141.0,
2025-05-16 07:40:02,140.09,57.0,170.67,45.0,139.9,79.0,172.0,9.0,155.38,30.579999999999984,136.0,54.0,43.26414705041556,190,82.0,-87.0,0.43,140.71,7.0
2025-05-16 07:40:03,140.0,130.0,168.9,50.0,138.0,10.0,172.0,10.0,154.45,28.90000000000001,140.0,60.0,1.1398377077285415,200,80.0,10.0,0.4,140.71,
2025-05-16 07:40:04,140.0,117.0,168.0,45.0,138.0,9.0,177.33,9.0,154.0,28.0,126.0,54.0,1.08875157862532,180,72.0,-20.0,0.4,140.71,
2025-05-16 07:40:05,140.0,156.0,167.25,60.0,138.0,12.0,230.58,52.0,153.62,27.25,168.0,112.0,1.066030018319611,280,56.0,100.0,0.2,140.71,
2025-05-16 07:40:06,140.0,124.0,153.9,50.0,138.0,10.0,171.8,50.0,146.95,13.900000000000006,134.0,100.0,3.379415629950918,234,34.0,-46.0,0.15,140.0,2.0
2025-05-16 07:40:07,140.73,131.0,146.59,85.0,139.81,97.0,148.82,85.0,143.66,5.860000000000014,228.0,170.0,4.923629758618539,398,58.0,164.0,0.15,140.0,
2025-05-16 07:40:08,143.0,48.0,145.58,60.0,140.0,22.0,146.58,60.0,144.29,2.5800000000000125,70.0,120.0,5.0004129829397,190,-50.0,-174.5,-0.26,140.0,
2025-05-16 07:40:09,142.84,38.0,144.4,50.0,139.0,15.0,151.83,47.0,143.62,1.5600000000000025,53.0,97.0,4.246029910392725,150,-44.0,-40.0,-0.29,143.0,4.0
2025-05-16 07:40:10,140.97,31.0,145.29,21.0,138.11,45.0,152.92,65.0,143.13,4.319999999999993,76.0,86.0,1.5214302481373785,162,-10.0,12.0,-0.06,142.0,3.0
2025-05-16 07:40:11,140.0,12.0,144.0,6.0,138.0,24.0,146.0,30.0,142.0,4.0,36.0,36.0,0.8548391661279205,72,0.0,-90.0,0.0,142.0,
2025-05-16 07:40:12,138.73,44.0,141.9,31.0,137.4,81.0,204.37,54.0,140.32,3.170000000000016,125.0,85.0,1.5580340175829028,210,40.0,138.0,0.19,140.0,2.0
2025-05-16 07:40:13,137.54,13.0,138.84,44.0,136.01,97.0,145.93,42.0,138.19,1.3000000000000114,110.0,86.0,2.2213892049670454,196,24.0,-14.0,0.12,138.0,4.0
2025-05-16 07:40:14,135.26,65.0,137.69,52.0,122.07,116.0,199.04,46.0,136.48,2.430000000000007,181.0,98.0,2.718589707907854,279,83.0,83.0,0.3,136.4,5.0
2025-05-16 07:40:15,135.0,73.0,136.11,27.0,121.96,137.0,187.18,34.0,135.56,1.1100000000000136,210.0,61.0,2.6637379750907915,271,149.0,-8.0,0.55,135.25,4.0
2025-05-16 07:40:16,135.0,26.0,136.0,12.0,124.0,128.0,318.7,20.0,135.5,1.0,154.0,32.0,2.0501219475775767,186,122.0,-85.0,0.66,135.0,2.0
2025-05-16 07:40:17,135.0,30.0,137.0,27.0,112.85,108.0,207.36,28.0,136.0,2.0,138.0,55.0,1.1035760055103871,193,83.0,7.0,0.43,135.0,2.0
2025-05-16 07:40:20,137.34,64.0,199.61,33.0,85.31,26.0,301.0,47.0,168.47,62.27000000000001,90.0,80.0,20.78656609447409,170,10.0,-12.0,0.06,135.0,
2025-05-16 07:40:21,138.04,102.0,299.55,44.0,136.0,30.0,312.83,47.0,218.79,161.51000000000002,132.0,91.0,41.65617205168952,223,41.0,53.0,0.18,140.0,2.0
2025-05-16 07:40:22,137.79,56.0,306.11,36.0,129.0,16.0,309.0,36.0,221.95,168.32000000000002,72.0,72.0,49.30867793806663,144,0.0,-79.0,0.0,140.0,
2025-05-16 07:40:23,137.48,23.0,305.44,36.0,127.12,32.0,327.89,36.0,221.46,167.96,55.0,72.0,38.60992514885266,127,-17.0,-17.0,-0.13,140.0,
2025-05-16 07:40:24,138.0,27.0,290.07,30.0,135.0,18.0,324.79,28.0,214.03,152.07,45.0,58.0,22.840545089818303,103,-13.0,-24.0,-0.13,140.0,
2025-05-16 07:40:25,138.0,42.0,217.53,34.0,135.0,28.0,250.21,48.0,177.76,79.53,70.0,82.0,18.734144496080557,152,-12.0,49.0,-0.08,140.0,
2025-05-16 07:40:26,138.0,27.0,204.25,24.0,135.0,18.0,205.2,30.0,171.12,66.25,45.0,54.0,24.798480396992364,99,-9.0,-53.0,-0.09,140.0,
2025-05-16 07:40:27,138.0,39.0,169.08,26.0,131.43,37.0,204.26,38.0,153.54,31.080000000000013,76.0,64.0,29.04110225180856,140,12.0,41.0,0.09,140.0,
2025-05-16 07:40:28,138.0,33.0,190.13,23.0,133.46,39.0,223.0,32.0,164.07,52.13,72.0,55.0,23.02126907883202,127,17.0,-13.0,0.13,140.0,
2025-05-16 07:40:29,138.0,42.0,197.65,20.0,135.0,56.0,198.1,30.0,167.82,59.650000000000006,98.0,50.0,8.987292139458745,148,48.0,21.0,0.32,140.0,
2025-05-16 07:40:30,138.57,42.0,192.65,20.0,136.35,40.0,195.57,28.0,165.61,54.08000000000001,82.0,48.0,6.640073041764993,130,34.0,-18.0,0.26,140.0,
2025-05-16 07:40:31,140.09,69.0,190.67,21.0,138.71,51.0,191.87,30.0,165.38,50.579999999999984,120.0,51.0,5.611196842026917,171,69.0,41.0,0.4,140.0,
2025-05-16 07:40:32,142.0,14.0,187.5,20.0,140.0,84.0,188.88,16.0,164.75,45.5,98.0,36.0,1.4153550791145597,134,62.0,-37.0,0.46,140.0,
2025-05-16 07:40:33,140.12,52.0,186.67,21.0,138.27,132.0,187.33,21.0,163.39,46.54999999999998,184.0,42.0,1.6095806907313603,226,142.0,92.0,0.63,140.67,3.0
2025-05-16 07:40:34,140.0,52.0,185.8,15.0,138.0,48.0,186.96,25.0,162.9,45.80000000000001,100.0,40.0,1.2059145906631128,140,60.0,-86.0,0.43,140.67,
2025-05-16 07:40:35,140.0,44.0,181.48,23.0,138.82,33.0,183.47,19.0,160.74,41.47999999999999,77.0,42.0,1.8071718235887664,119,35.0,-21.0,0.29,140.67,
2025-05-16 07:40:36,140.0,62.0,177.17,23.0,139.0,39.0,177.81,31.0,158.59,37.16999999999999,101.0,54.0,2.4234747780762524,155,47.0,36.0,0.3,140.67,
2025-05-16 07:40:37,140.0,51.0,173.95,44.0,139.0,45.0,174.82,17.0,156.98,33.94999999999999,96.0,61.0,2.74800836970526,157,35.0,2.0,0.22,140.0,2.0
2025-05-16 07:40:38,140.0,30.0,171.61,23.0,139.0,30.0,173.22,18.0,155.8,31.610000000000014,60.0,41.0,2.860335644634846,101,19.0,-56.0,0.19,140.0,
2025-05-16 07:40:39,142.24,71.0,167.5,22.0,139.65,51.0,169.09,46.0,154.87,25.25999999999999,122.0,68.0,2.329641603330237,190,54.0,89.0,0.28,143.0,4.0
2025-05-16 07:40:40,139.91,35.0,147.15,34.0,138.45,60.0,150.08,38.0,143.53,7.240000000000009,95.0,72.0,5.990737016424918,167,23.0,-23.0,0.14,140.36,11.0
2025-05-16 07:40:41,137.36,56.0,141.42,24.0,135.87,138.0,143.21,33.0,139.39,4.059999999999974,194.0,57.0,8.06915918791791,251,137.0,84.0,0.55,140.36,
2025-05-16 07:40:42,137.0,53.0,138.5,14.0,135.0,130.0,139.88,24.0,137.75,1.5,183.0,38.0,8.54712349272879,221,145.0,-30.0,0.66,137.0,3.0
2025-05-16 07:40:43,137.0,21.0,138.0,27.0,135.0,117.0,139.0,9.0,137.5,1.0,138.0,36.0,7.267291104665682,174,102.0,-47.0,0.59,137.0,1.0
2025-05-16 07:40:44,135.82,22.0,161.48,23.0,132.92,111.0,257.65,40.0,148.65,25.66,133.0,63.0,4.73459396357827,196,70.0,22.0,0.36,137.5,4.0
2025-05-16 07:40:45,135.04,81.0,246.0,45.0,120.69,71.0,459.67,24.0,190.52,110.96,152.0,69.0,22.69181724763269,221,83.0,25.0,0.38,137.5,
2025-05-16 07:40:46,138.18,11.0,246.0,40.0,135.01,92.0,332.0,16.0,192.09,107.82,103.0,56.0,27.761923024170542,159,47.0,-62.0,0.3,137.5,
2025-05-16 07:40:47,142.0,48.0,238.73,33.0,136.0,12.0,365.38,48.0,190.36,96.73,60.0,81.0,26.54715483813624,141,-21.0,-18.0,-0.15,137.5,
2025-05-16 07:40:48,142.0,20.0,348.0,24.0,136.0,6.0,503.0,16.0,245.0,206.0,26.0,40.0,34.22114010374289,66,-14.0,-75.0,-0.21,142.0,2.0
2025-05-16 07:40:50,142.36,25.0,353.08,52.0,140.4,30.0,494.21,39.0,247.72,210.72,55.0,91.0,53.52451896094016,146,-36.0,50.0,-0.25,142.0,
2025-05-16 07:40:51,143.0,24.0,402.0,40.0,142.0,16.0,495.25,16.0,272.5,259.0,40.0,56.0,47.53723677287163,96,-16.0,-50.0,-0.17,142.0,
2025-05-16 07:40:52,142.86,21.0,182.44,45.0,140.4,60.0,346.97,33.0,162.65,39.579999999999984,81.0,78.0,57.56989603951056,159,3.0,63.0,0.02,142.75,4.0
2025-05-16 07:40:53,140.06,72.0,155.0,35.0,138.85,52.0,434.47,17.0,147.53,14.939999999999998,124.0,52.0,73.82713220761075,176,72.0,17.0,0.41,140.67,3.0
2025-05-16 07:40:54,140.0,126.0,182.72,36.0,137.0,36.0,464.93,27.0,161.36,42.72,162.0,63.0,57.36079209704137,225,99.0,49.0,0.44,140.67,
2025-05-16 07:40:55,140.0,168.0,181.88,17.0,137.0,48.0,223.37,57.0,160.94,41.88,216.0,74.0,51.52025456070638,290,142.0,65.0,0.49,140.67,
2025-05-16 07:40:56,140.0,98.0,167.4,25.0,137.0,28.0,169.45,11.0,153.7,27.40000000000001,126.0,36.0,6.456549388021702,162,90.0,-128.0,0.56,140.67,
2025-05-16 07:40:57,140.0,102.0,166.87,23.0,137.0,32.0,167.59,17.0,153.43,26.870000000000005,134.0,40.0,5.807768073878438,174,94.0,12.0,0.54,140.0,5.0
2025-05-16 07:40:58,140.0,101.0,164.12,32.0,137.0,44.0,166.7,23.0,152.06,24.120000000000005,145.0,55.0,4.475144690394101,200,90.0,26.0,0.45,140.0,
2025-05-16 07:40:59,140.04,138.0,161.2,40.0,137.56,59.0,162.84,25.0,150.62,21.16,197.0,65.0,3.989172846588689,262,132.0,62.0,0.5,140.0,
2025-05-16 07:41:00,141.0,78.0,157.27,33.0,140.0,117.0,158.0,42.0,149.14,16.27000000000001,195.0,75.0,1.9236683705769932,270,120.0,8.0,0.44,140.0,
2025-05-16 07:41:01,140.53,85.0,148.32,34.0,139.71,102.0,149.3,43.0,144.43,7.789999999999992,187.0,77.0,3.4690387717574795,264,110.0,-6.0,0.42,140.86,7.0
2025-05-16 07:41:02,140.0,71.0,141.36,50.0,139.0,72.0,142.32,31.0,140.68,1.3600000000000136,143.0,81.0,4.719372839684767,224,62.0,-40.0,0.28,140.5,8.0
2025-05-16 07:41:03,138.5,26.0,140.12,74.0,136.65,68.0,144.13,47.0,139.31,1.6200000000000043,94.0,121.0,4.99882286142966,215,-27.0,-9.0,-0.13,139.25,8.0
2025-05-16 07:41:04,135.24,68.0,138.6,15.0,134.12,34.0,140.0,21.0,136.92,3.359999999999985,102.0,36.0,4.786003552020126,138,66.0,-77.0,0.48,137.4,5.0
2025-05-16 07:41:05,135.0,72.0,136.83,18.0,132.0,12.0,138.0,12.0,135.92,1.8300000000000125,84.0,30.0,3.3613494313961088,114,54.0,-24.0,0.47,137.4,
2025-05-16 07:41:06,135.0,73.0,138.03,37.0,120.5,24.0,275.39,36.0,136.51,3.030000000000001,97.0,73.0,2.0325033825175907,170,24.0,56.0,0.14,135.0,5.0
2025-05-16 07:41:07,135.24,34.0,138.12,40.0,130.5,28.0,564.51,37.0,136.68,2.8799999999999955,62.0,77.0,1.3065488892286783,139,-15.0,-31.0,-0.11,135.0,
2025-05-16 07:41:08,137.0,8.0,138.0,20.0,133.0,20.0,457.25,20.0,137.5,1.0,28.0,40.0,0.5773040792722384,68,-12.0,-71.0,-0.18,135.0,
2025-05-16 07:41:09,137.0,22.0,138.0,55.0,133.0,55.0,262.04,51.0,137.5,1.0,77.0,106.0,0.6801617454286019,183,-29.0,115.0,-0.16,135.0,
2025-05-16 07:41:10,136.45,22.0,138.0,55.0,133.98,49.0,195.65,34.0,137.23,1.5500000000000114,71.0,89.0,0.4637132734187527,160,-18.0,-23.0,-0.11,136.0,4.0
2025-05-16 07:41:11,134.26,27.0,137.08,60.0,124.86,56.0,140.83,53.0,135.67,2.8200000000000216,83.0,113.0,0.7728065734351468,196,-30.0,36.0,-0.15,135.0,2.0
2025-05-16 07:41:12,133.0,55.0,140.0,39.0,66.67,15.0,194.73,15.0,136.5,7.0,70.0,54.0,0.7905377915979337,124,16.0,-72.0,0.13,140.0,2.0
2025-05-16 07:41:13,133.0,55.0,139.47,38.0,98.93,15.0,166.0,21.0,136.24,6.469999999999999,70.0,59.0,0.7428795325921211,129,11.0,5.0,0.09,140.0,
2025-05-16 07:41:14,133.75,24.0,137.73,55.0,130.65,48.0,139.35,43.0,135.74,3.9799999999999898,72.0,98.0,0.6356335421797256,170,-26.0,41.0,-0.15,140.0,
2025-05-16 07:41:15,137.0,56.0,139.0,32.0,135.0,8.0,140.0,24.0,138.0,2.0,64.0,56.0,0.9433451117931878,120,8.0,-50.0,0.07,140.0,
2025-05-16 07:41:16,137.0,74.0,139.0,40.0,135.0,10.0,140.3,30.0,138.0,2.0,84.0,70.0,1.044164737933888,154,14.0,34.0,0.09,140.0,
2025-05-16 07:41:17,137.0,72.0,139.0,36.0,135.0,9.0,141.0,27.0,138.0,2.0,81.0,63.0,1.1150246633796177,144,18.0,-10.0,0.12,140.0,
2025-05-16 07:41:18,136.94,31.0,138.0,45.0,133.85,13.0,139.09,35.0,137.47,1.0600000000000025,44.0,80.0,0.9787338759566154,124,-36.0,-20.0,-0.29,137.0,8.0
2025-05-16 07:41:19,136.2,285.0,137.88,67.0,135.0,15.0,210.53,49.0,137.04,1.6800000000000068,300.0,116.0,0.4354537862337443,416,184.0,173.5,0.44,137.0,5.0
2025-05-16 07:41:20,137.64,74.0,141.17,36.0,137.55,40.0,309.19,43.0,139.4,3.530000000000001,114.0,79.0,0.8889431927550632,193,35.0,-174.5,0.18,140.0,3.0
2025-05-16 07:41:21,141.0,129.0,142.0,33.0,140.0,22.0,339.82,44.0,141.5,1.0,151.0,77.0,1.8087896505526075,228,74.0,35.0,0.32,140.0,
2025-05-16 07:41:22,141.0,220.0,142.0,36.0,140.0,24.0,223.1,40.0,141.5,1.0,244.0,76.0,2.127961465804047,320,168.0,92.0,0.53,141.0,4.0
2025-05-16 07:41:23,141.0,158.0,142.0,33.0,140.0,22.0,307.2,50.0,141.5,1.0,180.0,83.0,1.9808382064034689,263,97.0,-57.0,0.37,141.0,1.0
2025-05-16 07:41:24,141.0,104.0,142.0,36.0,140.0,24.0,536.65,48.0,141.5,1.0,128.0,84.0,0.9391485505225552,212,44.0,-51.0,0.21,141.0,6.0
2025-05-16 07:41:25,141.0,60.0,142.0,27.0,140.0,18.0,227.06,17.0,141.5,1.0,78.0,44.0,0.0,122,34.0,-90.0,0.28,141.0,3.0
2025-05-16 07:41:26,140.98,60.0,142.0,39.0,139.7,20.0,230.5,24.0,141.49,1.0200000000000102,80.0,63.0,0.0044721302588119,143,17.0,21.0,0.12,140.83,6.0
2025-05-16 07:41:27,133.14,14.0,139.6,15.0,126.33,6.0,172.87,15.0,136.37,6.460000000000008,20.0,30.0,2.29309179928497,50,-10.0,-93.0,-0.2,138.0,3.0
2025-05-16 07:41:28,132.75,12.0,136.0,12.0,129.0,12.0,141.0,18.0,134.38,3.25,24.0,30.0,3.425999124335334,54,-6.0,4.0,-0.11,138.0,
2025-05-16 07:41:29,135.11,9.0,139.75,24.0,132.12,25.0,175.29,21.0,137.43,4.639999999999986,34.0,45.0,3.1718496181164717,79,-11.0,25.0,-0.14,136.0,2.0
2025-05-16 07:41:30,136.0,4.0,141.0,12.0,135.0,4.0,201.0,8.0,138.5,5.0,8.0,20.0,2.638490098511832,28,-12.0,-51.0,-0.43,136.0,
2025-05-16 07:41:31,136.56,9.0,140.0,14.0,135.0,9.0,141.22,27.0,138.28,3.4399999999999977,18.0,41.0,1.683321122051372,59,-23.0,31.0,-0.39,140.0,1.0
2025-05-16 07:41:32,137.0,12.0,139.1,30.0,135.0,12.0,141.0,18.0,138.05,2.0999999999999943,24.0,48.0,1.6957505712647227,72,-24.0,13.0,-0.33,140.0,
2025-05-16 07:41:33,135.45,33.0,137.64,33.0,128.14,22.0,140.1,31.0,136.55,2.1899999999999977,55.0,64.0,0.786619348824476,119,-9.0,47.0,-0.08,134.67,3.0
2025-05-16 07:41:34,136.0,45.0,137.0,18.0,134.0,18.0,139.56,27.0,136.5,1.0,63.0,45.0,0.9726921403737508,108,18.0,-11.0,0.17,137.0,1.0
2025-05-16 07:41:35,135.0,10.0,136.2,10.0,115.67,12.0,139.4,15.0,135.6,1.1999999999999886,22.0,25.0,1.1350462545395734,47,-3.0,-61.0,-0.06,137.0,
2025-05-16 07:41:36,131.0,24.0,138.27,45.0,108.67,36.0,148.22,40.0,134.63,7.27000000000001,60.0,85.0,1.268672534558697,145,-25.0,98.0,-0.17,136.0,4.0
2025-05-16 07:41:37,131.0,18.0,134.76,21.0,108.67,12.0,137.67,24.0,132.88,3.759999999999991,30.0,45.0,1.5309049611071572,75,-15.0,-70.0,-0.2,136.0,
2025-05-16 07:41:38,131.0,22.0,134.0,44.0,101.73,11.0,136.0,11.0,132.5,3.0,33.0,55.0,1.7190753328291433,88,-22.0,13.0,-0.25,136.0,
2025-05-16 07:41:39,131.0,16.0,133.33,33.0,111.0,9.0,135.45,22.0,132.17,2.3300000000000125,25.0,55.0,1.485304682528371,80,-30.0,-8.0,-0.38,131.0,1.0
2025-05-16 07:41:40,131.0,7.0,133.0,28.0,108.26,23.0,136.0,21.0,132.0,2.0,30.0,49.0,1.0577948761172529,79,-19.0,-1.0,-0.24,131.0,
2025-05-16 07:41:41,132.2,30.0,203.09,33.0,131.0,10.0,252.62,26.0,167.65,70.89000000000001,40.0,59.0,15.773457135325382,99,-19.0,20.0,-0.19,133.86,7.0
2025-05-16 07:41:42,139.85,39.0,309.26,35.0,139.84,31.0,442.0,30.0,224.55,169.41,70.0,65.0,40.35842080656733,135,5.0,36.0,0.04,133.86,
2025-05-16 07:41:43,143.0,6.0,198.0,18.0,142.0,18.0,404.77,13.0,170.5,55.0,24.0,31.0,37.913007398516605,55,-7.0,-80.0,-0.13,143.0,2.0
2025-05-16 07:41:44,142.25,20.0,173.7,30.0,141.43,35.0,378.09,22.0,157.97,31.44999999999999,55.0,52.0,33.7963390029154,107,3.0,52.0,0.03,143.0,1.0
2025-05-16 07:41:45,142.85,41.0,189.31,26.0,141.72,29.0,432.37,19.0,166.08,46.46000000000001,70.0,45.0,26.792955230806243,115,25.0,8.0,0.22,143.0,
2025-05-16 07:41:46,143.0,20.0,409.0,8.0,142.0,12.0,450.5,12.0,276.0,266.0,32.0,20.0,50.40148261708192,52,12.0,-63.0,0.23,143.0,
2025-05-16 07:41:47,143.0,36.0,192.22,23.0,142.0,24.0,410.06,17.0,167.61,49.22,60.0,40.0,49.61756815886888,100,20.0,48.0,0.2,143.0,2.0
2025-05-16 07:41:48,143.0,24.0,169.78,23.0,142.0,24.0,409.35,17.0,156.39,26.78,48.0,40.0,51.21120726950299,88,8.0,-12.0,0.09,143.0,
2025-05-16 07:41:49,143.0,30.0,233.66,29.0,142.0,30.0,384.59,22.0,188.33,90.66,60.0,51.0,48.98471669817028,111,9.0,23.0,0.08,143.0,
2025-05-16 07:41:50,142.61,23.0,227.09,35.0,141.67,27.0,348.09,22.0,184.85,84.47999999999999,50.0,57.0,47.29903043403751,107,-7.0,-4.0,-0.07,143.0,3.0
2025-05-16 07:41:51,142.0,32.0,227.0,48.0,141.0,36.0,513.0,24.0,184.5,85.0,68.0,72.0,13.75664493980953,140,-4.0,33.0,-0.03,142.0,2.0
2025-05-16 07:41:52,142.0,9.0,225.89,36.0,141.0,27.0,506.89,18.0,183.94,83.88999999999999,36.0,54.0,13.089357127070482,90,-18.0,-50.0,-0.2,142.0,
2025-05-16 07:41:53,142.89,45.0,224.42,38.0,140.81,32.0,255.0,41.0,183.65,81.53,77.0,79.0,1.8902989181599843,156,-2.0,66.0,-0.01,143.0,3.0
2025-05-16 07:41:54,143.0,52.0,199.78,36.0,142.0,13.0,206.28,36.0,171.39,56.78,65.0,72.0,5.763525830599968,137,-7.0,-19.0,-0.05,143.0,
2025-05-16 07:41:55,143.0,64.0,168.19,43.0,141.7,20.0,170.27,37.0,155.59,25.19,84.0,80.0,12.56446696043992,164,4.0,27.0,0.02,143.0,
2025-05-16 07:41:56,143.0,52.0,164.9,42.0,142.0,13.0,166.05,43.0,153.95,21.90000000000001,65.0,85.0,14.554988148397074,150,-20.0,-14.0,-0.13,143.0,
2025-05-16 07:41:57,143.0,44.0,162.07,29.0,142.0,11.0,163.38,32.0,152.53,19.069999999999997,55.0,61.0,13.62310243666882,116,-6.0,-34.0,-0.05,143.0,
2025-05-16 07:41:58,143.0,24.0,161.0,24.0,142.0,6.0,162.0,18.0,152.0,18.0,30.0,42.0,8.113280470929421,72,-12.0,-44.0,-0.17,143.0,
2025-05-16 07:41:59,143.0,52.0,159.96,50.0,142.0,13.0,161.8,40.0,151.48,16.960000000000008,65.0,90.0,1.6644368416856266,155,-25.0,83.0,-0.16,143.0,
2025-05-16 07:42:00,142.51,37.0,157.67,36.0,140.3,46.0,158.43,28.0,150.09,15.159999999999997,83.0,64.0,1.414337300632065,147,19.0,-8.0,0.13,142.8,5.0
2025-05-16 07:42:01,141.0,36.0,155.36,39.0,140.0,156.0,156.43,42.0,148.18,14.360000000000014,192.0,81.0,1.749865709121119,273,111.0,126.0,0.41,142.8,
2025-05-16 07:42:02,140.12,100.0,151.32,31.0,139.87,60.0,152.42,24.0,145.72,11.199999999999989,160.0,55.0,2.5762919089180274,215,105.0,-58.0,0.49,140.6,5.0
2025-05-16 07:42:03,140.14,111.0,148.57,42.0,139.48,21.0,149.61,33.0,144.36,8.430000000000007,132.0,75.0,2.956058186158528,207,57.0,-8.0,0.28,140.0,3.0
2025-05-16 07:42:04,142.0,52.0,147.0,26.0,140.0,137.0,148.0,52.0,144.5,5.0,189.0,78.0,2.493692041923657,267,111.0,60.0,0.42,140.0,
