DateTime,Bid1_Price,Bid1_Volume,Ask1_Price,Ask1_Volume,Bid2_Price,Bid2_Volume,Ask2_Price,Ask2_Volume,Mid-Price,Bid_Ask_Spread,Market_Depth_Bid,Market_Depth_Ask,Historical_Volatility,Total_volume,Cumulative_Volume_Difference,Total_Volume_Change_Corrected,Order_imbalance,Weighted_Avg_Price,Trade_Volume
2025-02-18 07:30:09,293.63,35.0,323.0,20.0,288.4,30.0,325.0,40.0,308.31,29.370000000000005,65.0,60.0,9.783763590766126,125,5.0,-6.0,0.04,,
2025-02-18 07:30:10,304.11,44.0,323.0,45.0,301.87,67.0,325.0,104.0,313.56,18.889999999999983,111.0,149.0,11.404712622420636,260,-38.0,135.0,-0.15,323.0,2.0
2025-02-18 07:30:11,321.0,10.0,323.0,10.0,304.0,45.0,325.0,40.0,322.0,2.0,55.0,50.0,11.801841805413265,105,5.0,-155.0,0.05,323.0,
2025-02-18 07:30:12,304.99,71.0,323.0,24.0,302.36,89.0,325.0,96.0,313.99,18.00999999999999,160.0,120.0,8.102951931240867,280,40.0,173.5,0.14,323.0,
2025-02-18 07:30:13,307.5,48.0,323.0,24.0,305.0,108.0,325.0,96.0,315.25,15.5,156.0,120.0,4.904025897158356,276,36.0,-4.0,0.13,323.0,
2025-02-18 07:30:14,310.0,40.0,323.0,20.0,305.6,90.0,325.0,80.0,316.5,13.0,130.0,100.0,3.408379380292005,230,30.0,-46.0,0.13,323.0,
2025-02-18 07:30:15,311.0,40.0,323.0,20.0,305.6,90.0,325.0,80.0,317.0,12.0,130.0,100.0,3.056103728606023,230,30.0,0.0,0.13,323.0,
2025-02-18 07:30:16,314.16,49.0,323.0,26.0,305.19,72.0,325.0,104.0,318.58,8.839999999999975,121.0,130.0,1.7435968570743825,251,-9.0,21.0,-0.04,323.0,
2025-02-18 07:30:17,318.31,52.0,323.0,26.0,317.07,43.0,325.0,104.0,320.65,4.689999999999998,95.0,130.0,2.082985837685749,225,-35.0,-26.0,-0.16,323.0,
2025-02-18 07:30:18,320.21,19.0,323.0,32.0,318.85,71.0,325.0,128.0,321.61,2.7900000000000205,90.0,160.0,2.2290065051496053,250,-70.0,25.0,-0.28,323.0,
2025-02-18 07:30:19,323.6,30.0,324.91,132.0,319.36,42.0,325.4,40.0,324.25,1.3100000000000025,72.0,172.0,2.793737639793536,244,-100.0,-6.0,-0.41,323.67,3.0
2025-02-18 07:30:20,323.21,38.0,325.01,87.0,315.02,61.0,326.18,22.0,324.11,1.8000000000000114,99.0,109.0,2.4009164916754377,208,-10.0,-36.0,-0.05,325.0,7.0
2025-02-18 07:30:21,308.59,27.0,329.26,19.0,307.91,97.0,334.92,25.0,318.93,20.670000000000016,124.0,44.0,2.2843817544357683,168,80.0,-40.0,0.48,327.4,10.0
2025-02-18 07:30:22,308.0,121.0,330.0,33.0,307.0,99.0,331.0,11.0,319.0,22.0,220.0,44.0,2.608141100477322,264,176.0,96.0,0.67,327.4,
2025-02-18 07:30:23,308.0,132.0,328.25,36.0,302.76,118.0,330.19,26.0,318.12,20.25,250.0,62.0,3.0308530152416058,312,188.0,48.0,0.6,327.4,
2025-02-18 07:30:24,308.54,188.0,326.9,63.0,307.75,217.0,327.97,102.0,317.72,18.35999999999996,405.0,165.0,2.5918584066262795,570,240.0,173.5,0.42,327.4,
2025-02-18 07:30:25,314.06,84.0,326.0,30.0,313.21,116.0,327.0,45.0,320.03,11.939999999999998,200.0,75.0,0.8931125349021938,275,125.0,-174.5,0.45,327.4,
2025-02-18 07:30:26,323.12,134.0,326.08,37.0,317.26,231.0,327.09,56.0,324.6,2.9599999999999795,365.0,93.0,2.776577029365321,458,272.0,173.5,0.59,325.0,2.0
2025-02-18 07:30:27,326.58,31.0,328.41,59.0,324.66,79.0,328.92,49.0,327.49,1.830000000000041,110.0,108.0,4.281398136123124,218,2.0,-174.5,0.01,327.44,9.0
2025-02-18 07:30:28,328.03,33.0,330.0,37.0,327.39,33.0,331.0,15.0,329.02,1.9700000000000275,66.0,52.0,4.813519502401297,118,14.0,-100.0,0.12,330.0,1.0
2025-02-18 07:30:29,329.65,23.0,330.62,16.0,328.17,29.0,345.69,48.0,330.14,0.9700000000000272,52.0,64.0,4.054421043749247,116,-12.0,-2.0,-0.1,330.0,2.0
2025-02-18 07:30:30,329.77,22.0,346.94,48.0,312.36,77.0,357.6,50.0,338.36,17.170000000000016,99.0,98.0,5.155077109025182,197,1.0,81.0,0.01,331.0,1.0
2025-02-18 07:30:31,330.39,46.0,338.31,117.0,329.59,34.0,358.84,96.0,334.35,7.920000000000016,80.0,213.0,4.431993907937472,293,-133.0,96.0,-0.45,331.0,
2025-02-18 07:30:32,331.3,37.0,345.75,80.0,330.0,34.0,358.24,63.0,338.52,14.449999999999989,71.0,143.0,4.45062018150215,214,-72.0,-79.0,-0.34,331.0,
2025-02-18 07:30:33,333.8,20.0,345.67,82.0,331.95,40.0,353.81,86.0,339.74,11.870000000000005,60.0,168.0,3.959901513926044,228,-108.0,14.0,-0.47,331.0,
2025-02-18 07:30:34,335.0,21.0,343.29,63.0,333.0,42.0,351.65,92.0,339.14,8.29000000000002,63.0,155.0,2.124104517200904,218,-92.0,-10.0,-0.42,331.0,
2025-02-18 07:31:02,336.64,61.0,341.0,18.0,334.64,154.0,350.0,34.0,338.82,4.360000000000014,215.0,52.0,1.993496927509935,267,163.0,55.0,0.61,338.25,4.0
2025-02-18 07:31:03,336.0,60.0,338.64,14.0,334.0,210.0,349.11,27.0,337.32,2.6399999999999864,270.0,41.0,2.3624288349051104,311,229.0,44.0,0.74,337.25,4.0
2025-02-18 07:31:04,336.0,34.0,338.0,10.0,334.0,150.0,339.0,10.0,337.0,2.0,184.0,20.0,2.161962071820554,204,164.0,-107.0,0.8,336.0,3.0
2025-02-18 07:31:05,336.0,12.0,337.17,12.0,334.0,180.0,344.12,17.0,336.58,1.170000000000016,192.0,29.0,1.7002646852741188,221,163.0,17.0,0.74,336.0,
2025-02-18 07:31:06,336.0,9.0,337.0,9.0,334.0,135.0,348.0,18.0,336.5,1.0,144.0,27.0,0.94121198461876,171,117.0,-50.0,0.68,336.0,
2025-02-18 07:31:07,334.0,90.0,348.0,12.0,332.0,24.0,349.0,18.0,341.0,14.0,114.0,30.0,1.885258602948195,144,84.0,-27.0,0.58,336.0,1.0
2025-02-18 07:31:08,334.0,135.0,348.0,18.0,332.0,36.0,349.0,27.0,341.0,14.0,171.0,45.0,2.366491073296174,216,126.0,72.0,0.58,336.0,
2025-02-18 07:31:09,334.0,78.0,348.0,26.0,332.0,52.0,349.0,39.0,341.0,14.0,130.0,65.0,2.4430063446481003,195,65.0,-21.0,0.33,336.0,
2025-02-18 07:31:16,335.0,90.0,342.55,33.0,334.0,45.0,343.81,27.0,338.77,7.550000000000011,135.0,60.0,3.0727951444886306,195,75.0,-3.0,0.38,336.0,
2025-02-18 07:31:17,335.0,112.0,341.12,24.0,334.0,42.0,341.96,26.0,338.06,6.1200000000000045,154.0,50.0,3.1123897570825467,204,104.0,9.0,0.51,335.0,3.0
2025-02-18 07:31:18,335.0,60.0,337.75,12.0,334.0,36.0,339.5,12.0,336.38,2.75,96.0,24.0,2.8864043375784623,120,72.0,-84.0,0.6,335.0,
2025-02-18 07:31:19,335.0,76.0,336.17,18.0,334.0,54.0,341.63,46.0,335.58,1.170000000000016,130.0,64.0,1.9680370931441504,194,66.0,74.0,0.34,335.0,1.0
2025-02-18 07:31:20,334.38,48.0,340.0,27.0,333.33,45.0,345.0,45.0,337.19,5.6200000000000045,93.0,72.0,1.2748843084731565,165,21.0,-29.0,0.13,335.2,5.0
2025-02-18 07:31:21,335.44,149.0,340.2,49.0,334.7,79.0,343.82,33.0,337.82,4.759999999999991,228.0,82.0,1.0286787642364594,310,146.0,145.0,0.47,335.2,
2025-02-18 07:31:22,337.0,104.0,338.58,57.0,335.06,96.0,341.42,19.0,337.79,1.579999999999984,200.0,76.0,0.964608728962702,276,124.0,-34.0,0.45,337.0,3.0
2025-02-18 07:31:23,335.42,111.0,338.0,42.0,334.84,148.0,349.0,14.0,336.71,2.579999999999984,259.0,56.0,0.9262127185431268,315,203.0,39.0,0.64,337.0,
2025-02-18 07:31:24,335.49,85.0,344.61,49.0,334.81,124.0,350.06,65.0,340.05,9.120000000000005,209.0,114.0,1.2806716987546984,323,95.0,8.0,0.29,337.0,3.0
2025-02-18 07:31:25,335.0,264.0,349.09,23.0,333.0,45.0,350.22,37.0,342.04,14.089999999999977,309.0,60.0,2.143308190622952,369,249.0,46.0,0.67,337.0,
2025-02-18 07:31:26,335.0,94.0,348.0,7.0,333.0,21.0,350.0,21.0,341.5,13.0,115.0,28.0,2.312611078411486,143,87.0,-174.5,0.61,335.0,4.0
2025-02-18 07:31:27,335.0,120.0,347.4,10.0,333.0,30.0,350.0,30.0,341.2,12.399999999999975,150.0,40.0,2.1347248066183253,190,110.0,47.0,0.58,335.0,
2025-02-18 07:31:28,335.0,93.0,345.88,8.0,333.0,24.0,347.22,9.0,340.44,10.879999999999995,117.0,17.0,0.8026705426211272,134,100.0,-56.0,0.75,335.0,3.0
2025-02-18 07:31:29,335.0,126.0,344.14,14.0,333.0,42.0,345.14,14.0,339.57,9.139999999999986,168.0,28.0,0.9640539403952912,196,140.0,62.0,0.71,335.0,
2025-02-18 07:31:30,335.0,135.0,342.0,15.0,333.0,45.0,344.0,15.0,338.5,7.0,180.0,30.0,1.227363026977563,210,150.0,14.0,0.71,335.0,
2025-02-18 07:31:31,335.06,164.0,340.12,43.0,333.29,63.0,342.08,25.0,337.59,5.060000000000002,227.0,68.0,1.4507411898720557,295,159.0,85.0,0.54,340.0,2.0
2025-02-18 07:31:32,335.03,123.0,337.92,37.0,333.52,69.0,339.06,35.0,336.48,2.890000000000043,192.0,72.0,1.5665024736626614,264,120.0,-31.0,0.45,335.33,6.0
2025-02-18 07:31:33,335.0,52.0,336.0,14.0,333.0,42.0,339.6,30.0,335.5,1.0,94.0,44.0,1.606975419846602,138,50.0,-126.0,0.36,335.0,3.0
2025-02-18 07:31:34,335.0,20.0,336.0,10.0,333.0,30.0,346.0,10.0,335.5,1.0,50.0,20.0,1.319045109157024,70,30.0,-68.0,0.43,335.0,
2025-02-18 07:31:35,336.95,37.0,342.36,11.0,331.89,27.0,347.68,25.0,339.65,5.410000000000025,64.0,36.0,1.741071509154937,100,28.0,30.0,0.28,335.0,2.0
2025-02-18 07:31:43,331.69,32.0,342.06,48.0,327.96,52.0,344.68,19.0,336.88,10.370000000000005,84.0,67.0,2.8461236796724063,151,17.0,2.0,0.11,335.33,6.0
2025-02-18 07:31:45,326.17,29.0,344.85,20.0,325.25,32.0,347.52,21.0,335.51,18.680000000000007,61.0,41.0,3.5846868761430244,102,20.0,-53.0,0.2,335.33,
2025-02-18 07:31:46,328.93,46.0,342.23,26.0,327.16,19.0,343.87,23.0,335.58,13.300000000000011,65.0,49.0,3.183303315738557,114,16.0,12.0,0.14,335.33,
2025-02-18 07:31:47,329.67,15.0,341.92,24.0,328.83,12.0,343.0,12.0,335.79,12.25,27.0,36.0,1.5925671100434338,63,-9.0,-51.0,-0.14,329.0,3.0
2025-02-18 07:31:48,330.0,9.0,341.0,32.0,329.0,9.0,343.0,9.0,335.5,11.0,18.0,41.0,1.652110771102259,59,-23.0,-4.0,-0.39,329.0,
2025-02-18 07:31:49,331.62,13.0,340.56,36.0,325.08,98.0,342.25,16.0,336.09,8.939999999999998,111.0,52.0,0.2502598649247398,163,59.0,104.0,0.36,329.0,
2025-02-18 07:31:50,332.98,179.0,340.0,28.0,326.88,41.0,344.71,14.0,336.49,7.019999999999982,220.0,42.0,0.4056476303297616,262,178.0,99.0,0.68,329.0,
2025-02-18 07:31:51,335.16,100.0,341.67,18.0,332.97,132.0,345.67,18.0,338.41,6.509999999999991,232.0,36.0,1.1522499728757718,268,196.0,6.0,0.73,339.0,2.0
2025-02-18 07:31:52,334.32,123.0,345.0,14.0,332.96,134.0,346.0,28.0,339.66,10.680000000000009,257.0,42.0,1.741938575263875,299,215.0,31.0,0.72,339.0,4.0
2025-02-18 07:31:53,333.0,128.0,344.78,9.0,332.0,8.0,345.93,15.0,338.89,11.779999999999973,136.0,24.0,1.5493288869676405,160,112.0,-139.0,0.7,339.0,
2025-02-18 07:31:54,333.0,256.0,342.17,47.0,332.0,16.0,343.88,24.0,337.59,9.170000000000016,272.0,71.0,1.2193932917612766,343,201.0,173.5,0.59,339.0,
2025-02-18 07:31:55,333.0,172.0,339.43,28.0,332.0,11.0,340.47,38.0,336.21,6.430000000000007,183.0,66.0,1.320272699101365,249,117.0,-94.0,0.47,333.0,2.0
2025-02-18 07:31:56,333.0,154.0,338.73,22.0,332.0,11.0,340.0,44.0,335.86,5.730000000000018,165.0,66.0,1.6476255642567292,231,99.0,-18.0,0.43,333.0,
2025-02-18 07:31:57,333.0,152.0,337.57,28.0,332.0,11.0,339.68,38.0,335.29,4.569999999999993,163.0,66.0,1.4576419313370994,229,97.0,-2.0,0.42,333.0,1.0
2025-02-18 07:31:58,333.8,113.0,336.23,52.0,332.95,109.0,338.0,26.0,335.01,2.430000000000007,222.0,78.0,1.0094156725512564,300,144.0,71.0,0.48,333.0,
2025-02-18 07:31:59,335.0,78.0,336.64,33.0,333.0,195.0,340.31,35.0,335.82,1.6399999999999864,273.0,68.0,0.4809053960937635,341,205.0,41.0,0.6,335.33,6.0
2025-02-18 07:32:00,335.0,28.0,343.27,40.0,333.0,182.0,344.89,38.0,339.14,8.269999999999982,210.0,78.0,1.669200407378361,288,132.0,-53.0,0.46,335.33,
2025-02-18 07:32:01,336.0,30.0,343.16,57.0,333.38,96.0,344.2,45.0,339.58,7.160000000000025,126.0,102.0,2.208363647588878,228,24.0,-60.0,0.11,335.33,
2025-02-18 07:32:03,334.41,64.0,345.4,53.0,336.33,18.0,346.73,37.0,339.9,10.989999999999952,82.0,90.0,1.7589258085524488,172,-8.0,-66.0,-0.05,339.0,9.0
2025-02-18 07:32:04,333.0,195.0,342.86,28.0,332.0,15.0,345.09,54.0,337.93,9.860000000000014,210.0,82.0,0.8559964953151541,292,128.0,120.0,0.44,339.0,
2025-02-18 07:32:05,333.0,132.0,341.0,44.0,332.0,11.0,346.0,55.0,337.0,8.0,143.0,99.0,1.3585028524047766,242,44.0,-50.0,0.18,333.0,1.0
2025-02-18 07:32:06,333.0,156.0,339.31,52.0,332.0,13.0,345.62,65.0,336.15,6.310000000000002,169.0,117.0,1.7393820741838293,286,52.0,44.0,0.18,333.0,
2025-02-18 07:32:07,333.0,102.0,339.0,32.0,332.0,8.0,345.0,40.0,336.0,6.0,110.0,72.0,1.5979142655324627,182,38.0,-104.0,0.21,333.0,
2025-02-18 07:32:08,333.0,140.0,339.0,40.0,332.0,10.0,345.0,50.0,336.0,6.0,150.0,90.0,0.8441149210814435,240,60.0,58.0,0.25,333.0,
2025-02-18 07:32:09,333.0,196.0,338.0,56.0,330.75,20.0,342.38,64.0,335.5,5.0,216.0,120.0,0.5449770637306262,336,96.0,96.0,0.29,333.0,
2025-02-18 07:32:10,333.0,145.0,338.62,61.0,331.0,98.0,340.47,62.0,335.81,5.6200000000000045,243.0,123.0,0.2501399608069846,366,120.0,30.0,0.33,333.0,12.0
2025-02-18 07:32:11,331.0,23.0,344.0,25.0,323.0,5.0,345.0,25.0,337.5,13.0,28.0,50.0,0.7753837759409385,78,-22.0,-174.5,-0.28,331.0,3.0
2025-02-18 07:32:12,331.11,27.0,344.0,45.0,328.33,18.0,345.82,17.0,337.56,12.889999999999986,45.0,62.0,0.9806018560008444,107,-17.0,29.0,-0.16,331.0,
2025-02-18 07:32:13,332.0,9.0,344.16,37.0,331.0,36.0,347.67,9.0,338.08,12.160000000000023,45.0,46.0,1.1549458861748132,91,-1.0,-16.0,-0.01,331.0,
2025-02-18 07:32:14,334.39,46.0,347.0,10.0,331.19,31.0,350.0,10.0,340.7,12.610000000000014,77.0,20.0,1.768587006621881,97,57.0,6.0,0.59,331.0,
2025-02-18 07:32:15,335.0,117.0,344.43,21.0,333.0,9.0,348.0,9.0,339.71,9.430000000000009,126.0,30.0,1.4268496767324548,156,96.0,59.0,0.62,331.0,
2025-02-18 07:32:16,335.0,130.0,344.0,30.0,333.0,10.0,347.0,10.0,339.5,9.0,140.0,40.0,1.2751078385734382,180,100.0,24.0,0.56,331.0,
2025-02-18 07:32:17,335.0,78.0,344.0,18.0,333.0,6.0,347.0,6.0,339.5,9.0,84.0,24.0,0.9354784871879046,108,60.0,-72.0,0.56,331.0,
2025-02-18 07:32:18,335.41,58.0,344.0,21.0,334.81,43.0,347.0,7.0,339.71,8.589999999999975,101.0,28.0,0.5008293122325365,129,73.0,21.0,0.57,331.0,
2025-02-18 07:32:20,336.33,18.0,343.79,19.0,334.97,79.0,345.36,11.0,340.06,7.460000000000036,97.0,30.0,0.8401071360197455,127,67.0,15.0,0.53,337.0,2.0
2025-02-18 07:32:21,335.62,117.0,342.33,30.0,334.65,51.0,344.27,45.0,338.97,6.70999999999998,168.0,75.0,0.9532942882401508,243,93.0,116.0,0.38,335.0,5.0
2025-02-18 07:32:24,335.21,43.0,346.23,52.0,334.35,31.0,347.52,56.0,340.72,11.02000000000004,74.0,108.0,0.678439385642778,182,-34.0,-20.0,-0.19,335.75,4.0
2025-02-18 07:32:25,333.8,30.0,343.86,56.0,331.62,26.0,345.0,56.0,338.83,10.060000000000002,56.0,112.0,0.7499133283195911,168,-56.0,-14.0,-0.33,335.75,
2025-02-18 07:32:26,334.92,39.0,342.15,52.0,333.0,13.0,344.54,52.0,338.54,7.229999999999961,52.0,104.0,0.8430421104496276,156,-52.0,-12.0,-0.33,335.75,
2025-02-18 07:32:27,335.0,48.0,339.5,64.0,333.0,16.0,342.0,64.0,337.25,4.5,64.0,128.0,1.2606069966453988,192,-64.0,36.0,-0.33,335.75,
2025-02-18 07:32:28,335.0,39.0,337.9,40.0,333.0,13.0,340.77,52.0,336.45,2.8999999999999773,52.0,92.0,1.6357781023082985,144,-40.0,-48.0,-0.28,335.75,
2025-02-18 07:32:29,332.0,36.0,334.53,30.0,330.75,12.0,336.53,30.0,333.27,2.5299999999999727,48.0,60.0,2.231102866295347,108,-12.0,-36.0,-0.11,334.5,4.0
2025-02-18 07:32:30,329.33,18.0,339.0,23.0,323.58,50.0,341.3,53.0,334.17,9.670000000000016,68.0,76.0,2.1793301723216008,144,-8.0,36.0,-0.06,331.0,5.0
2025-02-18 07:32:31,333.18,17.0,340.0,13.0,323.2,49.0,342.0,52.0,336.59,6.819999999999993,66.0,65.0,1.723682105259327,131,1.0,-13.0,0.01,339.0,2.0
2025-02-18 07:32:32,325.55,11.0,338.77,26.0,322.42,57.0,341.66,29.0,332.16,13.21999999999997,68.0,55.0,1.9534635906489808,123,13.0,-8.0,0.11,339.0,
2025-02-18 07:32:33,325.0,11.0,335.3,23.0,323.0,60.0,337.04,23.0,330.15,10.300000000000011,71.0,46.0,2.387408636993533,117,25.0,-6.0,0.21,328.0,1.0
2025-02-18 07:32:34,322.14,42.0,331.79,28.0,321.29,34.0,333.58,12.0,326.96,9.650000000000034,76.0,40.0,3.695487789181757,116,36.0,-1.0,0.31,328.0,
2025-02-18 07:32:35,324.48,29.0,329.78,27.0,321.95,63.0,333.19,37.0,327.13,5.2999999999999545,92.0,64.0,3.993954181008032,156,28.0,40.0,0.18,329.0,1.0
2025-02-18 07:32:36,325.0,22.0,328.73,33.0,321.27,37.0,333.36,44.0,326.86,3.730000000000018,59.0,77.0,2.394821496477703,136,-18.0,-20.0,-0.13,329.0,
2025-02-18 07:32:37,336.95,41.0,341.48,81.0,319.86,36.0,343.92,59.0,339.22,4.53000000000003,77.0,140.0,5.299729238366026,217,-63.0,81.0,-0.29,329.55,11.0
2025-02-18 07:32:38,322.33,45.0,342.0,81.0,319.17,29.0,419.91,33.0,332.17,19.670000000000016,74.0,114.0,5.384242750841731,188,-40.0,-29.0,-0.21,341.0,5.0
2025-02-18 07:32:39,331.41,41.0,342.0,90.0,321.68,40.0,533.09,23.0,336.71,10.589999999999977,81.0,113.0,5.558873087235538,194,-32.0,6.0,-0.16,341.0,
2025-02-18 07:32:40,329.21,19.0,342.0,63.0,281.53,19.0,345.0,21.0,335.61,12.79000000000002,38.0,84.0,4.781425519653268,122,-46.0,-72.0,-0.38,333.0,4.0
2025-02-18 07:32:41,325.0,27.0,340.63,41.0,322.0,9.0,342.12,75.0,332.82,15.629999999999995,36.0,116.0,2.889538025358291,152,-80.0,30.0,-0.53,333.0,
2025-02-18 07:32:42,324.81,16.0,338.5,24.0,288.0,10.0,342.0,24.0,331.66,13.689999999999998,26.0,48.0,2.2327628624624127,74,-22.0,-78.0,-0.3,333.0,
2025-02-18 07:32:43,324.1,10.0,337.6,40.0,275.41,22.0,340.0,40.0,330.85,13.5,32.0,80.0,2.5309188054916563,112,-48.0,38.0,-0.43,333.0,
2025-02-18 07:32:44,325.0,21.0,335.25,32.0,321.0,8.0,340.88,32.0,330.12,10.25,29.0,64.0,2.1478058571461367,93,-35.0,-19.0,-0.38,333.0,
2025-02-18 07:32:45,325.0,10.0,334.2,20.0,321.0,5.0,341.33,18.0,329.6,9.199999999999989,15.0,38.0,1.275186260901182,53,-23.0,-40.0,-0.43,333.0,
2025-02-18 07:32:46,325.88,32.0,332.08,48.0,321.0,13.0,340.1,58.0,328.98,6.199999999999989,45.0,106.0,1.04881838274848,151,-61.0,98.0,-0.4,333.0,
2025-02-18 07:32:47,326.0,30.0,328.5,40.0,322.05,22.0,340.0,77.0,327.25,2.5,52.0,117.0,1.3648992636788893,169,-65.0,18.0,-0.38,333.0,
2025-02-18 07:32:48,321.65,37.0,326.73,49.0,257.08,39.0,333.18,61.0,324.19,5.080000000000041,76.0,110.0,2.4025757011988627,186,-34.0,17.0,-0.18,327.0,1.0
2025-02-18 07:32:49,320.0,21.0,324.0,22.0,251.76,21.0,326.0,36.0,322.0,4.0,42.0,58.0,3.235078051607287,100,-16.0,-86.0,-0.16,324.0,1.0
2025-02-18 07:32:50,319.84,19.0,325.45,40.0,310.64,22.0,376.31,29.0,322.65,5.610000000000014,41.0,69.0,3.0033531260894413,110,-28.0,10.0,-0.25,326.08,13.0
2025-02-18 07:32:51,319.0,6.0,334.25,16.0,316.0,12.0,390.64,11.0,326.62,15.25,18.0,27.0,2.335416451083445,45,-9.0,-65.0,-0.2,326.08,
2025-02-18 07:32:52,322.0,5.0,323.0,10.0,319.0,5.0,332.0,12.0,322.5,1.0,10.0,22.0,1.8802047760792504,32,-12.0,-13.0,-0.38,326.08,
2025-02-18 07:32:53,322.0,6.0,323.0,12.0,319.7,10.0,328.0,12.0,322.5,1.0,16.0,24.0,1.8976511797459568,40,-8.0,8.0,-0.2,326.08,
2025-02-18 07:32:54,320.5,8.0,323.0,16.0,315.45,11.0,328.0,16.0,321.75,2.5,19.0,32.0,1.9417337613563863,51,-13.0,11.0,-0.25,326.08,
2025-02-18 07:32:55,318.0,4.0,323.0,8.0,312.0,8.0,328.0,8.0,320.5,5.0,12.0,16.0,2.300082607210277,28,-4.0,-23.0,-0.14,326.08,
2025-02-18 07:32:56,318.0,8.0,328.0,16.0,312.0,16.0,331.33,18.0,323.0,10.0,24.0,34.0,0.9746794344763884,58,-10.0,30.0,-0.17,323.0,2.0
2025-02-18 07:32:57,326.0,85.0,328.0,18.0,316.33,9.0,335.6,30.0,327.0,2.0,94.0,48.0,2.452039967046057,142,46.0,84.0,0.32,326.0,1.0
2025-02-18 07:32:58,326.0,60.0,328.0,12.0,315.0,6.0,335.0,24.0,327.0,2.0,66.0,36.0,3.008321791296803,102,30.0,-40.0,0.29,326.0,
2025-02-18 07:32:59,326.71,34.0,328.0,18.0,325.81,57.0,335.0,36.0,327.35,1.2900000000000205,91.0,54.0,3.0727837541862923,145,37.0,43.0,0.26,326.0,
2025-02-18 07:33:00,327.0,36.0,329.17,18.0,325.68,62.0,335.29,51.0,328.08,2.170000000000016,98.0,69.0,1.9979939939827336,167,29.0,22.0,0.17,332.2,5.0
2025-02-18 07:33:01,332.65,51.0,334.18,22.0,325.32,38.0,335.77,26.0,333.41,1.5300000000000296,89.0,48.0,2.742438695758007,137,41.0,-30.0,0.3,332.2,
2025-02-18 07:33:02,332.38,32.0,334.9,30.0,322.94,70.0,336.14,22.0,333.64,2.519999999999982,102.0,52.0,3.336634531978408,154,50.0,17.0,0.32,329.0,10.0
2025-02-18 07:33:03,323.0,16.0,336.62,32.0,322.0,32.0,376.86,14.0,329.81,13.620000000000005,48.0,46.0,2.93997789107176,94,2.0,-60.0,0.02,329.0,
2025-02-18 07:33:04,323.0,14.0,336.47,30.0,322.0,28.0,350.5,20.0,329.73,13.470000000000027,42.0,50.0,2.465325536311738,92,-8.0,-2.0,-0.09,337.0,1.0
2025-02-18 07:33:05,322.79,38.0,334.12,68.0,321.72,50.0,335.24,66.0,328.45,11.329999999999984,88.0,134.0,2.361613854970951,222,-46.0,130.0,-0.21,337.0,
2025-02-18 07:33:06,323.0,88.0,332.14,28.0,322.0,44.0,333.79,77.0,327.57,9.139999999999986,132.0,105.0,2.320452542068209,237,27.0,15.0,0.11,337.0,
2025-02-18 07:33:07,323.0,136.0,330.33,48.0,320.84,63.0,331.78,45.0,326.67,7.329999999999984,199.0,93.0,1.3629673510363114,292,106.0,55.0,0.36,331.0,1.0
2025-02-18 07:33:08,323.0,64.0,329.0,32.0,321.0,48.0,331.0,16.0,326.0,6.0,112.0,48.0,1.470537316762474,160,64.0,-132.0,0.4,331.0,
2025-02-18 07:33:09,323.0,104.0,327.28,53.0,321.0,78.0,329.28,25.0,325.14,4.279999999999973,182.0,78.0,1.2963525754944167,260,104.0,100.0,0.4,331.0,
2025-02-18 07:33:10,323.0,96.0,324.0,48.0,321.0,72.0,326.0,12.0,323.5,1.0,168.0,60.0,1.553425247635387,228,108.0,-32.0,0.47,331.0,
2025-02-18 07:33:11,323.0,72.0,324.0,15.0,321.0,54.0,326.0,9.0,323.5,1.0,126.0,24.0,1.440597098425184,150,102.0,-78.0,0.68,324.0,3.0
2025-02-18 07:33:12,323.0,56.0,324.0,7.0,321.0,42.0,326.0,7.0,323.5,1.0,98.0,14.0,1.1738483718057506,112,84.0,-38.0,0.75,324.0,
2025-02-18 07:33:13,323.0,58.0,324.0,8.0,321.0,48.0,326.0,8.0,323.5,1.0,106.0,16.0,0.7334302966137819,122,90.0,10.0,0.74,323.0,3.0
2025-02-18 07:33:14,323.55,66.0,324.96,25.0,322.11,81.0,326.47,17.0,324.25,1.4099999999999682,147.0,42.0,0.3354101966115281,189,105.0,67.0,0.56,324.0,1.0
2025-02-18 07:33:15,324.0,60.0,325.0,30.0,321.4,75.0,326.0,15.0,324.5,1.0,135.0,45.0,0.4873397172311942,180,90.0,-9.0,0.5,324.0,
2025-02-18 07:33:16,317.0,60.0,323.25,12.0,316.0,72.0,326.31,13.0,320.12,6.25,132.0,25.0,1.7646189390321496,157,107.0,-23.0,0.68,325.0,2.0
2025-02-18 07:33:17,318.7,33.0,323.0,16.0,317.08,49.0,326.0,16.0,320.85,4.300000000000011,82.0,32.0,2.021492023232076,114,50.0,-43.0,0.44,325.0,
2025-02-18 07:33:18,320.94,17.0,323.27,11.0,318.13,15.0,326.33,12.0,322.11,2.329999999999984,32.0,23.0,1.9692460486163008,55,9.0,-59.0,0.16,323.0,1.0
2025-02-18 07:33:19,321.09,11.0,327.27,11.0,316.91,11.0,328.47,15.0,324.18,6.180000000000007,22.0,26.0,1.952682769932414,48,-4.0,-7.0,-0.08,327.0,2.0
2025-02-18 07:33:20,322.0,11.0,328.91,11.0,321.0,11.0,332.93,61.0,325.45,6.910000000000025,22.0,72.0,2.2391449260802494,94,-50.0,46.0,-0.53,328.0,1.0
2025-02-18 07:33:21,322.77,13.0,325.28,29.0,321.36,11.0,331.29,21.0,324.02,2.509999999999991,24.0,50.0,1.8256149648792213,74,-26.0,-20.0,-0.35,328.0,
2025-02-18 07:33:22,324.2,20.0,326.67,24.0,313.92,24.0,331.31,26.0,325.43,2.4700000000000277,44.0,50.0,1.3664808816778216,94,-6.0,20.0,-0.06,325.0,3.0
2025-02-18 07:33:23,325.92,12.0,329.0,12.0,312.62,48.0,332.0,24.0,327.46,3.079999999999984,60.0,36.0,1.3781763312403144,96,24.0,2.0,0.25,325.0,
2025-02-18 07:33:24,315.29,34.0,323.31,26.0,312.1,50.0,332.25,32.0,319.3,8.019999999999982,84.0,58.0,3.068317128327995,142,26.0,46.0,0.18,329.0,1.0
2025-02-18 07:33:25,315.23,86.0,322.0,32.0,313.7,57.0,325.9,51.0,318.62,6.769999999999982,143.0,83.0,3.863467354591077,226,60.0,84.0,0.27,329.0,
2025-02-18 07:33:26,314.5,72.0,322.0,24.0,311.88,40.0,327.0,12.0,318.25,7.5,112.0,36.0,4.306294230541032,148,76.0,-78.0,0.51,329.0,
2025-02-18 07:33:27,314.0,42.0,322.0,14.0,311.0,7.0,327.0,7.0,318.0,8.0,49.0,21.0,4.017994524634278,70,28.0,-78.0,0.4,329.0,
2025-02-18 07:33:28,314.0,66.0,324.86,14.0,310.36,11.0,329.74,35.0,319.43,10.860000000000014,77.0,49.0,0.6304363568126373,126,28.0,56.0,0.22,322.0,2.0
2025-02-18 07:33:29,313.87,31.0,328.8,10.0,309.43,7.0,331.15,26.0,321.34,14.930000000000009,38.0,36.0,1.3495814165848288,74,2.0,-52.0,0.03,328.5,2.0
2025-02-18 07:33:30,313.83,24.0,328.85,60.0,309.84,25.0,330.9,60.0,321.34,15.02000000000004,49.0,120.0,1.615602054960021,169,-71.0,95.0,-0.42,328.5,
2025-02-18 07:33:31,314.24,17.0,327.56,48.0,311.05,61.0,330.12,48.0,320.9,13.319999999999991,78.0,96.0,1.459630090122496,174,-18.0,5.0,-0.1,328.5,
2025-02-18 07:33:32,314.97,71.0,327.0,73.0,312.35,17.0,329.0,33.0,320.99,12.029999999999973,88.0,106.0,0.7915491140737942,194,-18.0,20.0,-0.09,328.5,
2025-02-18 07:33:33,315.55,60.0,326.29,63.0,314.37,19.0,327.86,42.0,320.92,10.740000000000007,79.0,105.0,0.2234278406801529,184,-26.0,-10.0,-0.14,328.5,
2025-02-18 07:33:34,316.53,75.0,324.0,75.0,313.27,45.0,327.0,120.0,320.27,7.470000000000027,120.0,195.0,0.3865617673684429,315,-75.0,131.0,-0.24,328.5,
2025-02-18 07:33:35,317.55,55.0,324.0,55.0,312.0,33.0,327.0,88.0,320.77,6.449999999999989,88.0,143.0,0.2906028217189693,231,-55.0,-84.0,-0.24,328.5,
2025-02-18 07:33:36,318.89,54.0,324.0,106.0,314.46,54.0,325.47,34.0,321.44,5.110000000000014,108.0,140.0,0.4217463692683254,248,-32.0,17.0,-0.13,328.5,
2025-02-18 07:33:37,320.56,62.0,325.79,103.0,313.21,28.0,328.23,52.0,323.18,5.230000000000018,90.0,155.0,1.1223769420257148,245,-65.0,-3.0,-0.27,324.2,10.0
2025-02-18 07:33:38,315.92,39.0,329.0,90.0,314.68,41.0,330.0,60.0,322.46,13.079999999999984,80.0,150.0,1.195462253687239,230,-70.0,-15.0,-0.3,324.2,
2025-02-18 07:33:39,320.08,39.0,329.0,90.0,319.15,40.0,330.0,60.0,324.54,8.920000000000016,79.0,150.0,1.478147489255026,229,-71.0,-1.0,-0.31,324.2,
2025-02-18 07:33:40,325.74,31.0,329.0,60.0,324.54,39.0,330.0,56.0,327.37,3.259999999999991,70.0,116.0,2.293582350819539,186,-46.0,-43.0,-0.25,324.2,
2025-02-18 07:33:41,326.59,34.0,329.0,23.0,319.29,31.0,330.0,52.0,327.79,2.410000000000025,65.0,75.0,2.416271921781764,140,-10.0,-46.0,-0.07,329.0,2.0
2025-02-18 07:33:42,326.9,31.0,329.89,71.0,322.55,44.0,331.76,102.0,328.4,2.990000000000009,75.0,173.0,2.521977398786712,248,-98.0,108.0,-0.4,329.67,3.0
2025-02-18 07:33:43,327.06,34.0,330.0,13.0,316.7,20.0,334.0,60.0,328.53,2.9399999999999977,54.0,73.0,1.6265085305620155,127,-19.0,-121.0,-0.15,330.0,1.0
2025-02-18 07:33:44,327.0,45.0,328.31,71.0,312.4,15.0,331.05,19.0,327.65,1.3100000000000025,60.0,90.0,0.4977147777503847,150,-30.0,23.0,-0.2,330.0,
2025-02-18 07:33:45,317.12,17.0,327.21,33.0,311.14,29.0,330.0,15.0,322.16,10.089999999999977,46.0,48.0,2.679968283392716,94,-2.0,-56.0,-0.02,328.0,3.0
2025-02-18 07:33:46,315.0,9.0,327.0,18.0,311.0,18.0,331.54,13.0,321.0,12.0,27.0,31.0,3.660856457168285,58,-4.0,-36.0,-0.07,328.0,
2025-02-18 07:33:47,315.0,13.0,324.2,59.0,311.0,26.0,329.19,32.0,319.6,9.199999999999989,39.0,91.0,4.0424089352749135,130,-52.0,72.0,-0.4,328.0,
2025-02-18 07:33:48,316.29,56.0,324.0,85.0,313.48,21.0,327.0,34.0,320.14,7.7099999999999795,77.0,119.0,3.2445030436093587,196,-42.0,66.0,-0.21,328.0,
2025-02-18 07:33:49,317.11,36.0,324.0,41.0,311.24,17.0,327.0,18.0,320.56,6.889999999999986,53.0,59.0,0.9701133954287698,112,-6.0,-84.0,-0.05,324.0,1.0
2025-02-18 07:33:50,318.85,52.0,324.0,52.0,311.0,26.0,327.0,26.0,321.42,5.149999999999977,78.0,78.0,0.7123763050455224,156,0.0,44.0,0.0,324.0,
2025-02-18 07:33:51,319.33,36.0,324.0,36.0,312.0,18.0,325.91,22.0,321.67,4.670000000000016,54.0,58.0,0.8660369507072676,112,-4.0,-44.0,-0.04,324.0,
2025-02-18 07:33:52,320.72,100.0,324.0,60.0,317.57,46.0,325.0,45.0,322.36,3.2799999999999727,146.0,105.0,0.8865100112183928,251,41.0,139.0,0.16,324.0,
2025-02-18 07:33:53,322.17,162.0,324.0,72.0,320.0,72.0,325.0,54.0,323.08,1.829999999999984,234.0,126.0,0.9551544377693548,360,108.0,109.0,0.3,324.0,
2025-02-18 07:33:54,321.19,53.0,324.88,33.0,318.53,15.0,325.93,15.0,323.03,3.6899999999999977,68.0,48.0,0.7608350675347141,116,20.0,-174.5,0.17,324.2,5.0
2025-02-18 07:33:55,320.02,49.0,324.81,32.0,316.87,38.0,325.88,17.0,322.42,4.7900000000000205,87.0,49.0,0.5769488712100744,136,38.0,20.0,0.28,322.0,2.0
2025-02-18 07:33:56,323.46,26.0,324.8,20.0,317.98,43.0,325.88,16.0,324.13,1.3400000000000318,69.0,36.0,0.7124113979931909,105,33.0,-31.0,0.31,324.5,4.0
2025-02-18 07:33:57,324.43,63.0,328.23,26.0,312.3,44.0,330.0,30.0,326.33,3.8000000000000114,107.0,56.0,1.5431688177223757,163,51.0,58.0,0.31,326.67,3.0
2025-02-18 07:33:58,326.47,57.0,330.0,28.0,323.28,47.0,332.0,28.0,328.24,3.5299999999999727,104.0,56.0,2.419514414090305,160,48.0,-3.0,0.3,326.67,
2025-02-18 07:33:59,327.62,104.0,332.64,50.0,315.54,26.0,333.91,66.0,330.13,5.019999999999982,130.0,116.0,3.0896682669812248,246,14.0,86.0,0.06,330.0,2.0
2025-02-18 07:34:00,328.72,18.0,333.0,88.0,327.71,82.0,338.0,33.0,330.86,4.279999999999973,100.0,121.0,2.7622762352796766,221,-21.0,-25.0,-0.1,330.0,
2025-02-18 07:34:01,328.02,129.0,332.52,100.0,319.2,40.0,335.04,81.0,330.27,4.5,169.0,181.0,1.86534983313878,350,-12.0,129.0,-0.03,330.0,1.0
2025-02-18 07:34:02,328.58,113.0,332.1,62.0,324.58,62.0,334.08,83.0,330.34,3.5200000000000387,175.0,145.0,1.0046740764998583,320,30.0,-30.0,0.09,331.0,4.0
2025-02-18 07:34:03,331.18,77.0,335.54,39.0,329.64,66.0,336.85,39.0,333.36,4.360000000000014,143.0,78.0,1.3522462793407166,221,65.0,-99.0,0.29,333.0,3.0
2025-02-18 07:34:04,334.21,42.0,336.0,40.0,333.21,57.0,337.0,36.0,335.11,1.7900000000000205,99.0,76.0,2.154592768945151,175,23.0,-46.0,0.13,333.0,
2025-02-18 07:34:05,334.92,63.0,336.92,39.0,332.24,75.0,392.53,51.0,335.92,2.0,138.0,90.0,2.6285262030253,228,48.0,53.0,0.21,336.0,3.0
2025-02-18 07:34:06,335.0,30.0,337.0,18.0,334.0,24.0,403.4,15.0,336.0,2.0,54.0,33.0,2.377872999129772,87,21.0,-141.0,0.24,336.0,
2025-02-18 07:34:07,335.0,25.0,337.0,15.0,334.0,20.0,431.17,12.0,336.0,2.0,45.0,27.0,1.1359665487989354,72,18.0,-15.0,0.25,336.0,
2025-02-18 07:34:08,336.0,65.0,337.0,28.0,332.73,66.0,529.53,19.0,336.5,1.0,131.0,47.0,0.5010788361027176,178,84.0,106.0,0.47,337.0,1.0
2025-02-18 07:34:09,336.88,96.0,420.84,31.0,331.87,76.0,568.56,41.0,378.86,83.95999999999998,172.0,72.0,19.12200512498595,244,100.0,66.0,0.41,335.78,9.0
2025-02-18 07:34:14,332.8,40.0,359.82,17.0,323.33,18.0,365.56,27.0,346.31,27.019999999999985,58.0,44.0,23.00689635739652,102,14.0,-78.0,0.14,340.0,4.0
2025-02-18 07:34:15,332.11,54.0,362.6,47.0,325.88,34.0,363.42,19.0,347.35,30.49000000000001,88.0,66.0,3.967376967214845,154,22.0,52.0,0.14,340.0,
2025-02-18 07:34:16,333.0,30.0,340.35,55.0,332.0,90.0,355.86,63.0,336.67,7.350000000000023,120.0,118.0,6.952580815782508,238,2.0,84.0,0.01,340.0,
2025-02-18 07:34:17,332.23,44.0,334.92,49.0,331.36,50.0,335.57,47.0,333.57,2.6899999999999977,94.0,96.0,8.090656339258704,190,-2.0,-48.0,-0.01,334.0,2.0
2025-02-18 07:34:18,331.88,41.0,429.39,18.0,325.74,31.0,430.88,49.0,380.63,97.51,72.0,67.0,18.71152799746688,139,5.0,-51.0,0.04,332.14,7.0
2025-02-18 07:34:20,322.0,24.0,332.0,12.0,320.0,12.0,334.67,24.0,327.0,10.0,36.0,36.0,38.92480545873012,72,0.0,-147.0,0.0,324.67,3.0
2025-02-18 07:34:21,322.0,52.0,325.74,54.0,320.0,26.0,334.06,36.0,323.87,3.740000000000009,78.0,90.0,41.12550157748823,168,-12.0,96.0,-0.07,324.67,
2025-02-18 07:34:22,322.0,28.0,324.0,49.0,320.0,14.0,329.15,26.0,323.0,2.0,42.0,75.0,42.83598335511847,117,-33.0,-51.0,-0.28,324.67,
2025-02-18 07:34:23,320.0,22.0,324.0,77.0,204.17,29.0,328.11,36.0,322.0,4.0,51.0,113.0,41.87532722260195,164,-62.0,47.0,-0.38,324.67,
2025-02-18 07:34:24,321.56,27.0,324.0,37.0,265.4,15.0,325.0,12.0,322.78,2.4399999999999977,42.0,49.0,1.9455590456193828,91,-7.0,-73.0,-0.08,324.0,1.0
2025-02-18 07:34:25,322.0,56.0,324.0,48.0,309.65,51.0,325.0,16.0,323.0,2.0,107.0,64.0,0.6672330926981531,171,43.0,80.0,0.25,324.0,
2025-02-18 07:34:26,322.56,96.0,324.0,96.0,321.75,48.0,325.0,24.0,323.28,1.4399999999999975,144.0,120.0,0.4873602363668537,264,24.0,93.0,0.09,324.0,
2025-02-18 07:34:27,322.43,74.0,324.8,20.0,321.47,34.0,326.33,12.0,323.62,2.3700000000000045,108.0,32.0,0.6104752247156017,140,76.0,-124.0,0.54,324.0,8.0
2025-02-18 07:34:28,325.11,94.0,328.67,48.0,321.85,100.0,334.72,58.0,326.89,3.5600000000000023,194.0,106.0,1.6930977526391084,300,88.0,160.0,0.29,326.89,9.0
2025-02-18 07:34:29,326.8,40.0,332.79,19.0,313.0,10.0,335.3,40.0,329.79,5.990000000000009,50.0,59.0,2.9529527595259104,109,-9.0,-174.5,-0.08,329.0,1.0
2025-02-18 07:34:30,330.0,50.0,335.0,40.0,328.0,40.0,336.0,40.0,332.5,5.0,90.0,80.0,3.971011206228424,170,10.0,61.0,0.06,329.0,
2025-02-18 07:34:31,330.09,44.0,334.28,29.0,328.27,37.0,335.17,48.0,332.18,4.189999999999998,81.0,77.0,3.754428052312569,158,4.0,-12.0,0.03,329.0,
2025-02-18 07:34:32,331.7,40.0,334.0,24.0,330.0,40.0,335.0,36.0,332.85,2.300000000000012,80.0,60.0,2.5147703672485573,140,20.0,-18.0,0.14,332.0,2.0
2025-02-18 07:34:33,329.05,41.0,334.0,30.0,328.4,43.0,335.0,48.0,331.52,4.949999999999989,84.0,78.0,1.2093676033329686,162,6.0,22.0,0.04,334.0,2.0
2025-02-18 07:34:34,323.0,65.0,333.31,13.0,317.0,13.0,334.64,25.0,328.15,10.310000000000002,78.0,38.0,1.9032734958464184,116,40.0,-46.0,0.34,334.0,
2025-02-18 07:34:35,323.0,50.0,333.0,10.0,317.0,10.0,334.39,33.0,328.0,10.0,60.0,43.0,2.2994455853513007,103,17.0,-13.0,0.17,334.0,
2025-02-18 07:34:36,323.41,59.0,331.53,15.0,320.83,47.0,335.07,15.0,327.47,8.119999999999948,106.0,30.0,2.42117120418853,136,76.0,33.0,0.56,334.0,
2025-02-18 07:34:37,325.42,36.0,330.08,12.0,319.14,66.0,336.0,12.0,327.75,4.659999999999968,102.0,24.0,1.6647732578317902,126,78.0,-10.0,0.62,334.0,
2025-02-18 07:34:38,327.25,36.0,330.0,12.0,318.0,60.0,335.08,39.0,328.62,2.75,96.0,51.0,0.4330935233780644,147,45.0,21.0,0.31,334.0,
2025-02-18 07:34:39,325.44,50.0,332.94,17.0,319.41,68.0,336.69,58.0,329.19,7.5,118.0,75.0,0.6949316513096926,193,43.0,46.0,0.22,333.83,6.0
2025-02-18 07:34:40,318.54,48.0,336.45,22.0,313.61,67.0,338.6,15.0,327.5,17.909999999999968,115.0,37.0,0.7644802155661256,152,78.0,-41.0,0.51,335.33,3.0
2025-02-18 07:34:41,319.0,11.0,333.18,55.0,318.0,16.0,339.48,29.0,326.09,14.180000000000009,27.0,84.0,1.1849683540044806,111,-57.0,-41.0,-0.51,335.33,
2025-02-18 07:34:42,328.49,43.0,333.07,67.0,319.18,17.0,338.23,39.0,330.78,4.579999999999984,60.0,106.0,1.766105885838109,166,-46.0,55.0,-0.28,323.0,5.0
2025-02-18 07:34:43,334.11,44.0,338.0,40.0,332.9,71.0,339.0,8.0,336.06,3.8899999999999855,115.0,48.0,3.856725294857269,163,67.0,-3.0,0.41,323.0,
2025-02-18 07:34:44,335.0,10.0,337.1,50.0,333.0,20.0,338.13,46.0,336.05,2.1000000000000227,30.0,96.0,4.665686444671538,126,-66.0,-37.0,-0.52,323.0,
2025-02-18 07:34:45,335.0,4.0,337.0,20.0,333.0,8.0,339.38,8.0,336.0,2.0,12.0,28.0,4.481699454447112,40,-16.0,-86.0,-0.4,323.0,
2025-02-18 07:34:46,335.0,4.0,337.0,20.0,333.0,8.0,340.0,4.0,336.0,2.0,12.0,24.0,2.346917126783811,36,-12.0,-4.0,-0.33,323.0,
2025-02-18 07:34:47,335.0,5.0,337.0,25.0,333.0,10.0,340.0,5.0,336.0,2.0,15.0,30.0,0.0303315016267731,45,-15.0,9.0,-0.33,323.0,
2025-02-18 07:34:48,331.4,25.0,336.9,50.0,325.24,29.0,340.0,10.0,334.15,5.5,54.0,60.0,0.833216658493451,114,-6.0,69.0,-0.05,333.67,3.0
2025-02-18 07:34:49,330.0,60.0,335.57,44.0,318.0,50.0,337.12,24.0,332.78,5.569999999999993,110.0,68.0,1.4705373167624944,178,42.0,64.0,0.24,333.67,
2025-02-18 07:34:50,330.0,54.0,332.89,27.0,318.0,45.0,334.0,45.0,331.44,2.8899999999999864,99.0,72.0,2.00231865595638,171,27.0,-7.0,0.16,333.67,
2025-02-18 07:34:51,328.12,64.0,331.42,36.0,317.93,54.0,334.31,52.0,329.77,3.300000000000012,118.0,88.0,2.402575701198801,206,30.0,35.0,0.15,330.0,6.0
2025-02-18 07:34:52,318.0,65.0,330.15,39.0,317.0,26.0,341.17,29.0,324.08,12.149999999999975,91.0,68.0,3.909543451605416,159,23.0,-47.0,0.14,330.0,
2025-02-18 07:34:53,318.0,80.0,329.0,16.0,317.0,32.0,330.0,48.0,323.5,11.0,112.0,64.0,4.27019671677905,176,48.0,17.0,0.27,330.0,
2025-02-18 07:34:54,319.96,151.0,327.35,20.0,317.93,91.0,330.0,60.0,323.66,7.390000000000043,242.0,80.0,3.808477386041638,322,162.0,146.0,0.5,330.0,
2025-02-18 07:34:55,322.75,112.0,328.65,17.0,319.83,92.0,330.59,27.0,325.7,5.899999999999977,204.0,44.0,2.6244085047855195,248,160.0,-74.0,0.65,329.0,3.0
2025-02-18 07:34:56,325.09,44.0,329.0,11.0,323.0,88.0,330.0,11.0,327.05,3.910000000000025,132.0,22.0,1.5313784639959551,154,110.0,-94.0,0.71,329.0,
2025-02-18 07:34:57,326.57,84.0,329.03,31.0,320.0,50.0,331.56,16.0,327.8,2.4599999999999795,134.0,47.0,1.9435328656831563,181,87.0,27.0,0.48,328.0,5.0
2025-02-18 07:34:58,314.27,30.0,388.53,15.0,312.0,75.0,436.73,15.0,351.4,74.25999999999999,105.0,30.0,11.444361930662197,135,75.0,-46.0,0.56,336.5,6.0
2025-02-18 07:34:59,316.2,85.0,328.41,29.0,314.51,55.0,467.26,27.0,322.31,12.210000000000036,140.0,56.0,11.67796086652076,196,84.0,61.0,0.43,322.0,3.0
2025-02-18 07:35:00,317.78,76.0,338.17,54.0,318.2,46.0,346.12,16.0,327.97,20.390000000000043,122.0,70.0,11.46986617184308,192,52.0,-4.0,0.27,327.75,4.0
2025-02-18 07:35:01,327.32,31.0,373.47,57.0,324.69,36.0,380.12,52.0,350.4,46.150000000000034,67.0,109.0,13.817146232127293,176,-42.0,-16.0,-0.24,327.75,
2025-02-18 07:35:02,335.17,41.0,371.06,54.0,332.83,81.0,373.0,72.0,353.11,35.889999999999986,122.0,126.0,14.682148003612712,248,-4.0,72.0,-0.02,335.0,6.0
2025-02-18 07:35:08,334.08,125.0,335.55,69.0,333.38,56.0,337.31,52.0,334.82,1.4700000000000273,181.0,121.0,6.410902432574457,302,60.0,173.5,0.2,334.44,9.0
2025-02-18 07:35:09,334.0,40.0,336.78,37.0,331.0,12.0,344.92,25.0,335.39,2.7799999999999727,52.0,62.0,6.958493371412366,114,-10.0,-174.5,-0.09,334.0,4.0
2025-02-18 07:35:10,334.0,74.0,336.77,39.0,331.0,13.0,346.0,26.0,335.38,2.769999999999982,87.0,65.0,6.188042501469298,152,22.0,38.0,0.14,334.0,
2025-02-18 07:35:11,334.0,39.0,336.0,24.0,331.0,8.0,346.0,16.0,335.0,2.0,47.0,40.0,3.765749593373264,87,7.0,-65.0,0.08,334.0,5.0
2025-02-18 07:35:12,334.0,24.0,337.68,22.0,331.0,8.0,360.0,16.0,335.84,3.680000000000007,32.0,38.0,0.3954491117592343,70,-6.0,-17.0,-0.09,335.0,3.0
2025-02-18 07:35:17,335.77,26.0,348.0,30.0,300.06,33.0,546.12,34.0,341.88,12.230000000000018,59.0,64.0,0.9659813662747604,123,-5.0,62.0,-0.04,337.33,3.0
2025-02-18 07:35:28,336.5,48.0,340.55,62.0,332.94,128.0,352.25,16.0,338.52,4.050000000000011,176.0,78.0,1.216704565615674,254,98.0,8.0,0.39,335.4,5.0
2025-02-18 07:35:29,333.0,63.0,352.0,11.0,332.0,44.0,353.0,22.0,342.5,19.0,107.0,33.0,1.4155211054555208,140,74.0,-114.0,0.53,333.0,3.0
2025-02-18 07:35:30,336.67,30.0,352.08,26.0,332.89,72.0,353.08,25.0,344.37,15.409999999999968,102.0,51.0,2.2533242110247067,153,51.0,13.0,0.33,333.0,
2025-02-18 07:35:33,334.06,62.0,347.08,39.0,332.76,84.0,353.0,26.0,340.57,13.019999999999982,146.0,65.0,1.4630891975509193,211,81.0,76.0,0.38,337.0,3.0
2025-02-18 07:35:34,336.2,64.0,346.87,45.0,332.87,92.0,353.0,30.0,341.53,10.670000000000016,156.0,75.0,1.583136128066747,231,81.0,20.0,0.35,337.5,6.0
2025-02-18 07:35:37,333.0,24.0,342.83,36.0,332.0,84.0,350.69,26.0,337.92,9.829999999999984,108.0,62.0,1.811565621220968,170,46.0,62.0,0.27,337.5,
2025-02-18 07:35:38,333.0,16.0,341.88,24.0,332.0,56.0,343.0,24.0,337.44,8.879999999999995,72.0,48.0,2.3273224959144634,120,24.0,-50.0,0.2,337.5,
2025-02-18 07:35:39,333.0,26.0,340.03,37.0,332.0,91.0,341.62,39.0,336.51,7.029999999999973,117.0,76.0,2.5993787719355588,193,41.0,73.0,0.21,337.5,
2025-02-18 07:35:40,333.0,14.0,337.44,9.0,332.0,49.0,338.63,19.0,335.22,4.439999999999998,63.0,28.0,1.97081962644696,91,35.0,-102.0,0.38,337.5,
2025-02-18 07:35:41,333.07,30.0,334.57,46.0,332.04,102.0,336.17,18.0,333.82,1.5,132.0,64.0,1.6744611073381372,196,68.0,105.0,0.35,334.0,1.0
2025-02-18 07:35:42,332.0,77.0,335.18,11.0,331.0,11.0,347.59,29.0,333.59,3.180000000000007,88.0,40.0,1.67057774437102,128,48.0,-68.0,0.38,333.0,2.0
2025-02-18 07:35:43,334.88,43.0,345.43,35.0,331.83,42.0,346.57,35.0,340.16,10.550000000000011,85.0,70.0,2.675658797378311,155,15.0,27.0,0.1,334.5,2.0
2025-02-18 07:35:51,332.6,40.0,338.32,53.0,331.7,46.0,339.18,49.0,335.46,5.71999999999997,86.0,102.0,3.306818712900533,188,-16.0,-26.0,-0.09,332.86,7.0
2025-02-18 07:35:52,329.22,109.0,332.11,74.0,325.25,73.0,335.38,39.0,330.66,2.8899999999999864,182.0,113.0,5.113034324155085,295,69.0,107.0,0.23,331.67,3.0
2025-02-18 07:35:53,329.0,62.0,340.91,22.0,322.0,52.0,343.31,52.0,334.95,11.910000000000023,114.0,74.0,4.466841165744244,188,40.0,-107.0,0.21,329.11,9.0
2025-02-18 07:35:54,329.4,10.0,347.43,28.0,327.04,23.0,350.88,34.0,338.41,18.03000000000003,33.0,62.0,3.6927943349159262,95,-29.0,-93.0,-0.31,329.11,
2025-02-18 07:35:55,330.31,13.0,332.0,45.0,328.44,27.0,349.21,57.0,331.15,1.6899999999999975,40.0,102.0,3.2280381038622257,142,-62.0,47.0,-0.44,332.0,2.0
2025-02-18 07:35:56,328.73,30.0,344.82,65.0,324.87,113.0,349.39,72.0,336.77,16.089999999999975,143.0,137.0,3.4113369813002263,280,6.0,138.0,0.02,332.0,
2025-02-18 07:35:57,327.0,24.0,348.78,72.0,325.0,96.0,349.53,60.0,337.89,21.779999999999973,120.0,132.0,2.935145652261102,252,-12.0,-28.0,-0.05,332.0,
2025-02-18 07:35:58,327.0,16.0,348.0,67.0,325.0,64.0,349.0,21.0,337.5,21.0,80.0,88.0,2.964537063351961,168,-8.0,-84.0,-0.05,332.0,
2025-02-18 07:35:59,327.0,20.0,343.75,60.0,325.0,80.0,346.21,39.0,335.38,16.75,100.0,99.0,2.737639494160464,199,1.0,31.0,0.01,332.0,
2025-02-18 07:36:00,327.0,12.0,331.0,13.0,325.0,48.0,344.0,30.0,329.0,4.0,60.0,43.0,3.653938970479241,103,17.0,-96.0,0.17,331.0,1.0
2025-02-18 07:36:01,327.0,26.0,339.86,44.0,325.0,104.0,344.81,59.0,333.43,12.860000000000014,130.0,103.0,3.6250310343480647,233,27.0,130.0,0.12,331.0,2.0
2025-02-18 07:36:02,333.94,36.0,344.0,70.0,331.08,52.0,346.0,56.0,338.97,10.060000000000002,88.0,126.0,3.889618233192915,214,-38.0,-19.0,-0.18,331.0,
2025-02-18 07:36:07,335.64,66.0,344.0,60.0,333.36,56.0,347.0,48.0,339.82,8.360000000000014,122.0,108.0,0.9749256381847028,230,14.0,6.0,0.06,337.6,5.0
2025-02-18 07:36:08,334.0,64.0,344.0,40.0,330.0,16.0,347.0,32.0,339.0,10.0,80.0,72.0,1.4479226498641322,152,8.0,-78.0,0.05,337.6,
2025-02-18 07:36:09,334.0,46.0,344.0,35.0,330.0,14.0,347.0,28.0,339.0,10.0,60.0,63.0,1.530516252768766,123,-3.0,-29.0,-0.02,334.0,3.0
2025-02-18 07:36:10,334.0,30.0,344.0,30.0,330.0,12.0,347.0,24.0,339.0,10.0,42.0,54.0,1.299415253100072,96,-12.0,-27.0,-0.12,334.0,
2025-02-18 07:36:11,334.45,31.0,343.56,45.0,332.32,76.0,345.64,66.0,339.0,9.110000000000014,107.0,111.0,0.3667151482948224,218,-4.0,122.0,-0.02,334.0,
2025-02-18 07:36:15,333.0,238.0,338.26,46.0,330.0,17.0,339.18,56.0,335.63,5.259999999999991,255.0,102.0,2.480235875877344,357,153.0,173.5,0.43,334.0,
2025-02-18 07:36:16,333.0,128.0,334.4,20.0,330.0,10.0,336.18,34.0,333.7,1.3999999999999773,138.0,54.0,3.6485435450311914,192,84.0,-165.0,0.44,333.0,4.0
2025-02-18 07:36:17,333.0,84.0,334.0,20.0,330.75,20.0,344.27,44.0,333.5,1.0,104.0,64.0,3.6823864544597065,168,40.0,-24.0,0.24,333.0,2.0
2025-02-18 07:36:18,333.0,74.0,342.95,43.0,331.0,33.0,347.33,48.0,337.98,9.949999999999989,107.0,91.0,2.80815419804329,198,16.0,30.0,0.08,333.0,2.0
2025-02-18 07:36:19,333.0,48.0,344.68,37.0,331.0,24.0,347.29,35.0,338.84,11.680000000000009,72.0,72.0,2.4309668858271283,144,0.0,-54.0,0.0,333.0,
2025-02-18 07:36:20,333.0,44.0,343.22,36.0,331.0,27.0,345.0,45.0,338.11,10.220000000000027,71.0,81.0,2.6014765038316536,152,-10.0,8.0,-0.07,333.0,2.0
2025-02-18 07:36:21,333.0,40.0,342.3,40.0,331.0,30.0,345.5,50.0,337.65,9.300000000000011,70.0,90.0,2.1223406889536585,160,-20.0,8.0,-0.12,333.0,
2025-02-18 07:36:22,333.0,44.0,341.43,37.0,331.0,33.0,343.67,48.0,337.22,8.430000000000007,77.0,85.0,0.6002082971673096,162,-8.0,2.0,-0.05,333.0,
2025-02-18 07:36:23,332.87,47.0,339.42,36.0,330.97,34.0,342.0,48.0,336.14,6.550000000000011,81.0,84.0,1.0094404390494929,165,-3.0,3.0,-0.02,333.0,
2025-02-18 07:36:24,331.0,36.0,339.0,36.0,330.0,12.0,342.0,48.0,335.0,8.0,48.0,84.0,1.2537663259109857,132,-36.0,-33.0,-0.27,333.0,
2025-02-18 07:36:25,331.67,108.0,338.06,65.0,330.6,30.0,340.05,61.0,334.86,6.389999999999986,138.0,126.0,1.2628063984587052,264,12.0,132.0,0.05,333.0,
2025-02-18 07:36:26,333.11,125.0,335.91,43.0,332.37,105.0,344.41,51.0,334.51,2.800000000000012,230.0,94.0,1.117711948575396,324,136.0,60.0,0.42,333.5,6.0
2025-02-18 07:36:27,333.0,153.0,334.33,75.0,331.0,57.0,338.0,51.0,333.67,1.329999999999984,210.0,126.0,0.8935491032887227,336,84.0,12.0,0.25,333.4,5.0
2025-02-18 07:36:28,333.0,45.0,343.86,29.0,331.0,42.0,345.87,15.0,338.43,10.860000000000014,87.0,44.0,1.8276569699996184,131,43.0,-174.5,0.33,333.0,3.0
2025-02-18 07:36:29,334.92,52.0,345.0,26.0,333.0,39.0,346.0,13.0,339.96,10.079999999999984,91.0,39.0,2.7443633141383423,130,52.0,-1.0,0.4,333.0,
2025-02-18 07:36:30,334.37,35.0,345.0,26.0,331.62,39.0,346.0,13.0,339.69,10.629999999999995,74.0,39.0,2.958634820316399,113,35.0,-17.0,0.31,335.4,5.0
2025-02-18 07:36:31,333.0,22.0,344.05,40.0,331.0,33.0,345.29,17.0,338.52,11.050000000000011,55.0,57.0,2.543979166579165,112,-2.0,-1.0,-0.02,335.4,
2025-02-18 07:36:32,330.13,46.0,342.86,42.0,323.96,25.0,344.29,21.0,336.49,12.730000000000018,71.0,63.0,1.3714481397373228,134,8.0,22.0,0.06,331.8,5.0
2025-02-18 07:36:33,330.0,40.0,341.2,30.0,323.0,20.0,345.67,24.0,335.6,11.199999999999989,60.0,54.0,1.936148238123513,114,6.0,-20.0,0.05,331.8,
2025-02-18 07:36:34,330.0,32.0,341.0,24.0,323.0,16.0,346.0,16.0,335.5,11.0,48.0,40.0,1.8633706018901857,88,8.0,-26.0,0.09,330.0,1.0
2025-02-18 07:36:35,330.0,39.0,340.08,39.0,323.0,26.0,346.85,26.0,335.04,10.079999999999984,65.0,65.0,1.383618444510054,130,0.0,42.0,0.0,330.0,
2025-02-18 07:36:36,325.1,20.0,340.0,27.0,322.12,32.0,347.0,18.0,332.55,14.899999999999975,52.0,45.0,1.485573963149721,97,7.0,-33.0,0.07,330.0,3.0
2025-02-18 07:36:37,323.0,24.0,338.25,36.0,322.0,48.0,347.0,24.0,330.62,15.25,72.0,60.0,2.197912646123224,132,12.0,35.0,0.09,330.0,
2025-02-18 07:36:38,323.0,31.0,337.39,38.0,322.0,52.0,346.23,26.0,330.2,14.389999999999986,83.0,64.0,2.4434033641599977,147,19.0,15.0,0.13,337.0,1.0
2025-02-18 07:36:39,324.0,75.0,337.0,30.0,323.0,30.0,343.4,30.0,330.5,13.0,105.0,60.0,2.043335508424482,165,45.0,18.0,0.27,337.0,
2025-02-18 07:36:40,324.79,56.0,336.08,24.0,323.3,27.0,342.0,24.0,330.43,11.289999999999964,83.0,48.0,0.9570527676091052,131,35.0,-34.0,0.27,337.0,
2025-02-18 07:36:41,332.15,53.0,335.6,30.0,330.91,67.0,339.53,30.0,333.88,3.450000000000045,120.0,60.0,1.5471199048516708,180,60.0,49.0,0.33,333.0,2.0
2025-02-18 07:36:42,333.12,34.0,336.11,36.0,332.02,82.0,341.89,36.0,334.61,2.990000000000009,116.0,72.0,2.1373184133367524,188,44.0,8.0,0.23,333.0,2.0
2025-02-18 07:36:51,332.0,11.0,348.0,22.0,325.0,77.0,351.3,20.0,340.0,16.0,88.0,42.0,0.555544777663205,130,46.0,-11.0,0.35,333.0,
2025-02-18 07:36:52,332.0,9.0,344.95,22.0,325.0,63.0,346.38,21.0,338.48,12.949999999999989,72.0,43.0,1.068512985409539,115,29.0,-15.0,0.25,333.0,
2025-02-18 07:36:53,332.0,14.0,341.54,35.0,325.0,98.0,342.8,35.0,336.77,9.54000000000002,112.0,70.0,1.774139227904271,182,42.0,67.0,0.23,333.0,
2025-02-18 07:36:54,325.22,177.0,339.4,35.0,323.75,106.0,341.5,40.0,332.31,14.17999999999995,283.0,75.0,3.513936538981408,358,208.0,173.5,0.58,326.75,4.0
2025-02-18 07:36:55,328.32,38.0,337.48,33.0,323.8,40.0,340.25,32.0,332.9,9.160000000000023,78.0,65.0,3.388476058641794,143,13.0,-174.5,0.09,336.6,5.0
2025-02-18 07:36:56,336.08,13.0,346.3,10.0,327.43,23.0,351.0,40.0,341.19,10.220000000000027,36.0,50.0,3.753698176463928,86,-14.0,-57.0,-0.16,336.6,
2025-02-18 07:36:58,335.86,14.0,347.0,40.0,331.73,33.0,408.0,24.0,341.43,11.139999999999986,47.0,64.0,5.377204664134401,111,-17.0,28.0,-0.15,338.0,4.0
2025-02-18 07:36:59,333.0,8.0,347.0,20.0,331.0,28.0,408.0,12.0,340.0,14.0,36.0,32.0,4.178065341756732,68,4.0,-43.0,0.06,338.0,
2025-02-18 07:37:00,333.0,22.0,347.0,55.0,331.0,77.0,408.0,33.0,340.0,14.0,99.0,88.0,1.6352461588362577,187,11.0,119.0,0.06,338.0,
2025-02-18 07:37:01,333.0,26.0,347.0,40.0,331.0,56.0,408.0,24.0,340.0,14.0,82.0,64.0,1.7426933178240835,146,18.0,-41.0,0.12,338.0,
2025-02-18 07:37:02,333.0,63.0,345.95,38.0,331.0,63.0,355.93,41.0,339.47,12.949999999999989,126.0,79.0,0.7354930319103052,205,47.0,59.0,0.23,338.0,
2025-02-18 07:37:03,331.73,77.0,341.38,64.0,330.64,98.0,345.13,75.0,336.55,9.649999999999975,175.0,139.0,1.501276123832149,314,36.0,109.0,0.11,338.0,
2025-02-18 07:37:04,331.0,41.0,340.75,32.0,329.37,38.0,352.24,17.0,335.88,9.75,79.0,49.0,2.002236249793809,128,30.0,-174.5,0.23,331.89,9.0
2025-02-18 07:37:05,331.0,18.0,345.0,36.0,327.0,36.0,359.67,18.0,338.0,14.0,54.0,54.0,1.7857631421855225,108,0.0,-20.0,0.0,331.89,
2025-02-18 07:37:06,332.78,54.0,345.0,48.0,330.14,42.0,349.0,48.0,338.89,12.220000000000027,96.0,96.0,1.5212724936671431,192,0.0,84.0,0.0,331.89,
2025-02-18 07:37:07,333.02,107.0,345.0,64.0,331.38,37.0,349.0,64.0,339.01,11.980000000000018,144.0,128.0,1.4010103497077364,272,16.0,80.0,0.06,331.89,
2025-02-18 07:37:08,333.52,58.0,345.0,52.0,332.77,71.0,349.0,52.0,339.26,11.480000000000018,129.0,104.0,1.38544938557432,233,25.0,-39.0,0.11,334.0,2.0
2025-02-18 07:37:16,337.0,22.0,351.93,43.0,333.0,77.0,361.09,44.0,344.47,14.930000000000009,99.0,87.0,2.189710026462169,186,12.0,37.0,0.06,334.0,
2025-02-18 07:37:19,337.0,14.0,348.67,27.0,334.0,45.0,353.0,36.0,342.83,11.670000000000016,59.0,63.0,1.1246021518692333,122,-4.0,-50.0,-0.03,337.0,1.0
2025-02-18 07:37:20,337.0,8.0,346.95,20.0,334.0,40.0,350.15,26.0,341.98,9.949999999999989,48.0,46.0,0.9820539699979924,94,2.0,-28.0,0.02,337.0,
2025-02-18 07:37:21,337.0,18.0,342.0,39.0,334.0,90.0,343.3,53.0,339.5,5.0,108.0,92.0,1.7918900635889154,200,16.0,106.0,0.08,337.0,
2025-02-18 07:37:22,333.83,35.0,338.15,26.0,333.13,70.0,340.0,39.0,335.99,4.319999999999993,105.0,65.0,3.159960442788541,170,40.0,-30.0,0.24,333.71,7.0
2025-02-18 07:37:23,333.23,52.0,336.2,30.0,332.51,49.0,338.59,34.0,334.72,2.9699999999999704,101.0,64.0,3.5769302481301017,165,37.0,-5.0,0.22,335.0,2.0
2025-02-18 07:37:24,333.0,25.0,345.06,35.0,331.31,51.0,348.96,50.0,339.03,12.060000000000002,76.0,85.0,2.9005223667450006,161,-9.0,-4.0,-0.06,334.67,6.0
2025-02-18 07:37:25,333.0,14.0,345.96,25.0,332.0,28.0,350.35,31.0,339.48,12.95999999999998,42.0,56.0,2.234508894586897,98,-14.0,-63.0,-0.14,334.67,
2025-02-18 07:37:26,336.39,31.0,343.69,13.0,332.24,42.0,346.0,52.0,340.04,7.300000000000011,73.0,65.0,2.350631829952957,138,8.0,40.0,0.06,334.67,
2025-02-18 07:37:27,335.86,28.0,342.08,12.0,331.71,42.0,349.25,48.0,338.97,6.21999999999997,70.0,60.0,2.1277147365161584,130,10.0,-8.0,0.08,335.71,7.0
2025-02-18 07:37:28,332.0,24.0,341.33,12.0,330.0,60.0,352.0,48.0,336.67,9.329999999999984,84.0,60.0,1.28563991847955,144,24.0,14.0,0.17,335.71,
2025-02-18 07:37:29,332.0,28.0,337.54,26.0,330.0,70.0,350.79,47.0,334.77,5.5400000000000205,98.0,73.0,2.207584652960821,171,25.0,27.0,0.15,335.71,
2025-02-18 07:37:30,332.0,18.0,335.0,45.0,330.0,53.0,341.0,9.0,333.5,3.0,71.0,54.0,2.749263537747525,125,17.0,-46.0,0.14,335.71,
2025-02-18 07:37:31,332.0,26.0,334.0,13.0,330.0,91.0,338.29,48.0,333.0,2.0,117.0,61.0,2.4557626106747112,178,56.0,53.0,0.31,335.71,
2025-02-18 07:37:32,332.0,18.0,340.75,16.0,330.0,70.0,347.52,42.0,336.38,8.75,88.0,58.0,1.6510390667660595,146,30.0,-32.0,0.21,332.0,1.0
2025-02-18 07:37:45,336.25,32.0,342.08,26.0,333.83,46.0,349.59,34.0,339.16,5.829999999999984,78.0,60.0,0.6445696238490396,138,18.0,-174.5,0.13,338.0,3.0
2025-02-18 07:37:46,334.0,63.0,343.29,41.0,332.0,18.0,350.0,38.0,338.65,9.29000000000002,81.0,79.0,0.584935893913951,160,2.0,22.0,0.01,338.0,
2025-02-18 07:37:47,334.0,51.0,344.56,45.0,332.0,18.0,349.74,38.0,339.28,10.560000000000002,69.0,83.0,0.3881108089050264,152,-14.0,-8.0,-0.09,334.0,3.0
2025-02-18 07:37:48,334.0,40.0,348.38,26.0,332.0,20.0,349.35,46.0,341.19,14.379999999999995,60.0,72.0,1.0559687495323482,132,-12.0,-20.0,-0.09,334.0,
2025-02-18 07:37:49,334.0,48.0,347.08,24.0,332.0,24.0,350.84,75.0,340.54,13.079999999999984,72.0,99.0,1.0577948761404214,171,-27.0,39.0,-0.16,334.0,
2025-02-18 07:37:50,334.0,44.0,346.0,22.0,332.0,22.0,350.66,53.0,340.0,12.0,66.0,75.0,1.0031799439726317,141,-9.0,-30.0,-0.06,334.0,
2025-02-18 07:37:51,334.0,44.0,346.0,22.0,332.0,46.0,350.0,33.0,340.0,12.0,90.0,55.0,0.7109992967569646,145,35.0,4.0,0.24,334.0,
2025-02-18 07:37:52,333.25,28.0,346.0,18.0,331.45,58.0,350.0,27.0,339.62,12.75,86.0,45.0,0.6098360435304478,131,41.0,-14.0,0.31,332.25,4.0
2025-02-18 07:37:53,330.3,61.0,345.67,24.0,328.69,52.0,349.79,38.0,337.98,15.370000000000005,113.0,62.0,0.9778138882164322,175,51.0,44.0,0.29,331.0,6.0
2025-02-18 07:37:54,331.88,166.0,343.2,30.0,329.89,73.0,345.5,32.0,337.54,11.319999999999991,239.0,62.0,1.178185044884271,301,177.0,126.0,0.59,331.0,
2025-02-18 07:37:55,332.46,208.0,341.56,32.0,331.68,76.0,343.69,32.0,337.01,9.100000000000025,284.0,64.0,1.3126309458446357,348,220.0,47.0,0.63,331.0,
2025-02-18 07:37:57,332.46,104.0,339.67,30.0,331.62,84.0,348.36,56.0,336.06,7.210000000000036,188.0,86.0,1.0416717333157446,274,102.0,-174.5,0.37,338.0,2.0
2025-02-18 07:37:58,332.0,144.0,339.08,24.0,331.0,48.0,349.0,48.0,335.54,7.079999999999984,192.0,72.0,1.2934913992713937,264,120.0,-10.0,0.45,338.0,
2025-02-18 07:37:59,332.27,134.0,341.62,50.0,331.35,68.0,344.03,37.0,336.94,9.350000000000025,202.0,87.0,1.25798251179779,289,115.0,25.0,0.4,335.0,9.0
2025-02-18 07:38:08,335.56,36.0,340.38,32.0,333.54,56.0,349.02,47.0,337.97,4.819999999999993,92.0,79.0,1.3355073942098357,171,13.0,54.0,0.08,336.67,6.0
2025-02-18 07:38:09,333.79,75.0,335.88,42.0,331.99,153.0,337.05,55.0,334.83,2.089999999999975,228.0,97.0,2.7211119050839723,325,131.0,154.0,0.4,334.0,5.0
2025-02-18 07:38:10,332.0,64.0,334.5,16.0,330.0,8.0,337.0,40.0,333.25,2.5,72.0,56.0,3.4830948881691937,128,16.0,-174.5,0.12,334.0,
2025-02-18 07:38:11,332.0,80.0,333.7,20.0,330.0,10.0,337.0,50.0,332.85,1.6999999999999886,90.0,70.0,3.3821886405094257,160,20.0,32.0,0.12,334.0,
2025-02-18 07:38:12,332.0,80.0,340.47,30.0,330.0,11.0,343.91,44.0,336.23,8.470000000000027,91.0,74.0,2.1239303190056265,165,17.0,5.0,0.1,332.0,2.0
2025-02-18 07:38:13,332.0,48.0,347.0,32.0,330.0,8.0,352.0,24.0,339.5,15.0,56.0,56.0,2.689129970825358,112,0.0,-53.0,0.0,332.0,
2025-02-18 07:38:14,332.0,60.0,347.0,40.0,330.0,10.0,352.0,30.0,339.5,15.0,70.0,70.0,3.228162015759242,140,0.0,28.0,0.0,332.0,
2025-02-18 07:38:15,332.0,66.0,347.0,44.0,330.0,11.0,352.0,33.0,339.5,15.0,77.0,77.0,2.967916777807325,154,0.0,14.0,0.0,332.0,
2025-02-18 07:38:16,332.44,54.0,347.0,48.0,330.67,18.0,352.0,36.0,339.72,14.560000000000002,72.0,84.0,1.490033556665633,156,-12.0,2.0,-0.08,332.0,
2025-02-18 07:38:17,333.0,98.0,347.0,56.0,332.0,28.0,352.0,42.0,340.0,14.0,126.0,98.0,0.2206354459039627,224,28.0,68.0,0.12,332.0,
2025-02-18 07:38:18,333.58,84.0,347.0,48.0,332.0,24.0,352.0,36.0,340.29,13.420000000000016,108.0,84.0,0.3414967056783297,192,24.0,-32.0,0.12,332.0,
2025-02-18 07:38:19,334.93,105.0,347.0,60.0,332.0,30.0,352.0,45.0,340.97,12.069999999999991,135.0,105.0,0.5716904756850474,240,30.0,48.0,0.12,332.0,
2025-02-18 07:38:20,336.06,50.0,349.42,62.0,333.48,56.0,352.29,34.0,342.74,13.360000000000014,106.0,96.0,1.208648004999229,202,10.0,-38.0,0.05,336.1,10.0
2025-02-18 07:38:21,330.04,102.0,349.15,46.0,328.1,123.0,380.5,34.0,339.6,19.10999999999996,225.0,80.0,1.2349696352496418,305,145.0,103.0,0.48,336.1,
2025-02-18 07:38:22,330.38,73.0,347.0,42.0,329.78,137.0,348.0,14.0,338.69,16.620000000000005,210.0,56.0,1.5296960482359891,266,154.0,-39.0,0.58,331.0,2.0
2025-02-18 07:38:23,332.36,53.0,347.0,39.0,329.66,176.0,348.0,13.0,339.68,14.639999999999986,229.0,52.0,1.570232466862436,281,177.0,15.0,0.63,331.0,
2025-02-18 07:38:24,329.61,102.0,347.0,30.0,328.57,94.0,348.0,10.0,338.3,17.389999999999986,196.0,40.0,1.7449985673315782,236,156.0,-45.0,0.66,331.0,
2025-02-18 07:38:25,329.0,96.0,347.0,18.0,327.0,30.0,348.0,6.0,338.0,18.0,126.0,24.0,0.7586039810006174,150,102.0,-86.0,0.68,329.0,1.0
2025-02-18 07:38:30,335.15,13.0,347.33,18.0,331.14,29.0,351.27,22.0,341.24,12.180000000000009,42.0,40.0,1.007432379858136,82,2.0,8.0,0.02,338.6,5.0
2025-02-18 07:38:31,334.78,18.0,348.0,27.0,332.08,13.0,352.0,27.0,341.39,13.220000000000027,31.0,54.0,1.197948245955055,85,-23.0,3.0,-0.27,335.0,2.0
2025-02-18 07:38:32,337.0,15.0,348.0,40.0,331.5,20.0,386.06,35.0,342.5,11.0,35.0,75.0,1.09456840808921,110,-40.0,25.0,-0.36,335.0,
2025-02-18 07:38:37,336.8,10.0,346.25,32.0,334.8,20.0,348.0,23.0,341.52,9.449999999999989,30.0,55.0,0.7660417743091372,85,-25.0,13.0,-0.29,336.5,2.0
2025-02-18 07:38:38,335.0,20.0,345.0,40.0,333.0,10.0,348.0,10.0,340.0,10.0,30.0,50.0,1.3447378926717437,80,-20.0,-5.0,-0.25,336.5,
2025-02-18 07:38:39,335.0,22.0,343.89,38.0,333.0,11.0,344.89,19.0,339.45,8.889999999999986,33.0,57.0,1.5924603605703218,90,-24.0,10.0,-0.27,336.5,
2025-02-18 07:38:40,335.0,34.0,339.56,36.0,333.0,17.0,340.52,61.0,337.28,4.560000000000002,51.0,97.0,2.0840945276039173,148,-46.0,58.0,-0.31,336.5,
2025-02-18 07:38:41,334.52,21.0,336.12,48.0,331.31,58.0,337.54,41.0,335.32,1.6000000000000227,79.0,89.0,2.4312918376841623,168,-10.0,20.0,-0.06,335.0,2.0
2025-02-18 07:38:42,331.33,36.0,334.85,41.0,330.86,84.0,335.74,38.0,333.09,3.5200000000000387,120.0,79.0,2.8804287875229604,199,41.0,31.0,0.21,331.67,3.0
2025-02-18 07:38:43,331.0,130.0,333.19,47.0,330.0,52.0,334.48,58.0,332.1,2.1899999999999977,182.0,105.0,3.006571136692452,287,77.0,88.0,0.27,331.67,
2025-02-18 07:38:44,331.0,60.0,332.0,29.0,330.0,40.0,334.0,30.0,331.5,1.0,100.0,59.0,2.4025028615994195,159,41.0,-128.0,0.26,331.43,7.0
2025-02-18 07:38:45,331.0,50.0,333.2,35.0,330.0,48.0,348.67,36.0,332.1,2.1999999999999886,98.0,71.0,1.508482681370336,169,27.0,10.0,0.16,331.0,2.0
2025-02-18 07:38:46,331.0,52.0,334.03,63.0,330.0,52.0,335.46,39.0,332.52,3.0299999999999727,104.0,102.0,0.5884895920870105,206,2.0,37.0,0.01,332.38,8.0
2025-02-18 07:38:47,331.0,28.0,348.0,28.0,330.0,28.0,349.0,21.0,339.5,17.0,56.0,49.0,3.349280519752521,105,7.0,-101.0,0.07,332.38,
2025-02-18 07:38:48,331.0,24.0,348.0,24.0,330.0,24.0,349.0,18.0,339.5,17.0,48.0,42.0,4.102058020066571,90,6.0,-15.0,0.07,332.38,
2025-02-18 07:38:49,331.0,36.0,347.28,29.0,330.0,36.0,348.18,34.0,339.14,16.279999999999973,72.0,63.0,3.878030427935182,135,9.0,45.0,0.07,332.38,
2025-02-18 07:38:50,331.72,81.0,346.42,52.0,330.43,42.0,347.55,44.0,339.07,14.699999999999989,123.0,96.0,3.0397499897179023,219,27.0,84.0,0.12,332.38,
2025-02-18 07:38:51,332.0,120.0,344.35,20.0,331.0,80.0,345.8,40.0,338.18,12.350000000000025,200.0,60.0,0.5400185181908383,260,140.0,41.0,0.54,332.38,
2025-02-18 07:38:52,332.0,120.0,340.62,32.0,331.0,84.0,341.75,16.0,336.31,8.620000000000005,204.0,48.0,1.2859821149571105,252,156.0,-8.0,0.62,332.38,
2025-02-18 07:38:53,332.0,127.0,336.7,27.0,331.0,75.0,337.2,35.0,334.35,4.699999999999989,202.0,62.0,2.0563924722655336,264,140.0,12.0,0.53,332.0,3.0
2025-02-18 07:38:54,331.97,107.0,334.22,23.0,330.7,60.0,335.92,53.0,333.09,2.25,167.0,76.0,2.5131653347902527,243,91.0,-21.0,0.37,332.0,9.0
2025-02-18 07:38:55,327.95,63.0,331.59,49.0,252.25,85.0,339.46,35.0,329.77,3.6399999999999855,148.0,84.0,3.2044500308154253,232,64.0,-11.0,0.28,331.0,3.0
2025-02-18 07:38:56,327.0,64.0,329.81,54.0,286.5,24.0,331.2,40.0,328.41,2.8100000000000023,88.0,94.0,3.2558685477141798,182,-6.0,-50.0,-0.03,331.0,
2025-02-18 07:38:57,320.22,54.0,328.38,21.0,298.27,45.0,343.19,72.0,324.3,8.159999999999968,99.0,93.0,3.985609112795213,192,6.0,10.0,0.03,327.0,4.0
2025-02-18 07:38:59,326.38,13.0,344.1,67.0,315.69,26.0,427.62,48.0,335.24,17.720000000000027,39.0,115.0,9.289583951932396,154,-76.0,21.0,-0.49,335.0,3.0
2025-02-18 07:39:02,336.4,40.0,435.75,20.0,332.14,7.0,638.5,16.0,386.07,99.35000000000002,47.0,36.0,27.24493402451156,83,11.0,-54.0,0.13,339.8,5.0
2025-02-18 07:39:06,335.0,10.0,342.5,10.0,334.0,20.0,443.77,31.0,338.75,7.5,30.0,41.0,49.85350188301662,71,-11.0,-9.0,-0.15,339.8,
2025-02-18 07:39:07,335.0,10.0,341.3,10.0,334.0,20.0,366.0,40.0,338.15,6.300000000000011,30.0,50.0,59.32282638243014,80,-20.0,9.0,-0.25,339.8,
2025-02-18 07:39:08,335.0,11.0,338.55,11.0,334.0,22.0,383.65,46.0,336.77,3.550000000000012,33.0,57.0,54.04428350898888,90,-24.0,10.0,-0.27,339.8,
2025-02-18 07:39:09,335.0,10.0,338.0,10.0,334.0,20.0,421.02,44.0,336.5,3.0,30.0,54.0,33.79438488861698,84,-24.0,-6.0,-0.29,339.8,
2025-02-18 07:39:10,335.0,5.0,337.2,5.0,334.0,10.0,412.86,21.0,336.1,2.1999999999999886,15.0,26.0,1.1374664830203245,41,-11.0,-43.0,-0.27,339.8,
2025-02-18 07:39:11,331.73,33.0,336.0,12.0,331.21,56.0,391.83,24.0,333.86,4.269999999999982,89.0,36.0,1.5551623709424545,125,53.0,84.0,0.42,332.83,6.0
2025-02-18 07:39:12,331.09,105.0,419.94,34.0,328.71,34.0,437.15,26.0,375.51,88.85000000000002,139.0,60.0,17.792660565525047,199,79.0,74.0,0.4,335.5,6.0
2025-02-18 07:39:14,331.0,112.0,403.18,61.0,328.0,28.0,466.63,57.0,367.09,72.18,140.0,118.0,31.87514125458858,258,22.0,96.0,0.09,335.5,
2025-02-18 07:39:15,331.0,72.0,346.8,50.0,328.0,20.0,366.75,24.0,338.9,15.800000000000011,92.0,74.0,31.26418126226841,166,18.0,-92.0,0.11,331.0,2.0
2025-02-18 07:39:16,331.0,72.0,346.0,60.0,328.0,24.0,366.33,12.0,338.5,15.0,96.0,72.0,30.14523627374605,168,24.0,2.0,0.14,331.0,
2025-02-18 07:39:17,331.05,61.0,345.27,55.0,328.69,26.0,403.08,53.0,338.16,14.21999999999997,87.0,108.0,31.859588352644803,195,-21.0,27.0,-0.11,331.0,
2025-02-18 07:39:18,334.0,8.0,345.0,40.0,331.0,48.0,399.0,40.0,339.5,11.0,56.0,80.0,12.677136900735558,136,-24.0,-59.0,-0.18,331.0,
2025-02-18 07:39:19,336.21,106.0,344.67,75.0,333.8,182.0,533.77,22.0,340.44,8.460000000000036,288.0,97.0,0.8998888820267983,385,191.0,173.5,0.5,331.0,
2025-02-18 07:39:20,337.0,84.0,341.88,56.0,334.0,182.0,390.17,60.0,339.44,4.879999999999996,266.0,116.0,0.902285985702624,382,150.0,-3.0,0.39,331.0,
2025-02-18 07:39:22,334.44,61.0,337.93,59.0,333.23,130.0,343.58,45.0,336.19,3.490000000000009,191.0,104.0,1.6544243711925175,295,87.0,73.0,0.29,337.0,1.0
2025-02-18 07:39:23,334.0,126.0,337.0,11.0,328.67,24.0,356.23,43.0,335.5,3.0,150.0,54.0,2.0931125148917262,204,96.0,-91.0,0.47,335.5,2.0
2025-02-18 07:39:24,334.0,83.0,335.7,10.0,330.0,20.0,360.22,32.0,334.85,1.6999999999999886,103.0,42.0,1.8955025718782823,145,61.0,-59.0,0.42,334.0,5.0
2025-02-18 07:39:25,334.0,67.0,343.18,22.0,330.0,20.0,365.79,38.0,338.59,9.180000000000009,87.0,60.0,1.6177546167442391,147,27.0,2.0,0.18,334.0,1.0
2025-02-18 07:39:27,331.22,23.0,461.57,46.0,326.44,36.0,557.08,49.0,396.39,130.34999999999997,59.0,95.0,47.34870462853207,154,-36.0,24.0,-0.23,334.0,6.0
2025-02-18 07:39:31,330.02,90.0,361.29,56.0,329.27,30.0,424.69,52.0,345.65,31.27000000000004,120.0,108.0,28.260922313327917,228,12.0,20.0,0.05,334.0,
2025-02-18 07:39:32,332.43,69.0,359.94,90.0,331.0,96.0,393.59,64.0,346.19,27.50999999999999,165.0,154.0,35.46630978830421,319,11.0,91.0,0.03,334.0,
2025-02-18 07:39:47,336.33,63.0,340.19,21.0,334.79,81.0,352.84,45.0,338.26,3.8600000000000136,144.0,66.0,3.072259754642549,210,78.0,37.0,0.37,339.0,2.0
2025-02-18 07:39:48,336.0,49.0,339.4,20.0,334.0,56.0,351.43,28.0,337.7,3.3999999999999773,105.0,48.0,3.475560386469726,153,57.0,-57.0,0.37,336.0,3.0
2025-02-18 07:39:49,336.0,42.0,339.0,30.0,334.0,70.0,341.8,20.0,337.5,3.0,112.0,50.0,3.2681982803983427,162,62.0,9.0,0.38,336.0,4.0
2025-02-18 07:39:50,336.0,14.0,337.64,42.0,334.0,98.0,342.5,28.0,336.82,1.6399999999999864,112.0,70.0,2.4911041728518497,182,42.0,20.0,0.23,336.0,
2025-02-18 07:39:51,334.0,24.0,337.0,24.0,332.0,56.0,343.0,16.0,335.5,3.0,80.0,40.0,1.0592827762222428,120,40.0,-62.0,0.33,334.4,5.0
2025-02-18 07:39:52,334.9,30.0,337.0,30.0,333.59,34.0,343.0,20.0,335.95,2.1000000000000227,64.0,50.0,0.956127606547068,114,14.0,-6.0,0.12,334.4,
2025-02-18 07:39:53,335.87,30.0,337.34,35.0,333.03,29.0,344.67,27.0,336.6,1.4699999999999704,59.0,62.0,0.7764534757482723,121,-3.0,7.0,-0.02,336.0,3.0
2025-02-18 07:39:54,332.0,12.0,338.31,39.0,331.0,72.0,342.4,15.0,335.15,6.310000000000002,84.0,54.0,0.7083996047443031,138,30.0,17.0,0.22,331.2,5.0
2025-02-18 07:39:55,328.93,95.0,338.77,31.0,325.17,214.0,342.7,20.0,333.85,9.839999999999977,309.0,51.0,1.0267667700126597,360,258.0,173.5,0.72,330.0,5.0
2025-02-18 07:39:56,335.0,72.0,341.0,9.0,327.89,225.0,343.0,18.0,338.0,6.0,297.0,27.0,1.554589978097732,324,270.0,-36.0,0.83,330.0,
2025-02-18 07:39:57,335.0,80.0,341.67,12.0,327.0,250.0,345.31,26.0,338.33,6.670000000000016,330.0,38.0,1.896636496538435,368,292.0,44.0,0.79,330.0,
2025-02-18 07:39:58,336.0,40.0,342.07,29.0,334.87,62.0,344.3,23.0,339.03,6.069999999999993,102.0,52.0,2.244597959546709,154,50.0,-174.5,0.32,330.0,
2025-02-18 07:39:59,335.08,52.0,341.36,42.0,334.05,101.0,342.38,29.0,338.22,6.28000000000003,153.0,71.0,2.0687991686002003,224,82.0,70.0,0.37,335.8,5.0
2025-02-18 07:40:00,335.0,90.0,338.91,33.0,334.0,80.0,339.94,34.0,336.95,3.910000000000025,170.0,67.0,0.7524161082809177,237,103.0,13.0,0.43,338.4,5.0
2025-02-18 07:40:01,335.0,112.0,340.5,16.0,334.0,64.0,346.0,22.0,337.75,5.5,176.0,38.0,0.7693373772283706,214,138.0,-23.0,0.64,338.0,2.0
2025-02-18 07:40:02,335.0,98.0,347.0,14.0,334.0,56.0,348.0,35.0,341.0,12.0,154.0,49.0,1.5438426085583643,203,105.0,-11.0,0.52,338.0,
2025-02-18 07:40:03,335.0,154.0,346.29,34.0,334.0,88.0,347.68,37.0,340.65,11.29000000000002,242.0,71.0,1.806856386102684,313,171.0,110.0,0.55,338.0,
2025-02-18 07:40:04,335.1,100.0,345.22,18.0,334.2,70.0,346.07,30.0,340.16,10.120000000000005,170.0,48.0,1.8287345351362037,218,122.0,-95.0,0.56,338.0,
2025-02-18 07:40:09,336.0,105.0,341.38,26.0,335.0,44.0,343.19,32.0,338.69,5.379999999999996,149.0,58.0,1.4598732821717173,207,91.0,74.0,0.44,337.14,7.0
2025-02-18 07:40:10,336.0,52.0,338.97,32.0,335.0,44.0,339.77,13.0,337.48,2.9700000000000277,96.0,45.0,1.7435165614353825,141,51.0,-66.0,0.36,337.5,2.0
2025-02-18 07:40:11,336.0,34.0,338.14,22.0,335.0,40.0,342.6,25.0,337.07,2.1399999999999864,74.0,47.0,1.682120685325528,121,27.0,-20.0,0.22,336.0,1.0
2025-02-18 07:40:12,335.86,28.0,339.57,28.0,334.58,38.0,350.04,23.0,337.71,3.70999999999998,66.0,51.0,1.3715866724346528,117,15.0,-4.0,0.13,336.5,8.0
2025-02-18 07:40:13,336.63,35.0,349.0,30.0,334.0,40.0,355.0,30.0,342.81,12.370000000000005,75.0,60.0,2.345425334560898,135,15.0,18.0,0.11,337.25,4.0
2025-02-18 07:40:17,336.0,10.0,346.79,43.0,334.2,10.0,348.73,41.0,341.4,10.79000000000002,20.0,84.0,1.938548426012971,104,-64.0,11.0,-0.62,340.0,1.0
2025-02-18 07:40:18,335.0,11.0,343.86,14.0,334.0,11.0,345.33,45.0,339.43,8.860000000000014,22.0,59.0,2.8581235102769327,81,-37.0,-23.0,-0.46,340.0,
2025-02-18 07:40:19,335.0,12.0,341.83,12.0,334.0,12.0,345.0,48.0,338.42,6.829999999999984,24.0,60.0,3.4835298190195547,84,-36.0,3.0,-0.43,340.0,
2025-02-18 07:40:20,334.82,11.0,337.73,11.0,333.39,23.0,342.24,17.0,336.27,2.910000000000025,34.0,28.0,3.713105169531218,62,6.0,-22.0,0.1,335.0,1.0
2025-02-18 07:40:21,333.02,57.0,343.97,33.0,331.13,111.0,347.73,44.0,338.49,10.950000000000044,168.0,77.0,1.85730180638483,245,91.0,173.5,0.37,334.0,1.0
2025-02-18 07:40:22,333.0,70.0,344.0,40.0,331.0,130.0,348.0,50.0,338.5,11.0,200.0,90.0,1.168105303472571,290,110.0,45.0,0.38,334.0,
2025-02-18 07:40:23,336.85,189.0,342.14,56.0,332.72,92.0,348.0,70.0,339.5,5.289999999999964,281.0,126.0,1.186477981254078,407,155.0,117.0,0.38,334.0,
2025-02-18 07:40:24,337.0,88.0,342.0,28.0,333.0,28.0,348.0,35.0,339.5,5.0,116.0,63.0,1.3192308365106646,179,53.0,-174.5,0.3,337.0,2.0
2025-02-18 07:40:25,336.48,124.0,341.54,52.0,332.0,72.0,349.0,26.0,339.01,5.060000000000002,196.0,78.0,0.5025435304531282,274,118.0,95.0,0.43,337.0,
2025-02-18 07:40:26,333.0,74.0,339.05,80.0,331.0,180.0,349.89,71.0,336.02,6.050000000000011,254.0,151.0,1.4500275859446885,405,103.0,131.0,0.25,333.0,1.0
2025-02-18 07:40:27,333.0,30.0,337.4,40.0,331.0,60.0,349.0,20.0,335.2,4.399999999999977,90.0,60.0,2.0713473875719086,150,30.0,-174.5,0.2,333.0,
2025-02-18 07:40:28,333.0,33.0,335.64,44.0,331.0,66.0,349.0,22.0,334.32,2.6399999999999864,99.0,66.0,2.317994823117941,165,33.0,15.0,0.2,333.0,
2025-02-18 07:40:29,331.67,45.0,334.0,40.0,330.55,55.0,349.0,45.0,332.83,2.329999999999984,100.0,85.0,2.3021142456451518,185,15.0,20.0,0.08,333.0,3.0
2025-02-18 07:40:30,331.0,48.0,334.0,32.0,330.0,40.0,349.0,16.0,332.5,3.0,88.0,48.0,1.5075078772607322,136,40.0,-49.0,0.29,333.0,
2025-02-18 07:40:31,330.67,60.0,332.64,44.0,329.64,55.0,349.0,22.0,331.65,1.9699999999999704,115.0,66.0,1.4347299397460664,181,49.0,45.0,0.27,331.0,2.0
2025-02-18 07:40:32,330.27,40.0,338.53,34.0,328.65,77.0,349.12,32.0,334.4,8.259999999999991,117.0,66.0,1.1943408223802152,183,51.0,2.0,0.28,330.62,8.0
2025-02-18 07:40:33,336.43,28.0,344.83,24.0,328.68,53.0,346.11,18.0,340.63,8.399999999999977,81.0,42.0,3.621128277209077,123,39.0,-60.0,0.32,330.62,
2025-02-18 07:40:34,337.0,22.0,342.5,12.0,327.49,39.0,344.67,21.0,339.75,5.5,61.0,33.0,4.153399812202332,94,28.0,-29.0,0.3,340.0,2.0
2025-02-18 07:40:35,329.48,21.0,341.0,15.0,327.34,61.0,349.77,44.0,335.24,11.519999999999982,82.0,59.0,3.7749741720973446,141,23.0,47.0,0.16,340.0,
2025-02-18 07:40:36,333.56,41.0,339.0,43.0,327.8,40.0,341.56,18.0,336.28,5.439999999999998,81.0,61.0,2.7738691389468,142,20.0,1.0,0.14,339.0,3.0
2025-02-18 07:40:37,334.05,123.0,336.75,32.0,333.17,71.0,338.35,23.0,335.4,2.6999999999999886,194.0,55.0,2.5425086037221853,249,139.0,107.0,0.56,336.0,1.0
2025-02-18 07:40:38,334.0,116.0,335.73,15.0,326.0,39.0,337.69,13.0,334.87,1.7300000000000182,155.0,28.0,1.9925536379234383,183,127.0,-66.0,0.69,334.0,1.0
2025-02-18 07:40:39,334.0,61.0,336.42,19.0,326.0,27.0,344.12,26.0,335.21,2.420000000000016,88.0,45.0,0.5284411036269123,133,43.0,-50.0,0.32,334.0,3.0
2025-02-18 07:40:40,334.0,45.0,344.0,27.0,326.0,27.0,351.33,18.0,339.0,10.0,72.0,45.0,1.6751029819094758,117,27.0,-16.0,0.23,334.0,
2025-02-18 07:40:41,334.71,68.0,344.0,42.0,327.77,106.0,386.67,36.0,339.35,9.29000000000002,174.0,78.0,2.210753265292553,252,96.0,135.0,0.38,334.0,
2025-02-18 07:40:42,336.43,42.0,344.0,42.0,334.32,74.0,371.32,41.0,340.21,7.569999999999993,116.0,83.0,2.495880606119022,199,33.0,-53.0,0.17,336.88,8.0
2025-02-18 07:40:43,335.18,11.0,344.0,33.0,334.0,55.0,349.62,32.0,339.59,8.819999999999993,66.0,65.0,1.9849987405538887,131,1.0,-68.0,0.01,336.88,
2025-02-18 07:40:44,336.0,11.0,344.0,33.0,334.0,35.0,350.36,22.0,340.0,8.0,46.0,55.0,0.4873910134584005,101,-9.0,-30.0,-0.09,336.88,
2025-02-18 07:40:45,335.38,13.0,344.45,44.0,333.46,41.0,352.62,26.0,339.92,9.069999999999991,54.0,70.0,0.3420964776198543,124,-16.0,23.0,-0.13,334.4,5.0
2025-02-18 07:40:46,323.26,19.0,337.64,22.0,321.2,20.0,344.16,37.0,330.45,14.379999999999995,39.0,59.0,4.245448150666869,98,-20.0,-26.0,-0.2,334.4,
2025-02-18 07:40:47,336.38,52.0,343.7,66.0,326.22,46.0,349.87,31.0,340.04,7.319999999999993,98.0,97.0,4.224292840227911,195,1.0,97.0,0.01,324.0,1.0
2025-02-18 07:40:53,334.0,33.0,344.0,55.0,326.0,11.0,351.0,22.0,339.0,10.0,44.0,77.0,1.7343586710941543,121,-33.0,26.0,-0.27,324.0,
2025-02-18 07:40:54,334.0,30.0,341.73,26.0,326.0,10.0,343.81,21.0,337.87,7.730000000000018,40.0,47.0,2.3672304492803016,87,-7.0,-34.0,-0.08,324.0,
2025-02-18 07:40:55,328.57,21.0,333.56,39.0,323.37,19.0,335.52,21.0,331.07,4.990000000000009,40.0,60.0,4.663160945110172,100,-20.0,13.0,-0.2,331.6,5.0
2025-02-18 07:40:56,325.0,10.0,327.0,16.0,320.9,31.0,328.6,10.0,326.0,2.0,41.0,26.0,6.457791418124494,67,15.0,-33.0,0.22,331.6,
2025-02-18 07:40:57,325.38,16.0,327.93,15.0,321.1,41.0,329.64,11.0,326.65,2.550000000000012,57.0,26.0,6.100710614346809,83,31.0,16.0,0.37,327.0,2.0
2025-02-18 07:40:58,322.33,12.0,327.38,42.0,314.75,24.0,329.17,12.0,324.86,5.050000000000011,36.0,54.0,5.343299542418055,90,-18.0,7.0,-0.2,325.0,1.0
2025-02-18 07:40:59,318.98,49.0,323.5,32.0,317.0,15.0,324.53,43.0,321.24,4.519999999999982,64.0,75.0,3.53829478704169,139,-11.0,49.0,-0.08,325.0,
2025-02-18 07:41:00,321.47,60.0,322.85,53.0,317.9,21.0,323.92,61.0,322.16,1.3799999999999957,81.0,114.0,2.376956036616408,195,-33.0,56.0,-0.17,322.5,4.0
2025-02-18 07:41:01,322.0,48.0,333.36,42.0,315.5,12.0,335.86,51.0,327.68,11.360000000000014,60.0,93.0,2.782358711598312,153,-33.0,-42.0,-0.22,324.89,9.0
2025-02-18 07:41:02,335.5,48.0,341.0,48.0,325.92,59.0,343.93,54.0,338.25,5.5,107.0,102.0,6.857048927928539,209,5.0,56.0,0.02,340.0,1.0
2025-02-18 07:41:07,334.0,19.0,341.0,21.0,332.16,19.0,344.0,35.0,337.5,7.0,38.0,56.0,1.299038105676983,94,-18.0,-56.0,-0.19,340.0,
2025-02-18 07:41:08,334.0,21.0,341.0,33.0,332.53,17.0,344.0,55.0,337.5,7.0,38.0,88.0,1.5370426148943062,126,-50.0,32.0,-0.4,334.0,2.0
2025-02-18 07:41:09,334.0,9.0,341.0,27.0,332.0,36.0,342.67,45.0,337.5,7.0,45.0,72.0,1.4620191517218264,117,-27.0,-9.0,-0.23,334.0,
2025-02-18 07:41:10,334.0,14.0,340.0,18.0,332.0,56.0,344.03,66.0,337.0,6.0,70.0,84.0,1.083974169434738,154,-14.0,37.0,-0.09,334.0,
2025-02-18 07:41:11,334.92,49.0,338.08,24.0,332.72,25.0,341.86,21.0,336.5,3.159999999999968,74.0,45.0,0.4472135955022248,119,29.0,-35.0,0.24,334.0,
2025-02-18 07:41:12,335.0,90.0,336.47,30.0,334.0,18.0,337.67,24.0,335.73,1.4700000000000273,108.0,54.0,0.7490527351276226,162,54.0,43.0,0.33,334.0,
2025-02-18 07:41:13,335.0,45.0,340.09,33.0,334.0,12.0,345.07,42.0,337.55,5.089999999999975,57.0,75.0,0.7602170742637752,132,-18.0,-30.0,-0.14,335.0,3.0
2025-02-18 07:41:14,335.0,16.0,348.0,56.0,334.0,8.0,400.88,17.0,341.5,13.0,24.0,73.0,2.2507620931590746,97,-49.0,-35.0,-0.51,335.0,2.0
2025-02-18 07:41:15,334.0,10.0,348.0,50.0,332.0,10.0,349.0,30.0,341.0,14.0,20.0,80.0,2.637030526937725,100,-60.0,3.0,-0.6,335.0,
2025-02-18 07:41:16,331.82,11.0,345.43,28.0,321.2,50.0,348.12,51.0,338.62,13.610000000000014,61.0,79.0,2.404048668392814,140,-18.0,40.0,-0.13,329.67,6.0
2025-02-18 07:41:17,328.0,6.0,347.0,30.0,316.0,60.0,348.38,24.0,337.5,19.0,66.0,54.0,1.902177699375415,120,12.0,-20.0,0.1,329.67,
2025-02-18 07:41:18,328.71,14.0,348.0,45.0,317.33,45.0,349.0,27.0,338.36,19.29000000000002,59.0,72.0,1.7514222791780103,131,-13.0,11.0,-0.1,329.67,
2025-02-18 07:41:28,322.85,20.0,343.35,54.0,320.82,50.0,345.62,40.0,333.1,20.5,70.0,94.0,5.671415167310501,164,-24.0,-3.0,-0.15,326.0,1.0
2025-02-18 07:41:29,323.92,12.0,340.33,30.0,321.0,84.0,352.77,26.0,332.12,16.409999999999968,96.0,56.0,6.622735839515303,152,40.0,-12.0,0.26,324.83,6.0
2025-02-18 07:41:30,324.67,9.0,347.0,18.0,321.0,63.0,348.0,9.0,335.83,22.329999999999984,72.0,27.0,5.461515357481019,99,45.0,-53.0,0.45,324.83,
2025-02-18 07:41:31,327.15,78.0,347.0,26.0,323.44,18.0,348.38,16.0,337.08,19.850000000000023,96.0,42.0,3.920988395800407,138,54.0,39.0,0.39,324.83,
2025-02-18 07:41:32,329.1,72.0,346.48,29.0,327.74,27.0,348.89,35.0,337.79,17.379999999999995,99.0,64.0,2.476616643730265,163,35.0,25.0,0.21,324.83,
2025-02-18 07:41:33,336.0,14.0,344.7,46.0,335.0,98.0,348.17,36.0,340.35,8.699999999999989,112.0,82.0,3.0152329926560197,194,30.0,31.0,0.15,324.83,
2025-02-18 07:41:34,335.05,44.0,346.0,16.0,334.4,20.0,349.0,24.0,340.52,10.949999999999989,64.0,40.0,2.0602985220595635,104,24.0,-90.0,0.23,324.83,
2025-02-18 07:41:35,335.0,112.0,343.95,22.0,333.0,16.0,350.0,57.0,339.48,8.949999999999989,128.0,79.0,1.5414376406460792,207,49.0,103.0,0.24,324.83,
2025-02-18 07:41:36,335.0,56.0,350.0,40.0,333.0,8.0,375.26,23.0,342.5,15.0,64.0,63.0,1.711394168507101,127,1.0,-80.0,0.01,324.83,
2025-02-18 07:41:37,335.0,78.0,348.82,66.0,333.0,14.0,377.06,32.0,341.91,13.819999999999991,92.0,98.0,1.227790698775577,190,-6.0,63.0,-0.03,335.0,2.0
2025-02-18 07:41:38,335.0,80.0,345.67,54.0,333.0,16.0,347.12,74.0,340.33,10.670000000000016,96.0,128.0,1.230272327576228,224,-32.0,34.0,-0.14,335.0,
2025-02-18 07:41:39,335.0,89.0,343.89,27.0,333.0,9.0,347.0,45.0,339.44,8.889999999999986,98.0,72.0,1.4064032138757017,170,26.0,-54.0,0.15,335.0,2.0
2025-02-18 07:41:40,335.0,132.0,342.45,33.0,333.09,11.0,347.0,55.0,338.73,7.449999999999989,143.0,88.0,1.5999906249725229,231,55.0,61.0,0.24,335.0,
2025-02-18 07:41:51,335.15,124.0,343.4,70.0,334.11,27.0,345.78,55.0,339.27,8.25,151.0,125.0,1.6507059096034469,276,26.0,74.0,0.09,338.17,6.0
2025-02-18 07:41:52,335.0,120.0,341.4,60.0,334.0,45.0,346.0,45.0,338.2,6.399999999999977,165.0,105.0,2.3530682098061133,270,60.0,-6.0,0.22,338.17,
2025-02-18 07:41:53,335.0,104.0,338.55,44.0,334.0,39.0,341.23,47.0,336.77,3.550000000000012,143.0,91.0,2.7296281798077864,234,52.0,-36.0,0.22,338.17,
2025-02-18 07:41:54,335.0,72.0,337.0,27.0,334.0,27.0,339.0,36.0,336.0,2.0,99.0,63.0,2.572522108748798,162,36.0,-72.0,0.22,338.17,
2025-02-18 07:41:55,334.67,27.0,338.4,30.0,333.08,39.0,346.08,36.0,336.53,3.729999999999961,66.0,66.0,1.345373554074086,132,0.0,-30.0,0.0,335.0,8.0
2025-02-18 07:41:56,332.51,47.0,342.36,33.0,331.26,38.0,349.0,55.0,337.44,9.850000000000025,85.0,88.0,0.8524494119900072,173,-3.0,41.0,-0.02,333.5,4.0
2025-02-18 07:41:57,332.0,55.0,339.82,11.0,330.0,22.0,341.0,33.0,335.91,7.819999999999993,77.0,44.0,0.6226957523560896,121,33.0,-52.0,0.27,333.5,
2025-02-18 07:41:58,332.0,35.0,341.0,10.0,330.17,12.0,342.96,23.0,336.5,9.0,47.0,33.0,0.6082187106644665,80,14.0,-41.0,0.17,340.5,4.0
2025-02-18 07:41:59,334.18,66.0,342.17,48.0,331.5,20.0,350.0,60.0,338.17,7.990000000000009,86.0,108.0,0.8917679070263383,194,-22.0,114.0,-0.11,340.5,
2025-02-18 07:42:02,332.88,113.0,351.0,65.0,329.09,55.0,638.25,16.0,341.94,18.120000000000005,168.0,81.0,3.1819836580348326,249,87.0,64.0,0.35,343.0,3.0
2025-02-18 07:42:03,334.25,40.0,350.3,50.0,332.21,70.0,375.37,38.0,342.27,16.05000000000001,110.0,88.0,2.2759898945294688,198,22.0,-51.0,0.11,343.0,
2025-02-18 07:42:04,336.05,83.0,349.24,105.0,334.33,113.0,351.0,105.0,342.64,13.189999999999998,196.0,210.0,1.1577564510724854,406,-14.0,173.5,-0.03,343.0,
2025-02-18 07:42:11,335.0,59.0,341.46,24.0,332.0,60.0,344.5,60.0,338.23,6.45999999999998,119.0,84.0,2.2843664329526856,203,35.0,28.0,0.17,335.0,1.0
2025-02-18 07:42:12,335.0,36.0,339.67,9.0,332.0,45.0,342.0,45.0,337.33,4.670000000000016,81.0,54.0,2.293109242928022,135,27.0,-68.0,0.2,335.0,
2025-02-18 07:42:13,335.0,36.0,337.24,17.0,332.0,45.0,338.46,37.0,336.12,2.240000000000009,81.0,54.0,2.2945217366594712,135,27.0,0.0,0.2,335.0,
2025-02-18 07:42:14,333.71,35.0,336.0,8.0,331.79,28.0,342.12,40.0,334.86,2.2900000000000205,63.0,48.0,1.931250889968424,111,15.0,-24.0,0.14,335.0,4.0
2025-02-18 07:42:15,332.0,35.0,334.26,19.0,330.0,7.0,342.09,11.0,333.13,2.259999999999991,42.0,30.0,2.0168614231039177,72,12.0,-39.0,0.17,335.0,
2025-02-18 07:42:16,332.0,23.0,333.12,25.0,330.0,7.0,342.33,15.0,332.56,1.1200000000000043,30.0,40.0,1.9970853762434444,70,-10.0,-2.0,-0.14,332.33,6.0
2025-02-18 07:42:17,325.33,24.0,342.57,21.0,324.44,9.0,414.31,39.0,333.95,17.24000000000001,33.0,60.0,1.4133400157095428,93,-27.0,23.0,-0.29,330.8,5.0
2025-02-18 07:42:18,324.0,44.0,345.45,55.0,320.0,11.0,488.0,33.0,334.73,21.44999999999999,55.0,88.0,0.9983636612006802,143,-33.0,50.0,-0.23,330.8,
2025-02-18 07:42:19,324.0,40.0,331.11,18.0,320.0,10.0,397.88,26.0,327.56,7.110000000000014,50.0,44.0,2.820218076675474,94,6.0,-49.0,0.06,330.8,
2025-02-18 07:42:20,324.0,24.0,325.0,12.0,320.0,6.0,327.0,6.0,324.5,1.0,30.0,18.0,4.431551646997748,48,12.0,-46.0,0.25,330.8,
2025-02-18 07:42:21,324.45,44.0,329.11,46.0,323.48,46.0,333.73,51.0,326.78,4.660000000000025,90.0,97.0,4.563916081613398,187,-7.0,139.0,-0.04,325.67,3.0
2025-02-18 07:42:22,328.0,16.0,333.36,50.0,322.63,19.0,467.4,40.0,330.68,5.360000000000014,35.0,90.0,3.962158502635896,125,-55.0,-62.0,-0.44,330.0,2.0
2025-02-18 07:42:23,329.0,11.0,344.0,22.0,322.86,21.0,485.0,33.0,336.5,15.0,32.0,55.0,4.639943965179927,87,-23.0,-38.0,-0.26,330.0,
2025-02-18 07:42:24,329.0,8.0,344.0,16.0,323.0,16.0,351.0,24.0,336.5,15.0,24.0,40.0,5.492278215823405,64,-16.0,-23.0,-0.25,330.0,
2025-02-18 07:42:25,329.0,9.0,331.76,34.0,323.0,18.0,341.86,21.0,330.38,2.759999999999991,27.0,55.0,4.24187694305333,82,-28.0,18.0,-0.34,330.0,
2025-02-18 07:42:26,329.0,7.0,331.0,28.0,323.0,14.0,342.0,14.0,330.0,2.0,21.0,42.0,3.3752807290663847,63,-21.0,-19.0,-0.33,330.0,
2025-02-18 07:42:27,329.0,13.0,331.0,52.0,323.0,26.0,341.3,40.0,330.0,2.0,39.0,92.0,3.4942638709758302,131,-53.0,68.0,-0.4,330.0,
2025-02-18 07:42:28,329.0,11.0,331.0,84.0,323.0,22.0,340.27,44.0,330.0,2.0,33.0,128.0,2.8691253022494387,161,-95.0,30.0,-0.59,330.0,
2025-02-18 07:42:29,329.0,10.0,330.52,62.0,323.0,20.0,331.5,64.0,329.76,1.5199999999999818,30.0,126.0,0.2225308967513618,156,-96.0,-5.0,-0.62,330.0,
2025-02-18 07:42:30,323.0,18.0,331.0,72.0,319.0,9.0,343.0,18.0,327.0,8.0,27.0,90.0,1.3189086397508736,117,-63.0,-39.0,-0.54,329.0,1.0
2025-02-18 07:42:31,323.0,16.0,329.12,32.0,319.0,8.0,331.0,64.0,326.06,6.1200000000000045,24.0,96.0,1.8888303258922203,120,-72.0,3.0,-0.6,329.0,
2025-02-18 07:42:32,322.1,31.0,330.27,64.0,294.7,70.0,333.74,87.0,326.18,8.169999999999959,101.0,151.0,1.934786809964003,252,-50.0,132.0,-0.2,326.86,7.0
2025-02-18 07:42:33,323.0,77.0,329.53,68.0,319.82,11.0,336.33,45.0,326.26,6.529999999999973,88.0,113.0,1.557857503114841,201,-25.0,-51.0,-0.12,331.0,5.0
2025-02-18 07:42:34,323.0,49.0,326.76,33.0,320.0,7.0,329.4,25.0,324.88,3.759999999999991,56.0,58.0,0.7630727357282922,114,-2.0,-87.0,-0.02,331.0,
2025-02-18 07:42:35,323.0,49.0,326.0,28.0,320.0,7.0,327.0,35.0,324.5,3.0,56.0,63.0,0.8229702303316758,119,-7.0,5.0,-0.06,331.0,
2025-02-18 07:42:36,323.0,70.0,326.0,56.0,320.0,10.0,327.0,56.0,324.5,3.0,80.0,112.0,0.8868370763631652,192,-32.0,73.0,-0.17,331.0,
2025-02-18 07:42:37,323.0,91.0,326.0,104.0,320.0,13.0,327.0,78.0,324.5,3.0,104.0,182.0,0.7625745865242068,286,-78.0,94.0,-0.27,331.0,
2025-02-18 07:42:38,323.11,75.0,325.98,114.0,321.71,45.0,326.91,92.0,324.54,2.8700000000000045,120.0,206.0,0.1663730747830175,326,-86.0,40.0,-0.26,325.0,3.0
2025-02-18 07:42:39,323.22,27.0,326.0,72.0,319.47,45.0,327.0,54.0,324.61,2.7799999999999727,72.0,126.0,0.0479583153664524,198,-54.0,-128.0,-0.27,325.0,
2025-02-18 07:42:40,320.69,13.0,326.0,51.0,316.36,50.0,327.0,42.0,323.35,5.310000000000002,63.0,93.0,0.5329634133905305,156,-30.0,-42.0,-0.19,326.0,2.0
2025-02-18 07:42:41,318.0,16.0,326.0,60.0,316.55,71.0,327.0,60.0,322.0,8.0,87.0,120.0,1.1331593003691551,207,-33.0,51.0,-0.16,326.0,
2025-02-18 07:42:42,319.7,10.0,326.0,60.0,315.82,34.0,327.0,60.0,322.85,6.300000000000011,44.0,120.0,1.1185034644618934,164,-76.0,-43.0,-0.46,326.0,
2025-02-18 07:42:43,321.0,9.0,326.0,36.0,319.89,9.0,327.0,54.0,323.5,5.0,18.0,90.0,0.9544474841568518,108,-72.0,-56.0,-0.67,326.0,2.0
2025-02-18 07:42:44,322.94,17.0,325.61,71.0,321.88,17.0,327.7,74.0,324.27,2.670000000000016,34.0,145.0,0.8396010957671285,179,-111.0,71.0,-0.62,325.42,12.0
2025-02-18 07:42:45,325.06,18.0,327.0,54.0,323.44,18.0,331.0,54.0,326.03,1.9399999999999975,36.0,108.0,1.5331177384705847,144,-72.0,-35.0,-0.5,325.42,
2025-02-18 07:42:46,325.06,17.0,327.52,27.0,311.71,170.0,330.93,40.0,326.29,2.4599999999999795,187.0,67.0,1.5232924866922044,254,120.0,110.0,0.47,329.25,8.0
2025-02-18 07:42:47,320.22,18.0,330.71,56.0,309.54,81.0,336.23,26.0,325.47,10.489999999999952,99.0,82.0,1.1901764575107254,181,17.0,-73.0,0.09,330.0,1.0
2025-02-18 07:42:48,314.93,14.0,330.0,29.0,313.86,14.0,335.07,14.0,322.46,15.069999999999991,28.0,43.0,1.5719669207756426,71,-15.0,-110.0,-0.21,330.0,3.0
2025-02-18 07:42:49,316.3,10.0,335.33,15.0,314.1,10.0,338.25,20.0,325.82,19.029999999999973,20.0,35.0,1.5685120337481535,55,-15.0,-16.0,-0.27,333.0,2.0
2025-02-18 07:42:50,319.15,13.0,338.0,26.0,315.52,80.0,339.0,39.0,328.58,18.850000000000023,93.0,65.0,2.1911481008851523,158,28.0,103.0,0.18,333.0,
2025-02-18 07:42:51,320.0,13.0,338.0,26.0,318.0,130.0,339.0,39.0,329.0,18.0,143.0,65.0,2.6527118200084425,208,78.0,50.0,0.38,333.0,
2025-02-18 07:42:52,322.9,10.0,337.33,24.0,319.21,19.0,338.86,28.0,330.12,14.430000000000009,29.0,52.0,3.0839390396070328,81,-23.0,-127.0,-0.28,333.0,
2025-02-18 07:42:53,326.2,10.0,335.46,26.0,325.0,10.0,336.35,34.0,330.83,9.259999999999993,20.0,60.0,1.9240322242654695,80,-40.0,-1.0,-0.5,333.0,
2025-02-18 07:42:54,327.58,12.0,335.0,24.0,324.86,14.0,336.0,48.0,331.29,7.420000000000016,26.0,72.0,1.159452456986399,98,-46.0,18.0,-0.47,333.0,
2025-02-18 07:42:55,329.84,19.0,334.81,42.0,328.37,19.0,337.38,58.0,332.33,4.970000000000027,38.0,100.0,1.24973197126891,138,-62.0,40.0,-0.45,333.0,
2025-02-18 07:42:56,332.75,12.0,334.0,48.0,331.5,12.0,337.65,34.0,333.38,1.25,24.0,82.0,1.2825950257238592,106,-58.0,-32.0,-0.55,333.0,
2025-02-18 07:42:57,323.86,35.0,334.0,35.0,318.24,29.0,338.0,45.0,328.93,10.139999999999986,64.0,80.0,1.6741923425973495,144,-16.0,38.0,-0.11,334.0,2.0
2025-02-18 07:42:58,317.0,18.0,334.0,18.0,315.0,9.0,338.0,27.0,325.5,17.0,27.0,45.0,3.1425833322303096,72,-18.0,-72.0,-0.25,334.0,
2025-02-18 07:42:59,317.0,14.0,326.92,13.0,315.0,7.0,333.0,14.0,321.96,9.920000000000016,21.0,27.0,4.754150817970769,48,-6.0,-24.0,-0.12,334.0,
2025-02-18 07:43:00,317.86,98.0,326.0,14.0,316.38,21.0,327.0,76.0,321.93,8.139999999999986,119.0,90.0,4.888962057534564,209,29.0,161.0,0.14,334.0,
2025-02-18 07:43:01,323.27,30.0,326.0,7.0,320.17,12.0,327.0,42.0,324.63,2.730000000000018,42.0,49.0,2.900767139915402,91,-7.0,-118.0,-0.08,334.0,
2025-02-18 07:43:02,324.07,58.0,326.0,37.0,322.67,42.0,327.0,78.0,325.03,1.9300000000000068,100.0,115.0,1.730158952239108,215,-15.0,124.0,-0.07,334.0,
2025-02-18 07:43:03,324.62,16.0,326.0,48.0,323.11,54.0,327.0,66.0,325.31,1.3799999999999957,70.0,114.0,1.685265557712831,184,-44.0,-31.0,-0.24,326.0,1.0
2025-02-18 07:43:04,324.73,67.0,326.0,56.0,315.89,27.0,327.0,84.0,325.37,1.2699999999999818,94.0,140.0,1.4409302550828131,234,-46.0,50.0,-0.2,326.0,
2025-02-18 07:43:05,325.0,55.0,326.94,64.0,312.74,43.0,332.0,24.0,325.97,1.9399999999999975,98.0,88.0,0.4920569072911205,186,10.0,-48.0,0.05,326.0,4.0
2025-02-18 07:43:06,323.24,67.0,327.0,80.0,313.73,75.0,331.0,15.0,325.12,3.759999999999991,142.0,95.0,0.367831483172508,237,47.0,51.0,0.2,327.0,1.0
2025-02-18 07:43:07,321.0,75.0,325.73,55.0,312.0,23.0,327.31,51.0,323.36,4.730000000000018,98.0,106.0,0.9841900223091744,204,-8.0,-33.0,-0.04,325.0,4.0
2025-02-18 07:43:08,321.98,49.0,325.0,9.0,319.2,25.0,327.0,36.0,323.49,3.019999999999982,74.0,45.0,1.1716100033769778,119,29.0,-85.0,0.24,325.0,
2025-02-18 07:43:09,321.0,40.0,326.93,29.0,311.88,8.0,328.91,11.0,323.97,5.930000000000007,48.0,40.0,1.1265300706208712,88,8.0,-31.0,0.09,325.0,1.0
2025-02-18 07:43:10,316.0,55.0,327.0,44.0,311.0,11.0,330.69,26.0,321.5,11.0,66.0,70.0,1.309988549573348,136,-4.0,48.0,-0.03,325.0,
2025-02-18 07:43:11,317.06,53.0,327.0,64.0,316.44,68.0,331.0,96.0,322.03,9.939999999999998,121.0,160.0,1.0508330029141055,281,-39.0,145.0,-0.14,325.0,
2025-02-18 07:43:12,319.82,79.0,326.41,29.0,318.34,61.0,327.73,98.0,323.12,6.590000000000032,140.0,127.0,1.028090462952307,267,13.0,-14.0,0.05,325.0,
2025-02-18 07:43:13,322.43,68.0,325.89,55.0,321.92,65.0,326.78,83.0,324.16,3.4599999999999795,133.0,138.0,1.1706963739644274,271,-5.0,4.0,-0.02,325.0,
2025-02-18 07:43:14,323.0,60.0,326.0,41.0,310.15,13.0,327.0,52.0,324.5,3.0,73.0,93.0,1.3020829466717592,166,-20.0,-105.0,-0.12,325.5,2.0
2025-02-18 07:43:15,324.57,58.0,326.0,35.0,317.56,27.0,327.0,56.0,325.28,1.4300000000000068,85.0,91.0,1.265274673742095,176,-6.0,10.0,-0.03,326.0,1.0
2025-02-18 07:43:16,325.36,70.0,326.6,40.0,308.17,48.0,329.12,68.0,325.98,1.240000000000009,118.0,108.0,1.0909262119928147,226,10.0,50.0,0.04,326.0,2.0
2025-02-18 07:43:17,326.0,30.0,327.0,27.0,309.0,59.0,331.0,42.0,326.5,1.0,89.0,69.0,0.9799387736041972,158,20.0,-68.0,0.13,326.5,2.0
2025-02-18 07:43:18,309.77,88.0,327.0,12.0,308.46,26.0,331.0,48.0,318.39,17.230000000000018,114.0,60.0,3.2956941605696817,174,54.0,16.0,0.31,327.0,4.0
2025-02-18 07:43:19,309.0,36.0,327.0,3.0,308.0,6.0,331.0,18.0,318.0,18.0,42.0,21.0,4.255478821473944,63,21.0,-111.0,0.33,327.0,
2025-02-18 07:43:20,310.9,87.0,327.0,10.0,308.82,55.0,331.0,60.0,318.95,16.100000000000023,142.0,70.0,4.285863973577968,212,72.0,149.0,0.34,327.0,
2025-02-18 07:43:21,312.0,60.0,327.0,12.0,310.52,29.0,331.0,72.0,319.5,15.0,89.0,84.0,3.529712452879658,173,5.0,-39.0,0.03,327.0,
2025-02-18 07:43:22,312.0,50.0,331.0,40.0,309.13,60.0,332.15,39.0,321.5,19.0,110.0,79.0,1.3707187895458108,189,31.0,16.0,0.16,329.67,3.0
2025-02-18 07:43:23,312.0,45.0,327.43,42.0,308.7,23.0,331.33,36.0,319.71,15.430000000000009,68.0,78.0,1.2836938887499083,146,-10.0,-43.0,-0.07,329.67,
2025-02-18 07:43:24,312.07,54.0,326.0,28.0,309.6,25.0,329.4,20.0,319.04,13.930000000000009,79.0,48.0,1.0332231124078706,127,31.0,-19.0,0.24,326.0,3.0
2025-02-18 07:43:25,313.0,52.0,326.0,16.0,309.18,68.0,327.0,8.0,319.5,13.0,120.0,24.0,0.954358423242425,144,96.0,17.0,0.67,328.2,5.0
2025-02-18 07:43:26,313.81,59.0,331.0,66.0,310.63,76.0,333.0,55.0,322.41,17.189999999999998,135.0,121.0,1.4474702069519776,256,14.0,112.0,0.05,328.2,
2025-02-18 07:43:27,322.53,60.0,332.05,43.0,313.84,57.0,381.48,46.0,327.29,9.52000000000004,117.0,89.0,3.448456176321983,206,28.0,-50.0,0.14,331.0,6.0
2025-02-18 07:43:28,333.0,60.0,425.62,26.0,317.9,39.0,502.65,34.0,379.31,92.62,99.0,60.0,25.812784623128294,159,39.0,-47.0,0.25,333.43,7.0
2025-02-18 07:43:29,333.0,32.0,375.5,16.0,318.0,40.0,517.29,14.0,354.25,42.5,72.0,30.0,25.680816186406663,102,42.0,-57.0,0.41,333.43,
2025-02-18 07:43:33,330.82,44.0,402.5,10.0,321.45,62.0,519.12,26.0,366.66,71.68,106.0,36.0,28.390903472767263,142,70.0,-25.0,0.49,333.43,
2025-02-18 07:43:34,332.0,44.0,402.18,11.0,331.0,55.0,478.55,11.0,367.09,70.18,99.0,22.0,24.56947944096471,121,77.0,-21.0,0.64,333.43,
2025-02-18 07:43:35,332.0,40.0,401.0,10.0,331.0,50.0,444.6,10.0,366.5,69.0,90.0,20.0,24.800831034463144,110,70.0,-11.0,0.64,333.43,
2025-02-18 07:43:36,332.74,78.0,366.19,32.0,331.59,61.0,449.19,16.0,349.47,33.44999999999999,139.0,48.0,20.99043234428473,187,91.0,77.0,0.49,333.0,1.0
2025-02-18 07:43:37,333.0,72.0,397.19,37.0,332.0,52.0,398.33,15.0,365.09,64.19,124.0,52.0,7.579503281877921,176,72.0,-11.0,0.41,333.0,5.0
2025-02-18 07:43:38,334.62,52.0,392.59,32.0,332.29,56.0,396.12,24.0,363.6,57.96999999999997,108.0,56.0,7.325547761089158,164,52.0,-12.0,0.32,336.0,4.0
2025-02-18 07:43:39,331.15,55.0,357.04,25.0,322.0,55.0,358.36,11.0,344.09,25.890000000000043,110.0,36.0,10.244688867896402,146,74.0,-18.0,0.51,333.0,2.0
2025-02-18 07:43:40,332.75,32.0,354.5,24.0,326.83,48.0,358.0,8.0,343.62,21.75,80.0,32.0,10.466734447763663,112,48.0,-34.0,0.43,334.5,4.0
2025-02-18 07:43:41,331.0,55.0,352.52,27.0,322.0,55.0,354.29,17.0,341.76,21.519999999999985,110.0,44.0,11.6499042914525,154,66.0,42.0,0.43,334.5,
2025-02-18 07:43:42,335.4,30.0,347.59,29.0,328.83,29.0,348.91,23.0,341.49,12.189999999999998,59.0,52.0,9.397226718559338,111,7.0,-43.0,0.06,334.5,
2025-02-18 07:43:44,331.44,64.0,344.29,14.0,327.23,62.0,345.55,22.0,337.86,12.850000000000025,126.0,36.0,2.1134994677092758,162,90.0,92.0,0.56,335.5,4.0
2025-02-18 07:43:46,333.86,42.0,342.0,10.0,327.8,50.0,365.06,34.0,337.93,8.139999999999986,92.0,44.0,1.994760637271535,136,48.0,-69.0,0.35,341.0,3.0
2025-02-18 07:43:47,331.0,55.0,339.42,19.0,325.0,55.0,342.48,25.0,335.21,8.420000000000016,110.0,44.0,2.7113520612433426,154,66.0,18.0,0.43,341.0,
2025-02-18 07:43:48,331.0,55.0,334.39,31.0,325.0,55.0,335.38,13.0,332.69,3.3899999999999864,110.0,44.0,3.150068253230294,154,66.0,0.0,0.43,341.0,
2025-02-18 07:43:49,329.83,63.0,332.21,19.0,319.92,73.0,333.05,41.0,331.02,2.3799999999999955,136.0,60.0,4.019225049684341,196,76.0,42.0,0.39,341.0,
2025-02-18 07:43:50,326.77,13.0,329.3,27.0,320.6,25.0,332.16,25.0,328.03,2.5300000000000296,38.0,52.0,3.8047181235948977,90,-14.0,-106.0,-0.16,327.0,1.0
2025-02-18 07:43:51,317.04,26.0,332.78,27.0,279.05,42.0,352.86,14.0,324.91,15.739999999999952,68.0,41.0,4.016144917705649,109,27.0,19.0,0.25,329.25,4.0
2025-02-18 07:43:52,332.05,135.0,363.0,51.0,280.66,64.0,433.41,85.0,347.53,30.94999999999999,199.0,136.0,8.73429905602111,335,63.0,173.5,0.19,329.25,
2025-02-18 07:43:58,335.0,20.0,364.8,10.0,333.0,30.0,446.5,12.0,349.9,29.80000000000001,50.0,22.0,5.958399113855831,72,28.0,-57.0,0.39,329.25,
2025-02-18 07:43:59,334.61,31.0,405.0,18.0,332.23,52.0,468.56,27.0,369.81,70.38999999999999,83.0,45.0,9.794848135626967,128,38.0,56.0,0.3,336.0,6.0
2025-02-18 07:44:08,336.0,13.0,338.54,39.0,333.0,78.0,348.62,26.0,337.27,2.5400000000000205,91.0,65.0,13.492358207518746,156,26.0,35.0,0.17,336.0,
2025-02-18 07:44:09,333.79,19.0,336.78,32.0,332.13,53.0,339.29,34.0,335.29,2.9899999999999523,72.0,66.0,11.694174618159394,138,6.0,-18.0,0.04,333.6,5.0
2025-02-18 07:44:10,332.59,17.0,336.15,39.0,331.06,53.0,345.08,24.0,334.37,3.5600000000000023,70.0,63.0,5.615257785712807,133,7.0,-5.0,0.05,333.0,2.0
2025-02-18 07:44:11,332.0,12.0,337.33,27.0,330.6,20.0,340.36,33.0,334.67,5.329999999999984,32.0,60.0,2.1802476923529555,92,-28.0,-41.0,-0.3,333.0,
2025-02-18 07:44:12,333.25,16.0,336.73,22.0,330.85,13.0,341.59,29.0,334.99,3.480000000000018,29.0,51.0,1.144255216291874,80,-22.0,-12.0,-0.28,334.8,5.0
2025-02-18 07:44:13,332.0,10.0,335.7,20.0,325.0,10.0,348.6,20.0,333.85,3.6999999999999886,20.0,40.0,0.5573867598101927,60,-20.0,-20.0,-0.33,334.8,
2025-02-18 07:44:22,294.12,112.0,327.74,46.0,293.76,46.0,334.3,53.0,310.93,33.620000000000005,158.0,99.0,2.378644572025689,257,59.0,49.0,0.23,327.33,9.0
2025-02-18 07:44:23,320.31,61.0,386.8,20.0,295.36,22.0,498.7,20.0,353.56,66.49000000000001,83.0,40.0,19.95436744174122,123,43.0,-134.0,0.35,329.88,8.0
2025-02-18 07:44:24,315.7,47.0,411.73,22.0,295.08,53.0,593.15,26.0,363.71,96.03000000000004,100.0,48.0,26.781623737182446,148,52.0,25.0,0.35,329.88,
2025-02-18 07:44:25,300.3,54.0,333.0,18.0,298.15,27.0,486.11,36.0,316.65,32.69999999999999,81.0,54.0,25.76301088770513,135,27.0,-13.0,0.2,329.88,
2025-02-18 07:44:26,304.14,86.0,332.36,22.0,303.0,47.0,418.71,28.0,318.25,28.220000000000027,133.0,50.0,24.171603173972805,183,83.0,48.0,0.45,329.88,
2025-02-18 07:44:27,310.18,60.0,331.72,36.0,306.26,81.0,353.94,34.0,320.95,21.54000000000002,141.0,70.0,22.26386264779792,211,71.0,28.0,0.34,329.88,
2025-02-18 07:44:28,327.21,68.0,330.67,24.0,319.11,64.0,332.14,28.0,328.94,3.4600000000000364,132.0,52.0,19.59097496297758,184,80.0,-27.0,0.43,330.0,2.0
2025-02-18 07:44:29,330.05,44.0,409.88,33.0,326.85,48.0,565.0,34.0,369.96,79.82999999999998,92.0,67.0,22.313674058747328,159,25.0,-25.0,0.16,332.5,4.0
2025-02-18 07:44:30,332.84,88.0,339.62,69.0,331.26,19.0,359.78,54.0,336.23,6.78000000000003,107.0,123.0,20.846542399160843,230,-16.0,71.0,-0.07,332.5,
2025-02-18 07:44:31,335.45,44.0,345.73,45.0,334.87,45.0,401.1,29.0,340.59,10.28000000000003,89.0,74.0,18.675993414006328,163,15.0,-67.0,0.09,337.25,8.0
2025-02-18 07:44:37,336.95,38.0,423.88,16.0,330.25,84.0,692.75,24.0,380.41,86.93,122.0,40.0,31.15062070007548,162,82.0,37.0,0.51,337.25,
2025-02-18 07:44:52,337.0,62.0,344.0,18.0,335.0,132.0,597.11,36.0,340.5,7.0,194.0,54.0,0.8456772434015496,248,140.0,63.0,0.56,337.0,2.0
2025-02-18 07:44:53,337.0,30.0,344.0,10.0,335.0,93.0,693.4,20.0,340.5,7.0,123.0,30.0,0.6047561492101247,153,93.0,-95.0,0.61,337.0,
2025-02-18 07:44:54,337.0,20.0,344.0,12.0,335.0,120.0,702.0,24.0,340.5,7.0,140.0,36.0,0.548425017671109,176,104.0,23.0,0.59,337.0,4.0
2025-02-18 07:44:55,337.0,26.0,343.27,15.0,335.0,260.0,485.65,46.0,340.13,6.269999999999982,286.0,61.0,0.3134804619234447,347,225.0,171.0,0.65,337.0,
2025-02-18 07:44:56,337.0,20.0,340.85,26.0,335.0,200.0,390.82,17.0,338.92,3.850000000000023,220.0,43.0,0.684251415788075,263,177.0,-84.0,0.67,337.0,
2025-02-18 07:44:57,337.0,28.0,340.5,24.0,335.0,280.0,364.84,45.0,338.75,3.5,308.0,69.0,0.8599127862802012,377,239.0,114.0,0.63,338.0,1.0
2025-02-18 07:44:58,337.0,22.0,340.87,31.0,335.0,220.0,395.98,41.0,338.94,3.870000000000005,242.0,72.0,0.8055867426964946,314,170.0,-63.0,0.54,340.0,1.0
2025-02-18 07:44:59,335.16,74.0,340.0,21.0,334.5,80.0,354.0,21.0,337.58,4.839999999999975,154.0,42.0,0.9046159406116366,196,112.0,-118.0,0.57,335.8,5.0
2025-02-18 07:45:00,335.0,203.0,340.0,36.0,333.0,60.0,457.82,33.0,337.5,5.0,263.0,69.0,0.7327482514540291,332,194.0,136.0,0.58,335.0,1.0
2025-02-18 07:45:01,335.0,168.0,338.75,36.0,333.0,60.0,466.14,29.0,336.88,3.75,228.0,65.0,0.880681554257337,293,163.0,-39.0,0.56,335.0,4.0
2025-02-18 07:45:02,335.0,91.0,336.38,24.0,333.0,40.0,372.0,24.0,335.69,1.3799999999999957,131.0,48.0,1.1805591895408831,179,83.0,-114.0,0.46,335.0,5.0
2025-02-18 07:45:03,335.0,46.0,336.0,30.0,333.0,50.0,485.16,25.0,335.5,1.0,96.0,55.0,0.9851903369449918,151,41.0,-28.0,0.27,335.0,3.0
2025-02-18 07:45:04,335.0,32.0,336.0,24.0,333.29,42.0,669.0,40.0,335.5,1.0,74.0,64.0,0.9208039965215308,138,10.0,-13.0,0.07,335.0,
2025-02-18 07:45:05,333.86,44.0,351.12,43.0,332.6,50.0,408.43,35.0,342.49,17.25999999999999,94.0,78.0,3.0060721880902186,172,16.0,34.0,0.09,335.0,4.0
2025-02-18 07:45:06,333.0,25.0,362.0,25.0,332.0,20.0,681.0,5.0,347.5,29.0,45.0,30.0,5.461724086770426,75,15.0,-97.0,0.2,335.0,
2025-02-18 07:45:07,333.44,36.0,368.33,12.0,332.56,36.0,380.61,36.0,350.89,34.889999999999986,72.0,48.0,6.95189398653392,120,24.0,45.0,0.2,335.0,
2025-02-18 07:45:27,336.71,14.0,431.67,24.0,335.93,43.0,502.53,17.0,384.19,94.96000000000004,57.0,41.0,24.55294727726158,98,16.0,-2.0,0.16,340.0,4.0
2025-02-18 07:45:44,336.25,60.0,362.9,58.0,334.28,88.0,363.91,68.0,349.57,26.649999999999977,148.0,126.0,3.915856228208591,274,22.0,142.0,0.08,340.0,
2025-02-18 07:45:45,335.8,45.0,359.62,39.0,334.1,101.0,360.91,66.0,347.71,23.819999999999997,146.0,105.0,4.131454949530623,251,41.0,-23.0,0.16,338.0,5.0
2025-02-18 07:45:46,337.0,42.0,356.48,66.0,334.0,98.0,357.5,60.0,346.74,19.480000000000015,140.0,126.0,3.606415117537362,266,14.0,15.0,0.05,338.0,
2025-02-18 07:45:47,337.0,33.0,352.22,36.0,334.0,77.0,353.51,35.0,344.61,15.220000000000027,110.0,71.0,2.9735332518744344,181,39.0,-85.0,0.22,338.0,
2025-02-18 07:45:48,334.0,84.0,349.35,26.0,332.0,36.0,350.65,37.0,341.67,15.350000000000025,120.0,63.0,3.0364288234707515,183,57.0,2.0,0.31,337.0,3.0
2025-02-18 07:45:49,334.0,91.0,346.38,65.0,332.0,39.0,348.07,59.0,340.19,12.379999999999995,130.0,124.0,3.217899936294648,254,6.0,71.0,0.02,337.0,
2025-02-18 07:45:50,336.42,72.0,341.46,69.0,333.9,96.0,344.21,67.0,338.94,5.039999999999964,168.0,136.0,3.2056122660119635,304,32.0,50.0,0.11,337.0,6.0
2025-02-18 07:45:51,334.0,66.0,337.13,61.0,332.0,30.0,338.18,57.0,335.57,3.1299999999999955,96.0,118.0,3.340416141741624,214,-22.0,-90.0,-0.1,334.0,3.0
2025-02-18 07:45:52,333.78,37.0,335.53,30.0,331.91,22.0,336.74,54.0,334.66,1.75,59.0,84.0,2.999871663923211,143,-25.0,-71.0,-0.17,334.0,4.0
2025-02-18 07:45:53,331.78,23.0,333.39,18.0,330.29,14.0,364.95,37.0,332.59,1.6100000000000136,37.0,55.0,3.124411944672271,92,-18.0,-51.0,-0.2,332.0,3.0
2025-02-18 07:45:54,332.8,20.0,365.65,34.0,329.67,12.0,426.58,48.0,349.22,32.849999999999966,32.0,82.0,6.574734215161079,114,-50.0,22.0,-0.44,333.0,2.0
2025-02-18 07:45:55,334.0,18.0,399.0,24.0,331.0,6.0,623.07,29.0,366.5,65.0,24.0,53.0,14.331439913700445,77,-29.0,-37.0,-0.38,333.0,
2025-02-18 07:45:56,332.97,34.0,394.18,51.0,319.19,16.0,475.87,68.0,363.57,61.20999999999998,50.0,119.0,15.756210521569038,169,-69.0,92.0,-0.41,333.25,4.0
2025-02-18 07:45:59,297.92,12.0,341.75,36.0,244.17,42.0,353.0,36.0,319.83,43.829999999999984,54.0,72.0,19.091166805619928,126,-18.0,-25.0,-0.14,334.67,3.0
2025-02-18 07:46:03,294.74,27.0,349.5,24.0,296.42,43.0,373.53,30.0,322.12,54.75999999999999,70.0,54.0,47.6189988344992,124,16.0,17.0,0.13,332.33,6.0
2025-02-18 07:46:44,336.0,16.0,344.5,16.0,335.0,48.0,360.0,80.0,340.25,8.5,64.0,96.0,2.0567620183232886,160,-32.0,32.0,-0.2,332.33,
2025-02-18 07:46:45,335.33,18.0,343.2,10.0,334.45,40.0,354.8,50.0,339.27,7.870000000000003,58.0,60.0,2.0986066806377544,118,-2.0,-42.0,-0.02,332.33,
2025-02-18 07:46:46,335.31,26.0,342.5,10.0,334.13,90.0,354.0,50.0,338.9,7.189999999999998,116.0,60.0,1.7785302921282,176,56.0,58.0,0.32,332.33,
2025-02-18 07:46:47,336.0,24.0,340.92,12.0,335.0,36.0,352.75,60.0,338.46,4.920000000000016,60.0,72.0,1.4076682847950197,132,-12.0,-44.0,-0.09,332.33,
2025-02-18 07:46:48,336.0,24.0,342.69,16.0,335.0,36.0,349.25,57.0,339.34,6.689999999999998,60.0,73.0,0.6623669677888835,133,-13.0,1.0,-0.1,339.0,1.0
2025-02-18 07:46:52,334.64,55.0,348.69,26.0,331.23,156.0,350.0,65.0,341.66,14.050000000000011,211.0,91.0,1.806336070618386,302,120.0,71.0,0.4,335.0,5.0
2025-02-18 07:46:53,335.6,58.0,347.24,42.0,332.94,136.0,350.06,62.0,341.42,11.639999999999986,194.0,104.0,1.121485621850263,298,90.0,-4.0,0.3,335.0,
2025-02-18 07:46:54,337.0,33.0,344.42,38.0,334.0,88.0,346.43,28.0,340.71,7.420000000000016,121.0,66.0,1.3836726491540556,187,55.0,-111.0,0.29,335.0,
2025-02-18 07:46:56,335.85,52.0,341.25,32.0,333.88,68.0,343.0,40.0,338.55,5.399999999999977,120.0,72.0,1.2410761459384627,192,48.0,-80.0,0.25,337.0,4.0
2025-02-18 07:46:57,334.0,65.0,338.09,22.0,332.09,11.0,341.0,44.0,336.05,4.089999999999975,76.0,66.0,2.138990416064941,142,10.0,-50.0,0.07,334.0,3.0
2025-02-18 07:46:58,334.0,44.0,337.08,24.0,332.0,11.0,340.81,42.0,335.54,3.079999999999984,55.0,66.0,2.3411108474435607,121,-11.0,-21.0,-0.09,334.0,
2025-02-18 07:46:59,333.14,21.0,335.29,28.0,329.06,156.0,347.55,44.0,334.21,2.150000000000034,177.0,72.0,2.402769235698314,249,105.0,128.0,0.42,334.0,4.0
2025-02-18 07:47:00,329.19,109.0,334.62,26.0,328.76,125.0,346.37,38.0,331.9,5.430000000000007,234.0,64.0,2.445311841058037,298,170.0,49.0,0.57,332.0,1.0
2025-02-18 07:47:01,329.0,187.0,337.48,23.0,324.0,11.0,351.33,45.0,333.24,8.480000000000018,198.0,68.0,1.6903461184085242,266,130.0,-32.0,0.49,334.0,2.0
2025-02-18 07:47:02,334.0,26.0,346.9,20.0,329.51,173.0,348.7,46.0,340.45,12.899999999999975,199.0,66.0,3.290238593175061,265,133.0,-1.0,0.5,334.0,
2025-02-18 07:47:03,334.57,51.0,343.94,32.0,330.67,135.0,345.75,64.0,339.25,9.370000000000005,186.0,96.0,3.8018482347430056,282,90.0,17.0,0.32,336.0,4.0
2025-02-18 07:47:04,332.9,40.0,343.31,26.0,331.0,60.0,345.71,28.0,338.1,10.410000000000023,100.0,54.0,3.790576473310936,154,46.0,-128.0,0.3,336.0,
2025-02-18 07:47:05,333.0,40.0,341.8,30.0,330.55,62.0,344.0,20.0,337.4,8.800000000000011,102.0,50.0,2.7434412696498702,152,52.0,-2.0,0.34,336.0,
2025-02-18 07:47:06,332.26,76.0,338.94,32.0,328.4,48.0,340.26,43.0,335.6,6.680000000000007,124.0,75.0,1.841670437406744,199,49.0,47.0,0.25,333.0,4.0
