DateTime,Bid1_Price,Bid1_Volume,Ask1_Price,Ask1_Volume,Bid2_Price,Bid2_Volume,Ask2_Price,Ask2_Volume,Mid-Price,Bid_Ask_Spread,Market_Depth_Bid,Market_Depth_Ask,Historical_Volatility,Total_volume,Cumulative_Volume_Difference,Total_Volume_Change_Corrected,Order_imbalance,Weighted_Avg_Price,Trade_Volume
2025-03-03 07:30:07,258.24,42.0,410.32,38.0,256.9,21.0,417.82,44.0,334.28,152.07999999999998,63.0,82.0,82.3345791268772,145,-19.0,92.0,-0.13,,
2025-03-03 07:30:08,259.0,36.0,283.71,24.0,257.0,18.0,372.38,24.0,271.35,24.70999999999998,54.0,48.0,75.19472767421932,102,6.0,-43.0,0.06,,
2025-03-03 07:30:09,259.9,20.0,276.7,40.0,257.0,20.0,277.32,31.0,268.3,16.80000000000001,40.0,71.0,38.7050005813203,111,-31.0,9.0,-0.28,259.0,2.0
2025-03-03 07:30:10,260.0,20.0,276.0,40.0,257.0,20.0,277.0,40.0,268.0,16.0,40.0,80.0,31.971081151565777,120,-40.0,9.0,-0.33,259.0,
2025-03-03 07:30:11,260.0,17.0,275.04,51.0,257.92,24.0,276.5,48.0,267.52,15.04000000000002,41.0,99.0,29.3254190080893,140,-58.0,20.0,-0.41,260.0,1.0
2025-03-03 07:30:12,260.0,8.0,272.36,44.0,258.0,16.0,273.21,38.0,266.18,12.360000000000014,24.0,82.0,1.9033391710375565,106,-58.0,-34.0,-0.55,260.0,
2025-03-03 07:30:13,262.88,50.0,268.34,47.0,259.33,12.0,269.9,40.0,265.61,5.45999999999998,62.0,87.0,1.17158866502114,149,-25.0,43.0,-0.17,260.0,
2025-03-03 07:30:14,263.0,60.0,267.56,45.0,260.0,10.0,268.44,45.0,265.28,4.560000000000002,70.0,90.0,1.1907644603388818,160,-20.0,11.0,-0.12,260.0,
2025-03-03 07:30:15,263.0,84.0,266.24,58.0,260.0,14.0,267.34,65.0,264.62,3.240000000000009,98.0,123.0,1.0946323583771338,221,-25.0,61.0,-0.11,260.0,
2025-03-03 07:30:16,262.4,30.0,263.83,53.0,258.8,20.0,267.29,70.0,263.12,1.4300000000000068,50.0,123.0,1.174146498528408,173,-73.0,-48.0,-0.42,263.0,6.0
2025-03-03 07:30:17,259.2,15.0,262.05,42.0,257.67,27.0,270.16,57.0,260.62,2.8500000000000227,42.0,99.0,2.043355084170845,141,-57.0,-32.0,-0.4,260.0,1.0
2025-03-03 07:30:18,257.0,43.0,261.0,44.0,255.0,11.0,275.9,61.0,259.0,4.0,54.0,105.0,2.664004504502068,159,-51.0,18.0,-0.32,258.0,2.0
2025-03-03 07:30:55,258.0,81.0,262.59,54.0,257.0,52.0,289.55,40.0,260.3,4.589999999999975,133.0,94.0,0.5813776741566583,227,39.0,67.0,0.17,261.0,10.0
2025-03-03 07:30:56,258.0,56.0,260.75,48.0,257.0,48.0,261.83,47.0,259.38,2.75,104.0,95.0,0.5634536360764124,199,9.0,-28.0,0.05,258.0,2.0
2025-03-03 07:30:58,258.0,27.0,292.6,43.0,257.0,54.0,380.58,33.0,275.3,34.60000000000002,81.0,76.0,7.15263028542679,157,5.0,-22.0,0.03,259.0,4.0
2025-03-03 07:30:59,258.0,30.0,270.0,50.0,257.0,60.0,273.0,40.0,264.0,12.0,90.0,90.0,6.876781223799656,180,0.0,23.0,0.0,259.0,
2025-03-03 07:31:00,258.0,36.0,270.0,60.0,257.0,72.0,273.0,48.0,264.0,12.0,108.0,108.0,6.634705720678409,216,0.0,36.0,0.0,257.75,4.0
2025-03-03 07:31:01,257.0,35.0,270.0,35.0,256.0,14.0,295.83,24.0,263.5,13.0,49.0,59.0,6.107677136195238,108,-10.0,-108.0,-0.09,257.75,
2025-03-03 07:31:02,257.0,16.0,270.0,60.0,245.5,64.0,286.37,41.0,263.5,13.0,80.0,101.0,5.171363456575177,181,-21.0,73.0,-0.12,257.0,4.0
2025-03-03 07:31:03,257.0,30.0,270.0,45.0,256.0,18.0,273.0,27.0,263.5,13.0,48.0,72.0,0.2738612787584155,120,-24.0,-61.0,-0.2,257.0,
2025-03-03 07:31:04,257.0,72.0,270.0,45.0,256.0,18.0,273.0,27.0,263.5,13.0,90.0,72.0,0.2236067977573304,162,18.0,42.0,0.11,257.0,
2025-03-03 07:31:05,257.0,80.0,270.0,50.0,256.0,20.0,273.0,30.0,263.5,13.0,100.0,80.0,0.0,180,20.0,18.0,0.11,257.0,
2025-03-03 07:31:06,257.0,87.0,270.81,48.0,256.0,24.0,273.03,34.0,263.91,13.810000000000002,111.0,82.0,0.1833575741639974,193,29.0,13.0,0.15,257.0,1.0
2025-03-03 07:31:07,257.0,98.0,266.07,46.0,256.0,28.0,269.91,34.0,261.53,9.069999999999991,126.0,80.0,0.943700164249063,206,46.0,13.0,0.22,257.0,
2025-03-03 07:31:08,257.0,63.0,261.86,29.0,256.0,18.0,263.35,43.0,259.43,4.860000000000014,81.0,72.0,1.8890817875371229,153,9.0,-53.0,0.06,257.0,
2025-03-03 07:31:10,257.67,18.0,265.55,11.0,256.22,18.0,271.06,17.0,261.61,7.8799999999999955,36.0,28.0,2.224437007425865,64,8.0,-165.0,0.12,257.0,6.0
2025-03-03 07:31:11,259.64,28.0,265.0,14.0,257.0,14.0,272.0,42.0,262.32,5.360000000000014,42.0,56.0,1.7545027785688951,98,-14.0,34.0,-0.14,257.0,
2025-03-03 07:31:12,260.0,24.0,263.08,12.0,257.95,103.0,266.79,14.0,261.54,3.079999999999984,127.0,26.0,1.7558274402702545,153,101.0,55.0,0.66,257.0,
2025-03-03 07:31:13,258.14,123.0,264.57,14.0,257.89,79.0,272.14,29.0,261.35,6.430000000000007,202.0,43.0,1.6405029716540065,245,159.0,92.0,0.65,258.67,6.0
2025-03-03 07:31:14,258.0,46.0,266.0,5.0,257.0,5.0,272.89,18.0,262.0,8.0,51.0,23.0,0.3905508929766263,74,28.0,-171.0,0.38,258.0,2.0
2025-03-03 07:31:15,258.62,103.0,265.04,54.0,257.74,43.0,268.0,17.0,261.83,6.420000000000016,146.0,71.0,0.3811430177830835,217,75.0,143.0,0.35,261.2,5.0
2025-03-03 07:31:16,258.25,81.0,264.69,52.0,257.56,25.0,267.0,13.0,261.47,6.439999999999998,106.0,65.0,0.2686447468404485,171,41.0,-46.0,0.24,261.2,
2025-03-03 07:31:17,263.0,16.0,264.0,32.0,258.0,56.0,267.0,8.0,263.5,1.0,72.0,40.0,0.8628151598138217,112,32.0,-59.0,0.29,261.2,
2025-03-03 07:31:18,258.3,67.0,263.37,35.0,256.94,34.0,264.3,20.0,260.83,5.069999999999993,101.0,55.0,0.987587970767497,156,46.0,44.0,0.29,263.0,2.0
2025-03-03 07:31:19,258.0,98.0,261.36,14.0,256.0,70.0,263.0,59.0,259.68,3.3600000000000136,168.0,73.0,1.4021305217436442,241,95.0,85.0,0.39,263.0,
2025-03-03 07:31:20,258.0,126.0,260.86,21.0,256.58,108.0,263.04,79.0,259.43,2.8600000000000136,234.0,100.0,1.6359614909910152,334,134.0,93.0,0.4,259.0,1.0
2025-03-03 07:31:21,258.33,84.0,261.67,72.0,257.07,120.0,267.69,26.0,260.0,3.340000000000032,204.0,98.0,1.658273198241416,302,106.0,-32.0,0.35,258.0,3.0
2025-03-03 07:31:22,260.0,91.0,261.0,52.0,258.0,52.0,269.0,26.0,260.5,1.0,143.0,78.0,0.5760815914489787,221,65.0,-81.0,0.29,258.0,
2025-03-03 07:31:23,260.0,50.0,261.0,44.0,258.0,44.0,265.82,22.0,260.5,1.0,94.0,66.0,0.4808534080220841,160,28.0,-61.0,0.17,260.0,3.0
2025-03-03 07:31:24,258.7,23.0,261.0,52.0,257.48,67.0,264.38,26.0,259.85,2.300000000000012,90.0,78.0,0.4559934210122099,168,12.0,8.0,0.07,259.6,5.0
2025-03-03 07:31:25,258.0,30.0,261.0,40.0,257.0,70.0,269.0,20.0,259.5,3.0,100.0,60.0,0.4324349662162037,160,40.0,-8.0,0.25,259.6,
2025-03-03 07:31:26,258.33,27.0,265.81,32.0,257.27,67.0,269.67,18.0,262.07,7.480000000000018,94.0,50.0,0.985662213948574,144,44.0,-16.0,0.31,260.0,4.0
2025-03-03 07:31:27,261.25,24.0,268.0,20.0,259.54,65.0,270.25,12.0,264.62,6.75,89.0,32.0,2.0974675206079403,121,57.0,-23.0,0.47,260.0,
2025-03-03 07:31:28,263.0,22.0,268.0,22.0,260.0,110.0,270.0,11.0,265.5,5.0,132.0,33.0,2.7164995858649106,165,99.0,44.0,0.6,260.0,
2025-03-03 07:31:29,263.0,20.0,268.0,20.0,260.0,100.0,270.0,10.0,265.5,5.0,120.0,30.0,2.611516800635827,150,90.0,-15.0,0.6,260.0,
2025-03-03 07:31:30,263.0,20.0,268.07,28.0,260.0,100.0,270.5,12.0,265.54,5.069999999999993,120.0,40.0,1.4911673279689488,160,80.0,10.0,0.5,260.0,
2025-03-03 07:31:31,260.0,100.0,268.0,50.0,258.0,30.0,270.97,31.0,264.0,8.0,130.0,81.0,0.6947805408916552,211,49.0,51.0,0.23,263.0,2.0
2025-03-03 07:31:32,260.0,60.0,268.0,30.0,258.0,18.0,271.0,33.0,264.0,8.0,78.0,63.0,0.8290476464002497,141,15.0,-70.0,0.11,263.0,
2025-03-03 07:31:33,260.0,80.0,268.0,40.0,257.12,48.0,270.38,32.0,264.0,8.0,128.0,72.0,0.8326583933414834,200,56.0,59.0,0.28,263.0,
2025-03-03 07:31:34,260.0,150.0,267.22,36.0,257.0,105.0,268.21,95.0,263.61,7.220000000000027,255.0,131.0,0.7515317691237471,386,124.0,173.5,0.32,263.0,
2025-03-03 07:31:35,260.0,120.0,266.0,39.0,257.46,39.0,268.5,60.0,263.0,6.0,159.0,99.0,0.4375157140064511,258,60.0,-128.0,0.23,263.0,
2025-03-03 07:31:36,260.0,110.0,265.82,66.0,258.0,22.0,268.77,62.0,262.91,5.819999999999993,132.0,128.0,0.52681116161553,260,4.0,2.0,0.02,263.0,
2025-03-03 07:31:37,260.0,130.0,262.46,52.0,258.0,26.0,264.0,26.0,261.23,2.4599999999999795,156.0,78.0,1.0607308801025157,234,78.0,-26.0,0.33,263.0,
2025-03-03 07:31:38,260.0,76.0,261.89,38.0,258.0,24.0,265.28,39.0,260.95,1.8899999999999864,100.0,77.0,1.1766052864080956,177,23.0,-57.0,0.13,260.0,8.0
2025-03-03 07:31:39,259.0,20.0,264.0,20.0,257.67,15.0,266.9,50.0,261.5,5.0,35.0,70.0,0.9669384675374828,105,-35.0,-72.0,-0.33,260.0,2.0
2025-03-03 07:31:40,258.0,24.0,265.67,36.0,257.0,12.0,268.14,56.0,261.83,7.670000000000016,36.0,92.0,0.758801686874684,128,-56.0,23.0,-0.44,260.0,
2025-03-03 07:31:41,256.11,105.0,265.88,50.0,255.29,21.0,267.55,58.0,261.0,9.769999999999982,126.0,108.0,0.3668378388389453,234,18.0,106.0,0.08,257.67,3.0
2025-03-03 07:31:42,256.14,117.0,263.31,64.0,255.3,40.0,265.5,80.0,259.72,7.170000000000016,157.0,144.0,0.803087790969418,301,13.0,67.0,0.04,256.0,5.0
2025-03-03 07:31:43,258.56,54.0,262.25,64.0,256.47,86.0,264.0,80.0,260.4,3.6899999999999977,140.0,144.0,0.8480566018870384,284,-4.0,-17.0,-0.01,256.0,
2025-03-03 07:31:44,261.0,22.0,262.0,44.0,258.0,44.0,264.64,55.0,261.5,1.0,66.0,99.0,0.8480566018870384,165,-33.0,-119.0,-0.2,256.0,
2025-03-03 07:31:45,259.0,33.0,261.47,60.0,256.63,70.0,265.0,75.0,260.23,2.4700000000000277,103.0,135.0,0.6922427319981937,238,-32.0,73.0,-0.13,259.5,4.0
2025-03-03 07:31:46,259.72,54.0,261.0,72.0,258.0,36.0,266.89,90.0,260.36,1.2799999999999727,90.0,162.0,0.6507841424038966,252,-72.0,14.0,-0.29,259.5,
2025-03-03 07:31:47,260.0,24.0,261.0,32.0,258.0,16.0,267.0,40.0,260.5,1.0,40.0,72.0,0.5134393829891859,112,-32.0,-140.0,-0.29,259.5,
2025-03-03 07:31:48,259.2,45.0,262.3,46.0,257.82,22.0,267.55,55.0,260.75,3.1000000000000227,67.0,101.0,0.5034580419501486,168,-34.0,56.0,-0.2,260.0,3.0
2025-03-03 07:31:49,258.0,192.0,266.71,28.0,256.5,36.0,268.0,60.0,262.36,8.70999999999998,228.0,88.0,0.8712921438898715,316,140.0,148.0,0.44,260.0,
2025-03-03 07:31:50,263.0,44.0,265.27,11.0,258.0,176.0,267.0,55.0,264.14,2.269999999999982,220.0,66.0,1.6199444434929946,286,154.0,-30.0,0.54,260.0,
2025-03-03 07:31:51,259.36,88.0,264.0,10.0,257.33,144.0,267.0,50.0,261.68,4.639999999999986,232.0,60.0,1.46279868744941,292,172.0,6.0,0.59,263.0,4.0
2025-03-03 07:31:52,258.0,176.0,263.0,11.0,256.0,132.0,267.55,55.0,260.5,5.0,308.0,66.0,1.46279868744941,374,242.0,82.0,0.65,263.0,
2025-03-03 07:31:53,258.0,223.0,261.07,14.0,256.0,168.0,266.35,34.0,259.54,3.069999999999993,391.0,48.0,1.7663182046289956,439,343.0,65.0,0.78,258.0,1.0
2025-03-03 07:31:55,258.0,151.0,264.22,23.0,256.0,132.0,267.41,59.0,261.11,6.220000000000027,283.0,82.0,1.1386044089166096,365,201.0,-12.0,0.55,258.0,2.0
2025-03-03 07:31:56,258.0,100.0,266.91,44.0,256.0,120.0,267.83,58.0,262.45,8.910000000000025,220.0,102.0,1.3892911861824615,322,118.0,-43.0,0.37,258.0,3.0
2025-03-03 07:31:57,258.0,110.0,266.0,22.0,256.0,132.0,267.0,55.0,262.0,8.0,242.0,77.0,1.5437389675732611,319,165.0,-3.0,0.52,258.0,
2025-03-03 07:31:58,258.0,50.0,266.0,10.0,256.0,60.0,267.0,25.0,262.0,8.0,110.0,35.0,1.4312826415505746,145,75.0,-174.0,0.52,258.0,
2025-03-03 07:31:59,258.0,50.0,266.0,10.0,256.0,60.0,267.0,25.0,262.0,8.0,110.0,35.0,0.4888455788935688,145,75.0,0.0,0.52,258.0,
2025-03-03 07:32:00,258.0,118.0,266.0,34.0,256.0,134.0,267.0,85.0,262.0,8.0,252.0,119.0,0.201246117984246,371,133.0,173.5,0.36,258.0,4.0
2025-03-03 07:32:01,258.0,36.0,266.0,12.0,256.0,48.0,267.0,30.0,262.0,8.0,84.0,42.0,0.0,126,42.0,-174.5,0.33,258.0,
2025-03-03 07:32:02,258.0,42.0,266.0,14.0,256.0,56.0,267.0,35.0,262.0,8.0,98.0,49.0,0.0,147,49.0,21.0,0.33,258.0,
2025-03-03 07:32:03,258.0,90.0,265.0,30.0,256.0,120.0,266.05,58.0,261.5,7.0,210.0,88.0,0.2236067977584444,298,122.0,151.0,0.41,258.0,
2025-03-03 07:32:04,258.0,84.0,262.07,28.0,256.0,112.0,263.07,28.0,260.04,4.069999999999993,196.0,56.0,0.84871667828779,252,140.0,-46.0,0.56,258.0,
2025-03-03 07:32:10,257.0,13.0,266.0,27.0,256.0,91.0,269.6,15.0,261.5,9.0,104.0,42.0,1.9302927239164072,146,62.0,8.0,0.42,258.0,3.0
2025-03-03 07:32:11,262.69,59.0,265.47,34.0,256.4,35.0,270.0,31.0,264.08,2.7800000000000296,94.0,65.0,3.249850765805109,159,29.0,13.0,0.18,258.0,
2025-03-03 07:32:12,263.0,34.0,265.0,18.0,257.0,9.0,268.0,9.0,264.0,2.0,43.0,27.0,3.5204289511369957,70,16.0,-89.0,0.23,263.0,1.0
2025-03-03 07:32:13,263.0,21.0,264.35,23.0,257.0,7.0,266.2,10.0,263.67,1.3500000000000227,28.0,33.0,2.922735020490727,61,-5.0,-9.0,-0.08,263.0,
2025-03-03 07:32:14,256.04,72.0,264.07,30.0,255.53,51.0,265.1,29.0,260.05,8.029999999999973,123.0,59.0,1.8020682561997392,182,64.0,121.0,0.35,258.75,8.0
2025-03-03 07:32:15,258.77,65.0,263.23,26.0,255.85,53.0,265.0,50.0,261.0,4.460000000000036,118.0,76.0,1.894056493350406,194,42.0,12.0,0.22,258.75,
2025-03-03 07:32:16,260.0,55.0,262.73,22.0,258.0,11.0,265.0,46.0,261.36,2.730000000000018,66.0,68.0,1.7320306001924917,134,-2.0,-60.0,-0.01,258.75,
2025-03-03 07:32:17,260.0,75.0,261.67,30.0,258.0,15.0,266.0,60.0,260.83,1.670000000000016,90.0,90.0,1.3656756569564994,180,0.0,46.0,0.0,258.75,
2025-03-03 07:32:18,260.0,45.0,265.38,32.0,258.0,11.0,268.51,49.0,262.69,5.379999999999996,56.0,81.0,0.9674864340153144,137,-25.0,-43.0,-0.18,260.0,2.0
2025-03-03 07:32:19,260.0,42.0,268.0,56.0,258.0,14.0,269.39,82.0,264.0,8.0,56.0,138.0,1.346450890305049,194,-82.0,57.0,-0.42,260.0,
2025-03-03 07:32:20,258.82,34.0,268.0,80.0,257.0,12.0,270.0,80.0,263.41,9.180000000000009,46.0,160.0,1.3410704679482812,206,-114.0,12.0,-0.55,258.8,5.0
2025-03-03 07:32:21,256.0,49.0,268.0,80.0,255.0,20.0,270.0,71.0,262.0,12.0,69.0,151.0,1.2365395262598624,220,-82.0,14.0,-0.37,256.0,1.0
2025-03-03 07:32:22,256.0,36.0,268.0,52.0,255.0,18.0,270.0,81.0,262.0,12.0,54.0,133.0,0.8806531666909753,187,-79.0,-33.0,-0.42,256.0,
2025-03-03 07:32:23,255.46,26.0,268.0,80.0,249.2,35.0,270.0,90.0,261.73,12.539999999999992,61.0,170.0,1.0110736867325285,231,-109.0,44.0,-0.47,256.0,4.0
2025-03-03 07:32:24,255.0,16.0,268.0,64.0,248.0,80.0,270.0,72.0,261.5,13.0,96.0,136.0,0.7465051908748543,232,-40.0,1.0,-0.17,256.0,
2025-03-03 07:32:25,255.0,18.0,268.0,72.0,248.0,90.0,270.0,81.0,261.5,13.0,108.0,153.0,0.2501599488391897,261,-45.0,29.0,-0.17,256.0,
2025-03-03 07:32:26,252.75,55.0,268.0,96.0,249.21,58.0,270.0,108.0,260.37,15.25,113.0,204.0,0.6220530524025543,317,-91.0,56.0,-0.29,254.0,4.0
2025-03-03 07:32:27,263.0,8.0,268.0,64.0,260.0,32.0,270.0,72.0,265.5,5.0,40.0,136.0,1.96263853014332,176,-96.0,-141.0,-0.55,254.0,
2025-03-03 07:32:28,260.39,23.0,268.0,64.0,258.0,22.0,270.0,72.0,264.2,7.610000000000014,45.0,136.0,2.142540548041739,181,-91.0,5.0,-0.5,263.0,1.0
2025-03-03 07:32:29,260.0,44.0,265.91,67.0,256.69,13.0,268.53,76.0,262.96,5.910000000000025,57.0,143.0,2.050263397713312,200,-86.0,19.0,-0.43,263.0,
2025-03-03 07:32:30,260.0,36.0,266.63,82.0,257.0,11.0,267.79,75.0,263.32,6.629999999999996,47.0,157.0,1.8938320939309496,204,-110.0,4.0,-0.54,260.0,1.0
2025-03-03 07:32:31,260.0,18.0,267.0,48.0,257.0,6.0,268.0,22.0,263.5,7.0,24.0,70.0,1.003733032236575,94,-46.0,-110.0,-0.49,260.0,
2025-03-03 07:32:32,260.0,24.0,267.0,64.0,257.0,8.0,268.0,40.0,263.5,7.0,32.0,104.0,0.4510875746492164,136,-72.0,42.0,-0.53,260.0,
2025-03-03 07:32:33,260.0,27.0,266.07,54.0,257.0,9.0,267.22,69.0,263.04,6.069999999999993,36.0,123.0,0.2535350074505779,159,-87.0,23.0,-0.55,260.0,
2025-03-03 07:32:34,260.0,27.0,264.56,45.0,257.0,9.0,267.0,99.0,262.28,4.560000000000002,36.0,144.0,0.5100196074691552,180,-108.0,21.0,-0.6,260.0,
2025-03-03 07:32:35,258.92,59.0,262.97,61.0,257.59,27.0,267.83,58.0,260.94,4.050000000000011,86.0,119.0,1.079129278633028,205,-33.0,25.0,-0.16,260.0,3.0
2025-03-03 07:32:36,258.0,72.0,264.47,38.0,257.0,9.0,266.69,26.0,261.24,6.470000000000027,81.0,64.0,1.1080613701429558,145,17.0,-60.0,0.12,260.0,
2025-03-03 07:32:37,258.0,40.0,264.6,20.0,257.0,10.0,265.82,34.0,261.3,6.600000000000023,50.0,54.0,0.8750999942881567,104,-4.0,-41.0,-0.04,258.0,5.0
2025-03-03 07:32:38,258.22,41.0,262.03,29.0,257.43,21.0,263.12,16.0,260.13,3.8099999999999454,62.0,45.0,0.7726706931178303,107,17.0,3.0,0.16,258.6,5.0
2025-03-03 07:32:39,258.0,12.0,260.9,21.0,257.0,12.0,261.93,15.0,259.45,2.8999999999999773,24.0,36.0,0.7996686813945576,60,-12.0,-47.0,-0.2,258.6,
2025-03-03 07:32:58,245.51,43.0,263.0,14.0,242.58,101.0,264.0,84.0,254.26,17.49000000000001,144.0,98.0,0.9121787105636268,242,46.0,-63.0,0.19,257.0,2.0
2025-03-03 07:33:09,258.5,16.0,267.0,40.0,243.31,180.0,340.58,12.0,262.75,8.5,196.0,52.0,1.857807847976252,248,144.0,120.0,0.58,260.0,5.0
2025-03-03 07:33:10,260.0,10.0,315.14,14.0,257.0,5.0,363.2,5.0,287.57,55.13999999999999,15.0,19.0,12.594916831801577,34,-4.0,-174.5,-0.12,260.0,
2025-03-03 07:33:11,259.8,15.0,313.29,31.0,253.88,24.0,319.84,19.0,286.55,53.49000000000001,39.0,50.0,14.870350701983991,89,-11.0,55.0,-0.12,260.0,2.0
2025-03-03 07:33:12,257.0,13.0,306.47,43.0,252.0,195.0,308.41,22.0,281.73,49.47000000000003,208.0,65.0,13.730272393510395,273,143.0,173.5,0.52,260.0,
2025-03-03 07:33:13,257.0,12.0,299.08,39.0,252.0,180.0,300.76,21.0,278.04,42.079999999999984,192.0,60.0,10.029288110329269,252,132.0,-21.0,0.52,260.0,
2025-03-03 07:33:14,252.2,125.0,260.95,42.0,251.61,123.0,271.04,26.0,256.58,8.75,248.0,68.0,12.623134713691082,316,180.0,64.0,0.57,257.0,1.0
2025-03-03 07:33:21,254.05,121.0,262.0,39.0,253.09,81.0,263.0,39.0,258.02,7.949999999999989,202.0,78.0,2.110561536653518,280,124.0,4.0,0.44,254.0,6.0
2025-03-03 07:33:22,257.0,40.0,262.0,30.0,254.0,130.0,263.0,30.0,259.5,5.0,170.0,60.0,2.7718730129644844,230,110.0,-50.0,0.48,254.0,
2025-03-03 07:33:23,257.0,32.0,262.0,24.0,256.0,104.0,263.0,24.0,259.5,5.0,136.0,48.0,2.6792685569013703,184,88.0,-46.0,0.48,254.0,
2025-03-03 07:33:24,257.0,28.0,262.0,24.0,256.0,104.0,263.33,18.0,259.5,5.0,132.0,42.0,1.9381228031267723,174,90.0,-10.0,0.52,257.0,1.0
2025-03-03 07:33:25,257.0,36.0,262.0,36.0,256.0,156.0,265.0,12.0,259.5,5.0,192.0,48.0,0.6618761213396931,240,144.0,66.0,0.6,257.0,
2025-03-03 07:33:26,257.0,42.0,262.0,42.0,256.0,182.0,265.0,14.0,259.5,5.0,224.0,56.0,0.0,280,168.0,40.0,0.6,257.0,
2025-03-03 07:33:27,257.0,39.0,265.24,37.0,256.0,199.0,280.91,22.0,261.12,8.240000000000009,238.0,59.0,0.7244860247095918,297,179.0,17.0,0.6,262.25,4.0
2025-03-03 07:33:28,257.0,45.0,268.55,51.0,256.0,285.0,486.41,22.0,262.77,11.550000000000011,330.0,73.0,1.460725846967655,403,257.0,106.0,0.64,262.25,
2025-03-03 07:33:29,261.3,67.0,264.0,75.0,256.06,141.0,300.68,34.0,262.65,2.6999999999999886,208.0,109.0,1.605574663476991,317,99.0,-86.0,0.31,257.0,2.0
2025-03-03 07:33:30,263.0,54.0,264.0,45.0,257.0,9.0,271.0,36.0,263.5,1.0,63.0,81.0,1.6005842683217597,144,-18.0,-173.0,-0.12,257.0,
2025-03-03 07:33:31,263.0,30.0,264.0,45.0,259.97,105.0,271.0,36.0,263.5,1.0,135.0,81.0,0.9725584815315442,216,54.0,72.0,0.25,263.0,4.0
2025-03-03 07:33:32,261.66,29.0,264.0,50.0,259.97,112.0,271.0,40.0,262.83,2.339999999999975,141.0,90.0,0.4158725766372087,231,51.0,15.0,0.22,261.5,4.0
2025-03-03 07:33:33,261.29,31.0,263.81,43.0,259.97,111.0,268.08,48.0,262.55,2.519999999999982,142.0,91.0,0.46198484823518,233,51.0,2.0,0.22,261.5,
2025-03-03 07:33:34,260.0,95.0,262.22,18.0,257.0,9.0,264.0,33.0,261.11,2.2200000000000277,104.0,51.0,0.9807497132291118,155,53.0,-78.0,0.34,260.0,2.0
2025-03-03 07:33:35,260.0,135.0,261.27,22.0,257.83,36.0,266.0,55.0,260.64,1.2699999999999818,171.0,77.0,1.2045455574610704,248,94.0,93.0,0.38,260.0,
2025-03-03 07:33:36,260.0,78.0,261.0,12.0,258.0,36.0,265.33,30.0,260.5,1.0,114.0,42.0,1.090839126544075,156,72.0,-92.0,0.46,260.0,
2025-03-03 07:33:37,260.0,87.0,264.23,31.0,258.0,48.0,269.0,35.0,262.11,4.230000000000018,135.0,66.0,0.9078380912913508,201,69.0,45.0,0.34,260.0,3.0
2025-03-03 07:33:38,260.0,70.0,265.0,35.0,258.0,42.0,272.0,28.0,262.5,5.0,112.0,63.0,0.8918912489757462,175,49.0,-26.0,0.28,260.0,
2025-03-03 07:33:39,260.0,118.0,265.0,60.0,258.0,72.0,272.0,48.0,262.5,5.0,190.0,108.0,0.9998999949991928,298,82.0,123.0,0.28,260.0,1.0
2025-03-03 07:33:40,260.0,49.0,265.0,30.0,258.0,36.0,272.0,24.0,262.5,5.0,85.0,54.0,0.8674214661853743,139,31.0,-159.0,0.22,260.0,1.0
2025-03-03 07:33:41,260.0,110.0,264.28,54.0,258.0,96.0,266.22,77.0,262.14,4.279999999999973,206.0,131.0,0.2056696380096236,337,75.0,173.5,0.22,260.0,3.0
2025-03-03 07:33:42,260.0,45.0,264.0,27.0,258.0,54.0,266.0,45.0,262.0,4.0,99.0,72.0,0.2406657433018318,171,27.0,-166.0,0.16,260.0,
2025-03-03 07:33:43,260.0,30.0,264.0,18.0,257.88,16.0,266.0,30.0,262.0,4.0,46.0,48.0,0.2547940344652364,94,-2.0,-77.0,-0.02,260.0,
2025-03-03 07:33:44,260.0,55.0,262.45,33.0,258.0,11.0,267.09,55.0,261.23,2.4499999999999886,66.0,88.0,0.4634436319544876,154,-22.0,60.0,-0.14,260.0,
2025-03-03 07:33:45,260.0,35.0,262.0,21.0,258.0,7.0,270.0,35.0,261.0,2.0,42.0,56.0,0.5198846025795381,98,-14.0,-56.0,-0.14,260.0,
2025-03-03 07:33:46,260.0,45.0,262.0,27.0,258.0,9.0,269.33,45.0,261.0,2.0,54.0,72.0,0.5143734052217017,126,-18.0,28.0,-0.14,260.0,
2025-03-03 07:33:52,255.0,68.0,266.68,22.0,250.0,108.0,267.98,51.0,260.84,11.680000000000009,176.0,73.0,1.504350358128118,249,103.0,108.0,0.41,255.0,2.0
2025-03-03 07:33:53,255.0,60.0,264.21,39.0,250.53,38.0,266.35,51.0,259.6,9.20999999999998,98.0,90.0,1.618048206945682,188,8.0,-61.0,0.04,255.0,
2025-03-03 07:33:54,255.0,40.0,261.88,8.0,250.07,91.0,264.12,40.0,258.44,6.879999999999996,131.0,48.0,1.5658607856383957,179,83.0,-9.0,0.46,255.0,
2025-03-03 07:33:55,255.81,54.0,261.0,13.0,253.28,99.0,265.0,65.0,258.41,5.189999999999998,153.0,78.0,1.4091557756330693,231,75.0,52.0,0.32,255.0,
2025-03-03 07:33:57,257.22,101.0,262.5,24.0,256.41,74.0,265.63,38.0,259.86,5.279999999999973,175.0,62.0,0.7253412989759278,237,113.0,56.0,0.48,258.5,2.0
2025-03-03 07:33:58,260.0,108.0,265.83,36.0,257.0,90.0,268.5,60.0,262.92,5.829999999999984,198.0,96.0,1.955218657848786,294,102.0,57.0,0.35,258.5,
2025-03-03 07:33:59,260.69,26.0,265.0,32.0,259.65,68.0,272.0,40.0,262.85,4.310000000000002,94.0,72.0,2.2674809811771177,166,22.0,-128.0,0.13,258.5,
2025-03-03 07:34:00,260.53,51.0,265.0,50.0,259.29,118.0,272.0,80.0,262.76,4.470000000000027,169.0,130.0,2.0991236266594355,299,39.0,133.0,0.13,260.6,5.0
2025-03-03 07:34:01,260.0,120.0,263.54,96.0,257.43,35.0,270.52,88.0,261.77,3.5400000000000205,155.0,184.0,1.301333931010683,339,-29.0,40.0,-0.09,260.6,
2025-03-03 07:34:02,260.0,66.0,262.32,47.0,258.0,11.0,267.43,40.0,261.16,2.319999999999993,77.0,87.0,0.7871912093003135,164,-10.0,-174.5,-0.06,260.0,1.0
2025-03-03 07:34:03,260.0,54.0,261.0,65.0,258.0,13.0,266.82,57.0,260.5,1.0,67.0,122.0,1.0154161708382103,189,-55.0,25.0,-0.29,260.0,1.0
2025-03-03 07:34:09,256.46,13.0,265.71,42.0,255.1,10.0,267.27,74.0,261.09,9.25,23.0,116.0,1.3807787657694508,139,-93.0,-17.0,-0.67,257.33,3.0
2025-03-03 07:34:10,259.27,44.0,264.75,48.0,255.43,14.0,267.02,116.0,262.01,5.480000000000018,58.0,164.0,1.9714334886066405,222,-106.0,83.0,-0.48,257.33,
2025-03-03 07:34:11,260.0,72.0,263.08,36.0,256.0,12.0,265.28,50.0,261.54,3.079999999999984,84.0,86.0,1.969637022397709,170,-2.0,-52.0,-0.01,257.33,
2025-03-03 07:34:12,260.0,54.0,261.89,27.0,256.0,9.0,263.24,29.0,260.94,1.8899999999999864,63.0,56.0,1.5748110997829656,119,7.0,-51.0,0.06,257.33,
2025-03-03 07:34:13,258.59,91.0,262.6,52.0,257.42,45.0,265.8,83.0,260.59,4.010000000000048,136.0,135.0,0.5517517557738782,271,1.0,152.0,0.0,260.0,6.0
2025-03-03 07:34:14,258.15,47.0,261.25,12.0,257.84,61.0,263.0,60.0,259.7,3.1000000000000227,108.0,72.0,0.8893424537261305,180,36.0,-91.0,0.2,260.0,
2025-03-03 07:34:15,259.17,23.0,261.9,20.0,257.98,121.0,264.47,60.0,260.54,2.7299999999999613,144.0,80.0,0.6696416952368474,224,64.0,44.0,0.29,261.0,1.0
2025-03-03 07:34:16,260.0,13.0,264.0,39.0,258.0,104.0,267.0,65.0,262.0,4.0,117.0,104.0,0.8322739933457335,221,13.0,-3.0,0.06,261.0,
2025-03-03 07:34:17,260.0,11.0,264.0,33.0,258.0,88.0,269.95,95.0,262.0,4.0,99.0,128.0,1.0079583324719417,227,-29.0,6.0,-0.13,261.0,
2025-03-03 07:34:18,258.0,24.0,264.0,18.0,257.0,12.0,270.0,54.0,261.0,6.0,36.0,72.0,0.9861642865159944,108,-36.0,-119.0,-0.33,258.4,5.0
2025-03-03 07:34:19,258.0,20.0,264.0,15.0,257.0,10.0,270.0,45.0,261.0,6.0,30.0,60.0,0.6590295896236755,90,-30.0,-18.0,-0.33,258.4,
2025-03-03 07:34:20,258.0,32.0,263.42,26.0,257.0,16.0,269.68,56.0,260.71,5.420000000000016,48.0,82.0,0.6122254486703049,130,-34.0,40.0,-0.26,258.4,
2025-03-03 07:34:21,258.0,52.0,263.3,43.0,257.0,26.0,269.28,50.0,260.65,5.300000000000011,78.0,93.0,0.5432954997049307,171,-15.0,41.0,-0.09,258.4,
2025-03-03 07:34:22,257.9,40.0,264.0,33.0,256.9,20.0,270.0,44.0,260.95,6.100000000000023,60.0,77.0,0.1687305544342527,137,-17.0,-34.0,-0.12,258.4,
2025-03-03 07:34:23,257.73,22.0,263.55,33.0,256.84,19.0,270.0,44.0,260.64,5.819999999999993,41.0,77.0,0.1719011343758818,118,-36.0,-19.0,-0.31,258.4,
2025-03-03 07:34:24,258.0,20.0,263.0,30.0,257.0,20.0,269.27,52.0,260.5,5.0,40.0,82.0,0.1644688420332312,122,-42.0,4.0,-0.34,258.4,
2025-03-03 07:34:25,255.0,60.0,263.0,18.0,250.0,6.0,269.0,30.0,259.0,8.0,66.0,48.0,0.7712133297602611,114,18.0,-8.0,0.16,257.2,5.0
2025-03-03 07:34:26,255.59,96.0,263.0,39.0,254.45,55.0,269.0,65.0,259.3,7.409999999999997,151.0,104.0,0.8691490090888015,255,47.0,141.0,0.18,255.0,3.0
2025-03-03 07:34:27,257.0,33.0,263.0,33.0,255.0,77.0,269.0,55.0,260.0,6.0,110.0,88.0,0.7223018759494848,198,22.0,-57.0,0.11,255.0,
2025-03-03 07:34:28,258.0,30.0,263.0,22.0,255.0,70.0,269.0,50.0,260.5,5.0,100.0,72.0,0.6877499545620909,172,28.0,-26.0,0.16,263.0,1.0
2025-03-03 07:34:29,258.93,45.0,263.0,30.0,255.0,105.0,269.0,75.0,260.97,4.069999999999993,150.0,105.0,0.8170556896565384,255,45.0,83.0,0.18,263.0,
2025-03-03 07:34:30,259.45,33.0,263.0,22.0,255.0,77.0,269.0,55.0,261.23,3.550000000000012,110.0,77.0,0.7735955015380339,187,33.0,-68.0,0.18,263.0,
2025-03-03 07:34:31,257.45,132.0,267.29,63.0,255.28,130.0,270.29,126.0,262.37,9.840000000000032,262.0,189.0,0.8915884700912183,451,73.0,173.5,0.16,261.0,3.0
2025-03-03 07:34:32,257.0,126.0,264.36,70.0,255.0,98.0,269.24,74.0,260.68,7.360000000000014,224.0,144.0,0.7366478127297558,368,80.0,-83.0,0.22,261.0,
2025-03-03 07:34:33,257.0,99.0,264.0,55.0,255.0,77.0,267.09,55.0,260.5,7.0,176.0,110.0,0.7366478127297558,286,66.0,-82.0,0.23,261.0,
2025-03-03 07:34:34,257.0,81.0,263.17,18.0,255.0,63.0,264.0,45.0,260.08,6.170000000000016,144.0,63.0,0.883838220490383,207,81.0,-79.0,0.39,261.0,
2025-03-03 07:34:35,257.79,42.0,262.0,9.0,256.82,79.0,263.0,45.0,259.89,4.20999999999998,121.0,54.0,0.9835801950017704,175,67.0,-32.0,0.38,258.0,1.0
2025-03-03 07:34:36,259.85,34.0,262.53,19.0,257.18,79.0,264.23,83.0,261.19,2.67999999999995,113.0,102.0,0.512806006204905,215,11.0,40.0,0.05,258.75,4.0
2025-03-03 07:34:37,261.0,20.0,264.0,55.0,259.0,11.0,267.0,66.0,262.5,3.0,31.0,121.0,1.0575301414142442,152,-90.0,-63.0,-0.59,261.0,1.0
2025-03-03 07:34:38,261.0,6.0,264.0,30.0,259.0,6.0,267.0,30.0,262.5,3.0,12.0,60.0,1.2595118101865443,72,-48.0,-80.0,-0.67,261.0,
2025-03-03 07:34:39,260.71,14.0,262.71,70.0,257.71,34.0,266.53,95.0,261.71,2.0,48.0,165.0,1.0857577998794958,213,-117.0,141.0,-0.55,261.0,1.0
2025-03-03 07:34:40,258.23,47.0,260.64,22.0,257.3,158.0,262.54,65.0,259.44,2.409999999999968,205.0,87.0,1.262802439021731,292,118.0,79.0,0.4,259.0,1.0
2025-03-03 07:34:42,258.0,78.0,270.0,65.0,257.0,143.0,271.0,26.0,264.0,12.0,221.0,91.0,2.0275181873411894,312,130.0,-122.0,0.42,259.0,
2025-03-03 07:34:43,262.0,18.0,270.0,35.0,257.8,56.0,271.0,14.0,266.0,8.0,74.0,49.0,2.917846808864167,123,25.0,-174.5,0.2,259.0,
2025-03-03 07:34:44,264.0,20.0,270.0,50.0,258.3,80.0,271.0,20.0,267.0,6.0,100.0,70.0,3.622350065909983,170,30.0,47.0,0.18,259.0,
2025-03-03 07:34:45,264.0,16.0,270.0,40.0,258.0,60.0,271.0,16.0,267.0,6.0,76.0,56.0,3.249396867111959,132,20.0,-38.0,0.15,259.0,
2025-03-03 07:34:46,258.62,39.0,270.0,35.0,257.1,61.0,271.0,14.0,264.31,11.379999999999995,100.0,49.0,1.4391733738491177,149,51.0,17.0,0.34,264.0,2.0
2025-03-03 07:34:47,258.0,88.0,270.0,55.0,257.0,121.0,271.0,22.0,264.0,12.0,209.0,77.0,1.4391733738491177,286,132.0,137.0,0.46,264.0,
2025-03-03 07:34:48,258.29,31.0,270.0,65.0,257.61,44.0,271.0,26.0,264.15,11.70999999999998,75.0,91.0,1.5630323093258525,166,-16.0,-120.0,-0.1,264.0,
2025-03-03 07:34:49,259.0,11.0,269.27,37.0,258.0,33.0,270.08,49.0,264.14,10.269999999999982,44.0,86.0,1.279277139636637,130,-42.0,-36.0,-0.32,264.0,
2025-03-03 07:34:50,258.5,24.0,268.15,60.0,257.38,72.0,270.0,70.0,263.32,9.649999999999975,96.0,130.0,0.3870788033428966,226,-34.0,96.0,-0.15,260.0,1.0
2025-03-03 07:34:51,258.0,48.0,267.45,89.0,257.0,144.0,269.43,56.0,262.72,9.449999999999989,192.0,145.0,0.6295077441918919,337,47.0,111.0,0.14,260.0,
2025-03-03 07:34:52,258.0,45.0,266.0,45.0,257.0,135.0,268.05,60.0,262.0,8.0,180.0,105.0,0.928590329476794,285,75.0,-52.0,0.26,260.0,
2025-03-03 07:34:53,260.0,27.0,266.0,36.0,257.5,54.0,269.55,44.0,263.0,6.0,81.0,80.0,0.7864349941336358,161,1.0,-124.0,0.01,260.0,
2025-03-03 07:34:54,261.0,24.0,265.5,36.0,258.0,36.0,268.5,60.0,263.25,4.5,60.0,96.0,0.534434280335833,156,-36.0,-5.0,-0.23,260.0,
2025-03-03 07:34:55,259.3,97.0,262.29,79.0,256.77,113.0,267.34,65.0,260.8,2.990000000000009,210.0,144.0,0.9867015759581792,354,66.0,173.5,0.19,258.88,8.0
2025-03-03 07:35:03,254.0,7.0,266.97,31.0,252.0,7.0,268.57,23.0,260.48,12.970000000000027,14.0,54.0,1.6436088342426445,68,-40.0,-79.0,-0.59,258.88,
2025-03-03 07:35:04,252.77,31.0,265.78,23.0,249.63,35.0,267.62,55.0,259.28,13.009999999999962,66.0,78.0,1.7335310784639282,144,-12.0,76.0,-0.08,258.88,
2025-03-03 07:35:05,252.0,15.0,264.2,15.0,247.03,67.0,266.0,24.0,258.1,12.199999999999989,82.0,39.0,1.4806518834622149,121,43.0,-23.0,0.36,258.88,
2025-03-03 07:35:06,257.3,43.0,264.0,13.0,252.42,26.0,265.0,13.0,260.65,6.699999999999989,69.0,26.0,1.267292389308782,95,43.0,-26.0,0.45,258.88,
2025-03-03 07:35:07,258.37,49.0,264.0,20.0,257.21,57.0,265.0,20.0,261.18,5.629999999999996,106.0,40.0,1.2404112221355592,146,66.0,51.0,0.45,259.0,1.0
2025-03-03 07:35:08,260.0,12.0,263.08,12.0,258.0,48.0,265.0,12.0,261.54,3.079999999999984,60.0,24.0,1.4319916200871403,84,36.0,-62.0,0.43,259.0,
2025-03-03 07:35:09,260.0,13.0,262.38,13.0,258.0,52.0,265.0,13.0,261.19,2.3799999999999955,65.0,26.0,1.3961984099689015,91,39.0,7.0,0.43,259.0,
2025-03-03 07:35:10,259.06,17.0,262.36,11.0,257.82,44.0,266.09,11.0,260.71,3.300000000000012,61.0,22.0,0.3715238888680085,83,39.0,-8.0,0.47,260.0,1.0
2025-03-03 07:35:11,258.0,40.0,266.0,10.0,257.0,40.0,267.0,10.0,262.0,8.0,80.0,20.0,0.4794058823163877,100,60.0,17.0,0.6,260.0,
2025-03-03 07:35:12,258.0,40.0,266.0,10.0,257.0,40.0,267.0,10.0,262.0,8.0,80.0,20.0,0.5525124432983669,100,60.0,0.0,0.6,260.0,
2025-03-03 07:35:13,258.0,46.0,265.07,29.0,257.0,60.0,266.6,15.0,261.53,7.069999999999993,106.0,44.0,0.5522952109148968,150,62.0,50.0,0.41,258.0,2.0
2025-03-03 07:35:14,257.87,23.0,262.21,19.0,256.82,49.0,264.09,33.0,260.04,4.339999999999975,72.0,52.0,0.8600755780741225,124,20.0,-26.0,0.16,257.4,5.0
2025-03-03 07:35:19,247.74,35.0,261.6,40.0,226.74,23.0,262.38,29.0,254.67,13.860000000000014,58.0,69.0,1.3544445355938215,127,-11.0,45.0,-0.09,255.73,11.0
2025-03-03 07:35:34,259.0,63.0,262.22,27.0,257.0,108.0,263.83,36.0,260.61,3.2200000000000277,171.0,63.0,0.644647190329256,234,108.0,114.0,0.46,259.5,2.0
2025-03-03 07:35:35,259.0,25.0,264.22,18.0,257.0,45.0,267.67,12.0,261.61,5.220000000000027,70.0,30.0,1.002711324359754,100,40.0,-134.0,0.4,259.5,
2025-03-03 07:35:36,259.0,60.0,265.29,42.0,253.56,32.0,269.5,36.0,262.14,6.2900000000000205,92.0,78.0,1.1456308305903566,170,14.0,70.0,0.08,259.5,
2025-03-03 07:35:37,259.0,35.0,265.12,32.0,257.0,21.0,268.25,16.0,262.06,6.1200000000000045,56.0,48.0,1.029091832636435,104,8.0,-66.0,0.08,259.5,
2025-03-03 07:35:38,257.71,56.0,270.85,26.0,256.25,32.0,426.59,37.0,264.28,13.140000000000043,88.0,63.0,1.3423673118780692,151,25.0,47.0,0.17,259.0,5.0
2025-03-03 07:35:39,257.0,27.0,272.0,12.0,254.0,6.0,488.33,15.0,264.5,15.0,33.0,27.0,1.3610731060448376,60,6.0,-91.0,0.1,259.0,
2025-03-03 07:35:40,257.0,54.0,269.6,30.0,246.0,138.0,318.15,39.0,263.3,12.600000000000025,192.0,69.0,1.148250843674178,261,123.0,173.5,0.47,257.0,4.0
2025-03-03 07:35:41,249.5,112.0,268.0,33.0,246.4,94.0,270.91,44.0,258.75,18.5,206.0,77.0,2.3470236470897743,283,129.0,22.0,0.46,256.0,5.0
2025-03-03 07:35:42,258.54,52.0,262.7,37.0,254.06,68.0,268.73,33.0,260.62,4.159999999999968,120.0,70.0,2.509222987300777,190,50.0,-93.0,0.26,256.0,
2025-03-03 07:35:43,259.0,63.0,261.0,36.0,257.0,54.0,268.0,27.0,260.0,2.0,117.0,63.0,2.387735328716075,180,54.0,-10.0,0.3,256.0,
2025-03-03 07:35:44,259.76,59.0,261.0,38.0,258.68,75.0,268.0,33.0,260.38,1.240000000000009,134.0,71.0,1.667393174988749,205,63.0,25.0,0.31,261.0,2.0
2025-03-03 07:35:45,260.0,45.0,261.0,18.0,259.0,63.0,268.0,27.0,260.5,1.0,108.0,45.0,0.763020314276906,153,63.0,-52.0,0.41,261.0,
2025-03-03 07:35:46,260.0,21.0,261.0,12.0,259.0,42.0,268.0,18.0,260.5,1.0,63.0,30.0,0.2391652148601741,93,33.0,-60.0,0.35,260.0,3.0
2025-03-03 07:35:47,260.0,10.0,261.0,10.0,259.0,35.0,268.0,15.0,260.5,1.0,45.0,25.0,0.2165178976415619,70,20.0,-23.0,0.29,260.0,
2025-03-03 07:35:48,260.0,16.0,261.0,16.0,259.0,56.0,262.75,24.0,260.5,1.0,72.0,40.0,0.0536656314514568,112,32.0,42.0,0.29,260.0,
2025-03-03 07:35:49,260.0,18.0,261.92,26.0,259.0,63.0,267.33,27.0,260.96,1.920000000000016,81.0,53.0,0.2057182539276226,134,28.0,22.0,0.21,261.0,2.0
2025-03-03 07:35:50,260.5,16.0,262.0,30.0,259.3,40.0,268.0,30.0,261.25,1.5,56.0,60.0,0.3468717342173867,116,-4.0,-18.0,-0.03,261.0,1.0
2025-03-03 07:35:51,261.0,7.0,267.14,21.0,260.0,14.0,269.71,21.0,264.07,6.139999999999986,21.0,42.0,1.495770704352349,63,-21.0,-53.0,-0.33,261.0,
2025-03-03 07:35:52,261.0,9.0,268.0,27.0,260.0,18.0,270.0,27.0,264.5,7.0,27.0,54.0,1.877586216395522,81,-27.0,18.0,-0.33,261.0,
2025-03-03 07:35:53,261.17,36.0,268.0,36.0,258.79,57.0,270.0,36.0,264.58,6.829999999999984,93.0,72.0,1.8089693198056656,165,21.0,84.0,0.13,260.33,3.0
2025-03-03 07:35:54,261.35,46.0,268.0,39.0,258.66,95.0,270.0,39.0,264.67,6.649999999999977,141.0,78.0,1.4516990046142282,219,63.0,54.0,0.29,265.0,2.0
2025-03-03 07:35:55,259.0,70.0,268.0,30.0,258.0,80.0,270.0,30.0,263.5,9.0,150.0,60.0,0.4852112941779001,210,90.0,-9.0,0.43,265.0,
2025-03-03 07:35:56,259.0,70.0,268.0,30.0,258.0,80.0,270.0,30.0,263.5,9.0,150.0,60.0,0.5964059020481219,210,90.0,0.0,0.43,265.0,
2025-03-03 07:35:57,259.0,70.0,267.69,26.0,258.0,80.0,269.2,30.0,263.35,8.689999999999998,150.0,56.0,0.6472634703101243,206,94.0,-4.0,0.46,265.0,
2025-03-03 07:35:58,259.0,126.0,265.68,65.0,258.0,144.0,267.51,57.0,262.34,6.680000000000007,270.0,122.0,0.8266014759229996,392,148.0,173.5,0.38,265.0,
2025-03-03 07:35:59,259.0,66.0,261.45,38.0,258.0,96.0,263.98,43.0,260.22,2.4499999999999886,162.0,81.0,1.4064920902722404,243,81.0,-149.0,0.33,259.0,3.0
2025-03-03 07:36:03,258.0,27.0,261.0,27.0,257.0,45.0,263.2,20.0,259.5,3.0,72.0,47.0,0.6030920327773688,119,25.0,-74.0,0.21,259.0,
2025-03-03 07:36:04,258.0,30.0,261.0,30.0,257.0,36.0,264.0,40.0,259.5,3.0,66.0,70.0,0.4097316194774069,136,-4.0,17.0,-0.03,259.0,
2025-03-03 07:36:08,258.0,26.0,262.56,18.0,254.33,18.0,266.2,20.0,260.28,4.560000000000002,44.0,38.0,0.7193260734879319,82,6.0,-23.0,0.07,258.0,1.0
2025-03-03 07:36:09,261.0,30.0,263.0,20.0,257.0,30.0,267.0,20.0,262.0,2.0,60.0,40.0,1.448250668910383,100,20.0,18.0,0.2,258.0,
2025-03-03 07:36:10,261.0,53.0,266.27,22.0,257.0,33.0,270.48,31.0,263.64,5.269999999999982,86.0,53.0,2.213278111760705,139,33.0,39.0,0.24,263.0,2.0
2025-03-03 07:36:11,261.0,84.0,268.72,36.0,257.0,36.0,271.57,49.0,264.86,7.720000000000027,120.0,85.0,2.548230758781219,205,35.0,66.0,0.17,263.0,
2025-03-03 07:36:12,261.0,63.0,264.22,36.0,257.09,23.0,266.0,18.0,262.61,3.2200000000000277,86.0,54.0,1.724911591936949,140,32.0,-65.0,0.23,263.0,
2025-03-03 07:36:13,261.0,49.0,263.0,28.0,258.0,7.0,266.0,14.0,262.0,2.0,56.0,42.0,1.2266702898490385,98,14.0,-42.0,0.14,263.0,
2025-03-03 07:36:14,261.0,89.0,263.5,48.0,258.0,15.0,266.35,43.0,262.25,2.5,104.0,91.0,1.1787578207580691,195,13.0,97.0,0.07,261.0,4.0
2025-03-03 07:36:15,261.0,28.0,267.84,25.0,258.0,10.0,269.39,23.0,264.42,6.839999999999975,38.0,48.0,1.3163092341840783,86,-10.0,-109.0,-0.12,261.0,2.0
2025-03-03 07:36:16,261.0,11.0,271.0,22.0,258.0,11.0,272.0,88.0,266.0,10.0,22.0,110.0,1.7096286146406718,132,-88.0,46.0,-0.67,261.0,
2025-03-03 07:36:17,261.0,9.0,271.0,18.0,258.0,9.0,272.0,60.0,266.0,10.0,18.0,78.0,1.946093522932028,96,-60.0,-36.0,-0.62,261.0,
2025-03-03 07:36:18,258.24,29.0,271.0,28.0,253.26,19.0,272.0,94.0,264.62,12.759999999999993,48.0,122.0,1.5377320963021608,170,-74.0,74.0,-0.44,258.25,4.0
2025-03-03 07:36:19,258.08,24.0,270.0,28.0,256.72,36.0,271.48,66.0,264.04,11.920000000000016,60.0,94.0,0.9221062845451776,154,-34.0,-16.0,-0.22,258.25,
2025-03-03 07:36:20,258.84,38.0,268.02,59.0,257.68,47.0,269.59,78.0,263.43,9.180000000000009,85.0,137.0,1.1581537030972149,222,-52.0,68.0,-0.23,258.25,
2025-03-03 07:36:21,258.0,27.0,261.14,63.0,257.0,85.0,262.29,56.0,259.57,3.1399999999999864,112.0,119.0,2.41042942232257,231,-7.0,9.0,-0.03,258.0,1.0
2025-03-03 07:36:25,252.9,84.0,260.66,96.0,245.8,50.0,263.55,98.0,256.78,7.760000000000019,134.0,194.0,1.86821572630178,328,-60.0,15.0,-0.18,256.67,6.0
2025-03-03 07:36:26,263.4,50.0,266.0,80.0,253.19,16.0,269.0,20.0,264.7,2.6000000000000227,66.0,100.0,3.921934471660725,166,-34.0,-162.0,-0.2,256.67,
2025-03-03 07:36:27,264.0,63.0,266.0,87.0,261.0,36.0,269.0,24.0,265.0,2.0,99.0,111.0,5.016022328498937,210,-12.0,44.0,-0.06,264.0,3.0
2025-03-03 07:36:28,264.0,30.0,265.25,32.0,261.0,30.0,267.2,20.0,264.62,1.25,60.0,52.0,4.943148794037944,112,8.0,-98.0,0.07,264.0,
2025-03-03 07:36:29,261.0,16.0,265.0,32.0,259.0,56.0,267.5,16.0,263.0,4.0,72.0,48.0,3.465573545605068,120,24.0,8.0,0.2,263.25,4.0
2025-03-03 07:36:30,261.0,14.0,265.0,52.0,257.0,78.0,268.0,26.0,263.0,4.0,92.0,78.0,0.981570170694224,170,14.0,50.0,0.08,261.0,1.0
2025-03-03 07:36:31,261.0,8.0,265.0,32.0,257.67,36.0,268.75,16.0,263.0,4.0,44.0,48.0,1.0004399032410396,92,-4.0,-78.0,-0.04,261.0,
2025-03-03 07:36:32,261.0,22.0,265.0,24.0,259.0,18.0,270.0,12.0,263.0,4.0,40.0,36.0,0.7244860247079992,76,4.0,-16.0,0.05,261.0,
2025-03-03 07:36:33,261.0,70.0,265.0,56.0,259.0,42.0,267.09,67.0,263.0,4.0,112.0,123.0,0.0,235,-11.0,159.0,-0.05,261.0,
2025-03-03 07:36:34,261.0,45.0,265.0,36.0,259.0,27.0,267.0,45.0,263.0,4.0,72.0,81.0,0.0,153,-9.0,-82.0,-0.06,261.0,
2025-03-03 07:36:35,260.38,58.0,265.0,56.0,257.8,60.0,267.0,74.0,262.69,4.6200000000000045,118.0,130.0,0.1386362145956823,248,-12.0,95.0,-0.05,261.0,5.0
2025-03-03 07:36:36,259.0,24.0,263.75,32.0,257.0,48.0,265.3,33.0,261.38,4.75,72.0,65.0,0.7027659638866868,137,7.0,-111.0,0.05,261.0,
2025-03-03 07:36:37,259.0,23.0,262.46,52.0,257.0,78.0,265.0,52.0,260.73,3.4599999999999795,101.0,104.0,1.042281152087959,205,-3.0,68.0,-0.01,259.0,2.0
2025-03-03 07:36:38,257.09,44.0,264.76,34.0,256.26,47.0,268.02,43.0,260.93,7.670000000000016,91.0,77.0,1.0363059393818108,168,14.0,-37.0,0.08,259.0,1.0
2025-03-03 07:36:39,257.0,54.0,266.0,27.0,256.0,45.0,267.0,45.0,261.5,9.0,99.0,72.0,0.7638258963914258,171,27.0,3.0,0.16,259.0,
2025-03-03 07:36:40,259.0,70.0,264.98,52.0,256.55,77.0,267.57,70.0,261.99,5.980000000000018,147.0,122.0,0.4960141127006817,269,25.0,98.0,0.09,259.0,
2025-03-03 07:36:41,257.02,52.0,263.1,40.0,256.13,52.0,265.8,50.0,260.06,6.080000000000041,104.0,90.0,0.7386947948905165,194,14.0,-75.0,0.07,257.33,3.0
2025-03-03 07:36:42,257.06,69.0,260.87,45.0,256.13,75.0,265.4,75.0,258.96,3.8100000000000014,144.0,120.0,1.2034824469008674,264,24.0,70.0,0.09,257.33,
2025-03-03 07:36:44,257.0,60.0,262.75,12.0,256.0,60.0,269.77,30.0,259.88,5.75,120.0,42.0,1.4606436937182137,162,78.0,-2.0,0.48,257.33,
2025-03-03 07:36:45,257.0,34.0,267.44,18.0,256.0,50.0,268.94,34.0,262.22,10.439999999999998,84.0,52.0,1.5480956042825025,136,32.0,-26.0,0.24,257.0,2.0
2025-03-03 07:36:46,257.88,25.0,266.29,70.0,256.42,26.0,268.0,34.0,262.08,8.410000000000025,51.0,104.0,1.853342925634302,155,-53.0,19.0,-0.34,257.0,
2025-03-03 07:36:47,257.33,24.0,265.6,50.0,256.18,22.0,268.37,41.0,261.47,8.270000000000039,46.0,91.0,1.7559840545969083,137,-45.0,-18.0,-0.33,258.0,2.0
2025-03-03 07:36:48,257.0,31.0,264.74,46.0,256.0,30.0,269.67,45.0,260.87,7.740000000000009,61.0,91.0,0.9598072723200372,152,-30.0,15.0,-0.2,258.0,
2025-03-03 07:36:49,257.0,22.0,262.55,33.0,256.0,27.0,264.54,39.0,259.77,5.550000000000011,49.0,72.0,1.0009845153639607,121,-23.0,-31.0,-0.19,257.0,2.0
2025-03-03 07:36:50,257.0,28.0,261.64,70.0,256.0,42.0,263.15,41.0,259.32,4.639999999999986,70.0,111.0,1.1505954979915545,181,-41.0,60.0,-0.23,257.0,
2025-03-03 07:36:51,257.0,24.0,260.84,38.0,256.0,36.0,266.5,24.0,258.92,3.839999999999975,60.0,62.0,1.0694624818096434,122,-2.0,-59.0,-0.02,261.0,2.0
2025-03-03 07:36:53,250.62,13.0,262.5,20.0,247.9,31.0,264.46,35.0,256.56,11.879999999999995,44.0,55.0,1.2611978433213065,99,-11.0,-57.0,-0.11,256.0,3.0
2025-03-03 07:36:57,248.0,13.0,260.7,43.0,247.0,72.0,260.64,56.0,254.35,12.699999999999989,85.0,99.0,2.1623436359649317,184,-14.0,-16.0,-0.08,254.67,9.0
2025-03-03 07:36:59,248.82,22.0,261.59,39.0,247.15,33.0,263.98,45.0,255.2,12.769999999999982,55.0,84.0,1.5845914299900858,139,-29.0,55.0,-0.21,258.75,4.0
2025-03-03 07:37:00,250.0,21.0,262.0,28.0,247.5,12.0,263.0,28.0,256.0,12.0,33.0,56.0,1.7359637092975275,89,-23.0,-50.0,-0.26,258.75,
2025-03-03 07:37:01,251.37,19.0,262.33,24.0,247.0,35.0,290.27,22.0,256.85,10.95999999999998,54.0,46.0,1.3203219304389633,100,8.0,11.0,0.08,258.75,
2025-03-03 07:37:02,253.0,28.0,263.0,52.0,251.07,28.0,345.89,27.0,258.0,10.0,56.0,79.0,1.7008821240750454,135,-23.0,35.0,-0.17,253.0,1.0
2025-03-03 07:37:03,252.4,20.0,263.0,36.0,250.93,30.0,349.0,9.0,257.7,10.599999999999994,50.0,45.0,1.1661903789681844,95,5.0,-40.0,0.05,252.33,3.0
2025-03-03 07:37:04,254.54,41.0,263.0,72.0,249.0,15.0,451.0,21.0,258.77,8.460000000000008,56.0,93.0,1.0687516081849195,149,-37.0,54.0,-0.25,252.33,
2025-03-03 07:37:16,257.0,10.0,263.33,9.0,244.0,15.0,286.18,17.0,260.17,6.329999999999984,25.0,26.0,0.5098529199656492,51,-1.0,-4.0,-0.02,260.0,1.0
2025-03-03 07:37:17,257.0,10.0,263.83,18.0,247.0,56.0,296.03,29.0,260.42,6.829999999999984,66.0,47.0,0.6621404684789178,113,19.0,62.0,0.17,258.0,1.0
2025-03-03 07:37:18,246.35,17.0,266.0,18.0,243.43,21.0,310.0,24.0,256.18,19.65000000000001,38.0,42.0,1.70738103538652,80,-4.0,-33.0,-0.05,248.25,8.0
2025-03-03 07:37:19,246.0,48.0,262.0,24.0,244.0,27.0,295.71,34.0,254.0,16.0,75.0,58.0,2.75502268593158,133,17.0,53.0,0.13,251.0,6.0
2025-03-03 07:37:20,257.79,114.0,264.53,51.0,253.28,96.0,310.0,68.0,261.16,6.739999999999952,210.0,119.0,3.127232002905709,329,91.0,173.5,0.28,251.0,
2025-03-03 07:37:21,262.0,80.0,263.5,36.0,257.0,84.0,310.73,37.0,262.75,1.5,164.0,73.0,3.662269787986348,237,91.0,-92.0,0.38,262.0,4.0
2025-03-03 07:37:22,258.92,39.0,263.0,27.0,253.75,59.0,266.78,27.0,260.96,4.079999999999984,98.0,54.0,3.72564088446505,152,44.0,-85.0,0.29,260.75,4.0
2025-03-03 07:37:23,257.0,72.0,262.1,50.0,249.45,55.0,265.5,36.0,259.55,5.100000000000023,127.0,86.0,3.373904266572694,213,41.0,61.0,0.19,260.75,
2025-03-03 07:37:26,257.0,72.0,263.58,36.0,256.0,12.0,271.0,36.0,260.29,6.579999999999984,84.0,72.0,1.019789193901138,156,12.0,-28.0,0.08,260.75,
2025-03-03 07:37:27,257.0,28.0,264.0,15.0,256.0,5.0,271.0,15.0,260.5,7.0,33.0,30.0,0.8808688892210729,63,3.0,-93.0,0.05,257.0,2.0
2025-03-03 07:37:28,253.9,58.0,263.52,31.0,250.38,24.0,269.44,27.0,258.71,9.619999999999976,82.0,58.0,0.9545522510568089,140,24.0,77.0,0.17,256.8,5.0
2025-03-03 07:37:29,257.0,148.0,262.0,100.0,250.45,120.0,264.7,60.0,259.5,5.0,268.0,160.0,0.802527258102528,428,108.0,173.5,0.25,257.0,2.0
2025-03-03 07:37:30,257.0,34.0,262.0,35.0,250.0,42.0,265.0,21.0,259.5,5.0,76.0,56.0,0.7155766905074011,132,20.0,-174.5,0.15,257.0,4.0
2025-03-03 07:37:31,257.75,12.0,260.8,50.0,254.0,28.0,265.0,30.0,259.27,3.050000000000012,40.0,80.0,0.6474797294105592,120,-40.0,-12.0,-0.33,257.0,
2025-03-03 07:39:03,251.83,119.0,277.14,70.0,246.31,87.0,316.0,70.0,264.49,25.30999999999997,206.0,140.0,4.625453491280291,346,66.0,-7.0,0.19,257.0,5.0
2025-03-03 07:39:04,252.0,77.0,272.0,35.0,251.0,28.0,437.0,35.0,262.0,20.0,105.0,70.0,4.606416177463362,175,35.0,-171.0,0.2,257.0,
2025-03-03 07:39:05,254.48,54.0,271.05,59.0,252.75,126.0,307.36,70.0,262.77,16.57000000000002,180.0,129.0,4.259980046901081,309,51.0,134.0,0.17,257.0,
2025-03-03 07:39:06,261.0,11.0,269.73,44.0,253.0,121.0,272.0,55.0,265.36,8.730000000000018,132.0,99.0,3.7036131007428943,231,33.0,-78.0,0.14,257.0,
2025-03-03 07:39:07,261.0,11.0,267.73,44.0,257.45,121.0,290.82,55.0,264.36,6.730000000000018,132.0,99.0,1.3715064709995726,231,33.0,0.0,0.14,257.0,
2025-03-03 07:39:08,260.01,121.0,266.77,52.0,251.48,107.0,323.92,65.0,263.39,6.759999999999991,228.0,117.0,1.3195946347245358,345,111.0,114.0,0.32,260.33,3.0
2025-03-03 07:39:09,260.0,72.0,266.0,32.0,256.0,8.0,329.0,40.0,263.0,6.0,80.0,72.0,1.0739320276412825,152,8.0,-174.5,0.05,260.33,
2025-03-03 07:39:10,260.0,126.0,265.0,56.0,256.0,49.0,368.74,38.0,262.5,5.0,175.0,94.0,1.1418055876521669,269,81.0,117.0,0.3,260.33,
2025-03-03 07:39:11,260.0,38.0,265.0,28.0,256.0,56.0,568.0,7.0,262.5,5.0,94.0,35.0,0.7728518616098619,129,59.0,-140.0,0.46,260.0,5.0
2025-03-03 07:39:12,260.0,48.0,265.0,48.0,256.02,82.0,579.43,56.0,262.5,5.0,130.0,104.0,0.404870349610701,234,26.0,105.0,0.11,260.0,
2025-03-03 07:39:13,260.0,29.0,264.21,56.0,257.0,14.0,415.86,70.0,262.11,4.20999999999998,43.0,126.0,0.3161012495925161,169,-83.0,-65.0,-0.49,260.0,3.0
2025-03-03 07:39:14,256.55,65.0,263.76,37.0,250.39,163.0,268.44,71.0,260.16,7.2099999999999795,228.0,108.0,1.016995575208708,336,120.0,167.0,0.36,258.5,2.0
2025-03-03 07:39:15,256.0,64.0,261.65,17.0,250.0,176.0,262.48,23.0,258.82,5.649999999999977,240.0,40.0,1.6547265635126371,280,200.0,-56.0,0.71,258.5,
2025-03-03 07:39:24,252.55,11.0,266.0,11.0,248.0,11.0,317.0,11.0,259.27,13.449999999999989,22.0,22.0,2.94226443407046,44,0.0,-27.0,0.0,258.5,
2025-03-03 07:39:25,253.0,9.0,266.0,9.0,248.0,9.0,317.0,9.0,259.5,13.0,18.0,18.0,3.6422685238729406,36,0.0,-8.0,0.0,258.5,
2025-03-03 07:39:26,249.36,11.0,264.64,28.0,243.12,91.0,267.05,22.0,257.0,15.279999999999973,102.0,50.0,3.0655912969597288,152,52.0,116.0,0.34,253.0,1.0
2025-03-03 07:39:27,256.58,85.0,262.43,21.0,245.8,71.0,263.87,31.0,259.5,5.850000000000023,156.0,52.0,2.761345686435288,208,104.0,56.0,0.5,253.0,
2025-03-03 07:39:28,259.65,34.0,262.05,41.0,257.01,122.0,263.73,22.0,260.85,2.400000000000034,156.0,63.0,1.3914488851532325,219,93.0,11.0,0.42,261.0,2.0
2025-03-03 07:39:29,257.6,30.0,261.19,21.0,256.9,90.0,264.45,33.0,259.4,3.589999999999975,120.0,54.0,1.3937359864745404,174,66.0,-45.0,0.38,257.67,3.0
2025-03-03 07:39:30,257.0,84.0,261.4,20.0,256.0,42.0,263.41,34.0,259.2,4.399999999999977,126.0,54.0,1.38672275527381,180,72.0,6.0,0.4,257.0,3.0
2025-03-03 07:39:31,257.24,21.0,266.0,60.0,256.4,50.0,270.0,15.0,261.62,8.759999999999991,71.0,75.0,1.0644153324684114,146,-4.0,-34.0,-0.03,257.25,4.0
2025-03-03 07:39:32,257.0,9.0,266.0,36.0,256.0,27.0,270.0,9.0,261.5,9.0,36.0,45.0,1.1484685454960055,81,-9.0,-65.0,-0.11,257.25,
2025-03-03 07:39:33,261.31,26.0,267.89,53.0,256.06,32.0,384.31,13.0,264.6,6.579999999999984,58.0,66.0,2.1820815750089406,124,-8.0,43.0,-0.06,257.25,
2025-03-03 07:39:34,264.0,96.0,270.0,60.0,257.0,42.0,506.5,16.0,267.0,6.0,138.0,76.0,3.0381375874033525,214,62.0,90.0,0.29,257.25,
2025-03-03 07:39:35,264.0,48.0,270.0,30.0,257.0,36.0,394.0,6.0,267.0,6.0,84.0,36.0,2.724092509441015,120,48.0,-94.0,0.4,257.25,
2025-03-03 07:39:36,264.0,75.0,270.0,50.0,257.0,60.0,394.0,10.0,267.0,6.0,135.0,60.0,2.425283488582796,195,75.0,75.0,0.38,264.0,5.0
2025-03-03 07:39:37,260.5,30.0,270.0,40.0,256.77,39.0,389.58,12.0,265.25,9.5,69.0,52.0,1.1595257651264608,121,17.0,-74.0,0.14,262.25,4.0
2025-03-03 07:39:38,257.0,50.0,270.0,50.0,256.0,30.0,363.28,46.0,263.5,13.0,80.0,96.0,1.5652475842473677,176,-16.0,55.0,-0.09,262.25,
2025-03-03 07:39:39,257.0,50.0,270.0,50.0,256.0,30.0,441.57,14.0,263.5,13.0,80.0,64.0,1.7499999999978642,144,16.0,-32.0,0.11,262.25,
2025-03-03 07:39:40,257.0,35.0,270.0,53.0,256.0,21.0,605.36,33.0,263.5,13.0,56.0,86.0,1.5652475842475646,142,-30.0,-2.0,-0.21,262.25,
2025-03-03 07:39:41,257.08,38.0,269.17,48.0,256.42,36.0,399.65,46.0,263.12,12.090000000000032,74.0,94.0,0.8413560482894181,168,-20.0,26.0,-0.12,262.25,
2025-03-03 07:39:42,258.0,9.0,264.5,40.0,257.0,45.0,266.11,36.0,261.25,6.5,54.0,76.0,0.9776911577760694,130,-22.0,-38.0,-0.17,262.25,
2025-03-03 07:39:43,258.0,13.0,263.31,65.0,257.0,65.0,265.0,52.0,260.65,5.310000000000002,78.0,117.0,1.3530816678950923,195,-39.0,65.0,-0.2,262.25,
2025-03-03 07:39:44,257.08,26.0,262.62,32.0,256.36,28.0,264.17,48.0,259.85,5.5400000000000205,54.0,80.0,1.579598050136198,134,-26.0,-61.0,-0.19,257.5,2.0
2025-03-03 07:39:45,257.0,36.0,260.83,29.0,252.6,47.0,262.51,43.0,258.91,3.829999999999984,83.0,72.0,1.586845928247138,155,11.0,21.0,0.07,257.5,
2025-03-03 07:39:46,257.0,28.0,264.79,58.0,251.0,112.0,266.83,48.0,260.9,7.79000000000002,140.0,106.0,0.9379338995871358,246,34.0,91.0,0.14,259.1,10.0
2025-03-03 07:39:47,259.15,26.0,262.38,65.0,252.35,62.0,267.1,62.0,260.77,3.230000000000018,88.0,127.0,0.8370663056142976,215,-39.0,-31.0,-0.18,259.1,
2025-03-03 07:39:48,261.0,30.0,262.58,62.0,259.0,75.0,266.46,59.0,261.79,1.579999999999984,105.0,121.0,1.0990814346510815,226,-16.0,11.0,-0.07,262.0,2.0
2025-03-03 07:39:49,261.0,30.0,265.0,60.0,259.0,75.0,267.0,15.0,263.0,4.0,105.0,75.0,1.5023082240320782,180,30.0,-46.0,0.17,262.0,
2025-03-03 07:39:50,261.0,34.0,265.0,44.0,259.0,55.0,267.0,11.0,263.0,4.0,89.0,55.0,1.0849746540791043,144,34.0,-36.0,0.24,262.0,
2025-03-03 07:39:51,261.0,78.0,265.0,52.0,259.0,65.0,267.0,13.0,263.0,4.0,143.0,65.0,1.0087467472036178,208,78.0,64.0,0.38,262.0,
2025-03-03 07:39:52,261.0,72.0,266.47,15.0,259.0,60.0,270.83,23.0,263.73,5.470000000000027,132.0,38.0,0.6983766891825728,170,94.0,-38.0,0.55,262.0,
2025-03-03 07:39:53,261.0,42.0,267.0,7.0,259.0,35.0,271.0,14.0,264.0,6.0,77.0,21.0,0.4833011483468962,98,56.0,-72.0,0.57,262.0,
2025-03-03 07:39:54,261.0,60.0,263.04,46.0,259.0,75.0,265.88,32.0,262.02,2.0400000000000205,135.0,78.0,0.771492060875249,213,57.0,115.0,0.27,261.0,5.0
2025-03-03 07:39:55,259.0,65.0,261.77,52.0,257.0,39.0,265.0,26.0,260.38,2.769999999999982,104.0,78.0,1.4712511682217273,182,26.0,-31.0,0.14,261.0,1.0
2025-03-03 07:39:56,259.0,55.0,261.0,44.0,257.0,33.0,265.0,22.0,260.0,2.0,88.0,66.0,1.8448793998508648,154,22.0,-28.0,0.14,261.0,
2025-03-03 07:39:57,259.0,55.0,261.0,44.0,258.0,44.0,265.0,22.0,260.0,2.0,99.0,66.0,1.7344163283348188,165,33.0,11.0,0.2,261.0,
2025-03-03 07:39:58,259.0,18.0,260.9,40.0,258.0,40.0,265.0,20.0,259.95,1.8999999999999773,58.0,60.0,0.8835722947189112,118,-2.0,-47.0,-0.02,259.0,4.0
2025-03-03 07:40:01,257.0,29.0,267.32,25.0,256.0,247.0,270.27,44.0,262.16,10.319999999999991,276.0,69.0,1.3356009883176518,345,207.0,144.0,0.6,259.0,
2025-03-03 07:40:02,256.04,149.0,265.2,35.0,254.41,83.0,268.4,35.0,260.62,9.159999999999968,232.0,70.0,1.3633964940526306,302,162.0,-43.0,0.54,257.0,2.0
2025-03-03 07:40:03,256.31,154.0,263.36,14.0,254.7,92.0,266.29,56.0,259.83,7.050000000000011,246.0,70.0,1.3684041800561058,316,176.0,14.0,0.56,257.0,
2025-03-03 07:40:04,256.0,156.0,261.4,20.0,251.71,21.0,266.44,36.0,258.7,5.399999999999977,177.0,56.0,1.4841596949099294,233,121.0,-83.0,0.52,257.0,
2025-03-03 07:40:07,256.97,86.0,265.7,46.0,250.44,16.0,266.61,33.0,261.33,8.729999999999961,102.0,79.0,1.3798079576504625,181,23.0,-55.0,0.13,262.5,6.0
2025-03-03 07:40:08,258.0,108.0,266.25,24.0,252.0,12.0,270.0,12.0,262.12,8.25,120.0,36.0,1.9053949721764585,156,84.0,-25.0,0.54,262.5,
2025-03-03 07:40:09,258.0,72.0,264.0,16.0,252.0,8.0,268.5,8.0,261.0,6.0,80.0,24.0,1.8823203765552423,104,56.0,-52.0,0.54,262.5,
2025-03-03 07:40:10,258.0,72.0,264.0,16.0,255.75,8.0,268.0,8.0,261.0,6.0,80.0,24.0,1.6662172727453026,104,56.0,0.0,0.54,262.5,
2025-03-03 07:40:11,258.0,45.0,264.0,10.0,257.0,5.0,268.0,5.0,261.0,6.0,50.0,15.0,0.4854894437517309,65,35.0,-39.0,0.54,262.5,
2025-03-03 07:40:12,258.35,69.0,264.0,16.0,257.56,16.0,268.0,8.0,261.17,5.649999999999977,85.0,24.0,0.4874628190891948,109,61.0,44.0,0.56,262.5,
2025-03-03 07:40:13,262.0,60.0,264.0,20.0,258.0,90.0,485.9,21.0,263.0,2.0,150.0,41.0,0.8785101023859881,191,109.0,82.0,0.57,262.5,
2025-03-03 07:40:14,262.0,102.0,264.0,20.0,258.0,90.0,384.83,46.0,263.0,2.0,192.0,66.0,1.0666677083299885,258,126.0,67.0,0.49,262.5,
2025-03-03 07:40:15,262.0,68.0,264.0,22.0,258.11,71.0,268.88,51.0,263.0,2.0,139.0,73.0,1.0506093469951936,212,66.0,-46.0,0.31,262.0,8.0
2025-03-03 07:40:16,262.0,24.0,264.0,16.0,259.0,16.0,268.0,24.0,263.0,2.0,40.0,40.0,0.8184008797608829,80,0.0,-132.0,0.0,262.0,1.0
2025-03-03 07:40:17,262.0,24.0,264.0,16.0,259.0,16.0,268.92,38.0,263.0,2.0,40.0,54.0,0.0,94,-14.0,14.0,-0.15,262.0,
2025-03-03 07:40:18,262.0,18.0,264.0,12.0,259.0,12.0,269.0,30.0,263.0,2.0,30.0,42.0,0.0,72,-12.0,-22.0,-0.17,262.0,
2025-03-03 07:40:19,261.57,21.0,263.0,32.0,258.24,51.0,266.08,24.0,262.29,1.4300000000000068,72.0,56.0,0.3175216527943122,128,16.0,56.0,0.12,261.25,4.0
2025-03-03 07:40:20,259.0,8.0,262.0,32.0,258.0,104.0,264.25,16.0,260.5,3.0,112.0,48.0,1.08319896602313,160,64.0,32.0,0.4,261.25,
2025-03-03 07:40:21,258.3,37.0,261.46,52.0,257.99,145.0,267.11,38.0,259.88,3.159999999999968,182.0,90.0,1.455568617411766,272,92.0,112.0,0.34,261.25,
2025-03-03 07:40:23,259.0,260.0,264.83,30.0,258.0,234.0,266.42,24.0,261.92,5.829999999999984,494.0,54.0,1.334155163387946,548,440.0,173.5,0.8,261.25,
2025-03-03 07:40:24,259.3,235.0,262.17,24.0,258.2,178.0,263.2,30.0,260.73,2.8700000000000045,413.0,54.0,1.0314698250530456,467,359.0,-81.0,0.77,260.0,2.0
2025-03-03 07:40:25,260.0,76.0,267.78,18.0,259.0,50.0,270.56,18.0,263.89,7.779999999999973,126.0,36.0,1.8630163713704693,162,90.0,-174.5,0.56,260.0,1.0
2025-03-03 07:40:26,260.0,84.0,268.67,60.0,259.0,60.0,274.0,12.0,264.33,8.670000000000016,144.0,72.0,2.164643157657552,216,72.0,54.0,0.33,260.0,
2025-03-03 07:40:27,260.62,91.0,267.0,60.0,259.66,74.0,273.08,12.0,263.81,6.379999999999996,165.0,72.0,1.5423942427255486,237,93.0,21.0,0.39,260.0,
2025-03-03 07:40:28,261.0,48.0,267.0,30.0,260.0,42.0,273.0,6.0,264.0,6.0,90.0,36.0,1.4790605126202907,126,54.0,-111.0,0.43,260.0,
2025-03-03 07:40:29,261.41,37.0,267.0,65.0,259.94,89.0,272.38,13.0,264.2,5.589999999999975,126.0,78.0,0.2159398064092776,204,48.0,78.0,0.24,260.0,
2025-03-03 07:40:30,264.4,30.0,267.0,75.0,261.07,45.0,272.0,15.0,265.7,2.6000000000000227,75.0,90.0,0.7487790061104473,165,-15.0,-39.0,-0.09,260.0,
2025-03-03 07:40:31,264.67,18.0,266.68,37.0,261.39,23.0,268.0,25.0,265.67,2.009999999999991,41.0,62.0,0.931412905209878,103,-21.0,-62.0,-0.2,265.0,2.0
2025-03-03 07:40:32,260.46,52.0,268.9,50.0,259.32,130.0,269.79,34.0,264.68,8.439999999999998,182.0,84.0,0.8013738203805618,266,98.0,163.0,0.37,261.0,4.0
2025-03-03 07:40:33,260.0,71.0,268.0,16.0,259.0,80.0,269.0,80.0,264.0,8.0,151.0,96.0,0.8013738203805618,247,55.0,-19.0,0.22,260.0,3.0
2025-03-03 07:40:34,258.37,65.0,268.0,13.0,257.94,85.0,269.0,65.0,263.18,9.629999999999995,150.0,78.0,1.0870970517812717,228,72.0,-19.0,0.32,259.29,7.0
2025-03-03 07:40:35,258.0,62.0,268.0,14.0,257.0,14.0,269.0,70.0,263.0,10.0,76.0,84.0,1.1031228399376398,160,-8.0,-68.0,-0.05,259.29,
2025-03-03 07:40:36,258.86,74.0,268.0,18.0,257.98,82.0,269.78,92.0,263.43,9.139999999999986,156.0,110.0,0.6846312876231324,266,46.0,106.0,0.17,259.29,
2025-03-03 07:40:37,259.33,72.0,265.97,34.0,258.0,90.0,274.06,68.0,262.65,6.640000000000043,162.0,102.0,0.5055393159714863,264,60.0,-2.0,0.23,259.29,
2025-03-03 07:40:38,261.82,44.0,263.68,22.0,258.0,70.0,264.35,34.0,262.75,1.8600000000000136,114.0,56.0,0.3171277345064175,170,58.0,-94.0,0.34,262.0,2.0
2025-03-03 07:40:39,262.0,34.0,263.0,17.0,258.0,85.0,264.0,51.0,262.5,1.0,119.0,68.0,0.3640467002917424,187,51.0,17.0,0.27,262.0,
2025-03-03 07:40:40,258.0,65.0,262.0,27.0,257.0,13.0,263.0,25.0,260.0,4.0,78.0,52.0,1.3158761339859897,130,26.0,-57.0,0.2,262.0,2.0
2025-03-03 07:40:45,260.12,25.0,265.13,45.0,252.13,23.0,268.33,18.0,262.63,5.009999999999991,48.0,63.0,2.661456368231113,111,-15.0,-34.0,-0.14,261.33,6.0
2025-03-03 07:40:46,263.5,12.0,266.36,25.0,259.5,12.0,268.03,39.0,264.93,2.8600000000000136,24.0,64.0,4.018927717687461,88,-40.0,-23.0,-0.45,264.0,4.0
2025-03-03 07:40:47,265.0,11.0,266.91,22.0,262.0,11.0,268.0,44.0,265.95,1.910000000000025,22.0,66.0,4.403830151129158,88,-44.0,0.0,-0.5,264.0,
2025-03-03 07:40:48,265.0,9.0,266.0,21.0,262.0,9.0,268.0,36.0,265.5,1.0,18.0,57.0,3.4984682362417145,75,-39.0,-13.0,-0.52,264.0,
2025-03-03 07:40:49,263.5,14.0,266.0,56.0,259.5,14.0,268.63,38.0,264.75,2.5,28.0,94.0,1.2776227925294168,122,-66.0,47.0,-0.54,265.0,1.0
2025-03-03 07:40:50,253.43,14.0,269.71,14.0,251.75,8.0,272.6,10.0,261.57,16.279999999999973,22.0,24.0,1.726759971736353,46,-2.0,-76.0,-0.04,259.5,2.0
2025-03-03 07:40:51,252.0,18.0,268.0,15.0,250.0,9.0,269.26,23.0,260.0,16.0,27.0,38.0,2.623228926340974,65,-11.0,19.0,-0.17,259.5,
2025-03-03 07:40:52,252.58,52.0,262.66,41.0,251.04,23.0,263.49,39.0,257.62,10.080000000000013,75.0,80.0,3.2832560058566616,155,-5.0,90.0,-0.03,259.5,
2025-03-03 07:41:13,246.0,90.0,260.67,36.0,239.33,18.0,279.81,37.0,253.33,14.670000000000016,108.0,73.0,3.264547441837298,181,35.0,-24.0,0.19,259.0,4.0
2025-03-03 07:41:14,251.9,58.0,326.45,58.0,252.4,50.0,464.67,43.0,289.17,74.54999999999998,108.0,101.0,17.31861339715157,209,7.0,28.0,0.03,259.0,
2025-03-03 07:41:16,265.0,20.0,436.72,39.0,262.0,100.0,538.53,30.0,350.86,171.72000000000003,120.0,69.0,53.49711272582804,189,51.0,13.0,0.27,259.0,
2025-03-03 07:41:17,262.68,62.0,340.06,35.0,258.68,114.0,469.74,23.0,301.37,77.38,176.0,58.0,45.95844242356287,234,118.0,45.0,0.5,265.0,2.0
2025-03-03 07:41:18,262.0,60.0,294.0,5.0,251.0,75.0,455.0,20.0,278.0,32.0,135.0,25.0,38.854064780920126,160,110.0,-74.0,0.69,265.0,
2025-03-03 07:41:19,262.0,82.0,291.78,9.0,251.0,120.0,350.0,15.0,276.89,29.779999999999973,202.0,24.0,41.35881320831076,226,178.0,66.0,0.79,262.0,5.0
2025-03-03 07:41:20,262.0,13.0,294.0,3.0,251.0,45.0,446.0,6.0,278.0,32.0,58.0,9.0,31.80568235394354,67,49.0,-159.0,0.73,262.0,4.0
2025-03-03 07:41:21,262.0,29.0,293.55,11.0,257.27,22.0,412.22,18.0,277.77,31.55000000000001,51.0,29.0,10.61105225696146,80,22.0,13.0,0.28,262.0,2.0
2025-03-03 07:41:22,258.57,7.0,291.0,7.0,251.14,14.0,502.45,11.0,274.79,32.43000000000001,21.0,18.0,1.364606170281638,39,3.0,-41.0,0.08,260.0,2.0
2025-03-03 07:41:23,258.0,8.0,285.86,14.0,250.0,16.0,452.56,16.0,271.93,27.860000000000014,24.0,30.0,2.5434779338479983,54,-6.0,15.0,-0.11,260.0,
2025-03-03 07:41:24,258.94,32.0,282.88,24.0,255.71,14.0,284.38,24.0,270.91,23.94,46.0,48.0,3.254151195008097,94,-2.0,40.0,-0.02,260.0,
2025-03-03 07:41:25,259.32,25.0,280.1,29.0,251.44,39.0,281.8,15.0,269.71,20.78000000000003,64.0,44.0,3.25160268175158,108,20.0,14.0,0.19,260.0,3.0
2025-03-03 07:41:26,255.24,29.0,269.62,32.0,253.02,47.0,276.04,23.0,262.43,14.379999999999995,76.0,55.0,4.606395554007138,131,21.0,23.0,0.16,258.0,1.0
2025-03-03 07:41:30,256.94,49.0,261.0,7.0,253.75,8.0,265.0,21.0,258.97,4.060000000000002,57.0,28.0,3.1375834650233307,85,29.0,29.0,0.34,258.0,
2025-03-03 07:41:31,257.0,96.0,261.0,12.0,254.0,12.0,265.0,36.0,259.0,4.0,108.0,48.0,1.9583334751743464,156,60.0,71.0,0.38,258.0,
2025-03-03 07:41:32,257.0,40.0,261.0,5.0,254.0,5.0,265.0,15.0,259.0,4.0,45.0,20.0,2.0688692563784343,65,25.0,-91.0,0.38,258.0,
2025-03-03 07:41:33,257.0,47.0,261.0,7.0,254.0,7.0,265.0,21.0,259.0,4.0,54.0,28.0,1.7676594694644137,82,26.0,17.0,0.32,257.0,6.0
2025-03-03 07:41:34,257.64,33.0,261.0,9.0,256.32,19.0,265.0,27.0,259.32,3.3600000000000136,52.0,36.0,0.1470374101597555,88,16.0,6.0,0.18,257.0,
2025-03-03 07:41:35,258.27,44.0,263.57,14.0,257.37,38.0,424.0,30.0,260.92,5.300000000000011,82.0,44.0,0.8344579078576686,126,38.0,38.0,0.3,261.0,1.0
2025-03-03 07:41:36,264.0,12.0,265.0,36.0,258.0,84.0,406.0,32.0,264.5,1.0,96.0,68.0,2.3482589295018745,164,28.0,38.0,0.17,261.0,
2025-03-03 07:41:37,259.17,23.0,265.0,33.0,257.89,71.0,325.0,11.0,262.09,5.829999999999984,94.0,44.0,2.243274392486297,138,50.0,-26.0,0.36,264.0,1.0
2025-03-03 07:41:38,261.0,7.0,265.0,21.0,258.0,49.0,325.0,7.0,263.0,4.0,56.0,28.0,1.9749126562924435,84,28.0,-54.0,0.33,264.0,
2025-03-03 07:41:39,261.0,14.0,264.0,30.0,258.0,70.0,265.0,30.0,262.5,3.0,84.0,60.0,1.3098167810741697,144,24.0,60.0,0.17,264.0,
2025-03-03 07:41:40,261.0,25.0,263.5,36.0,258.05,74.0,270.67,36.0,262.25,2.5,99.0,72.0,0.9751256329228882,171,27.0,27.0,0.16,261.0,1.0
2025-03-03 07:41:41,260.23,13.0,262.56,27.0,258.19,43.0,273.0,27.0,261.39,2.329999999999984,56.0,54.0,0.5895167512326321,110,2.0,-61.0,0.02,260.33,3.0
2025-03-03 07:41:49,253.64,55.0,266.77,43.0,247.77,130.0,439.35,65.0,260.2,13.129999999999995,185.0,108.0,2.1703271642747684,293,77.0,53.0,0.26,255.0,2.0
2025-03-03 07:41:50,258.0,39.0,264.53,17.0,252.0,52.0,265.31,39.0,261.26,6.529999999999973,91.0,56.0,2.9252521258838846,147,35.0,-146.0,0.24,255.0,
2025-03-03 07:41:51,258.0,29.0,264.91,32.0,252.53,38.0,457.84,38.0,261.45,6.910000000000025,67.0,70.0,3.2473958797761844,137,-3.0,-10.0,-0.02,260.5,2.0
2025-03-03 07:41:52,258.52,23.0,264.86,42.0,254.25,16.0,296.48,62.0,261.69,6.340000000000032,39.0,104.0,3.1950320812139585,143,-65.0,6.0,-0.45,262.0,1.0
2025-03-03 07:41:53,258.0,33.0,263.48,66.0,253.0,16.0,328.06,53.0,260.74,5.480000000000018,49.0,119.0,0.5980551813881603,168,-70.0,25.0,-0.42,262.0,
2025-03-03 07:41:54,258.0,33.0,262.94,34.0,253.62,16.0,265.78,36.0,260.47,4.939999999999998,49.0,70.0,0.5050445524754932,119,-21.0,-49.0,-0.18,262.0,
2025-03-03 07:41:55,258.36,28.0,262.27,22.0,256.57,21.0,266.0,44.0,260.31,3.909999999999968,49.0,66.0,0.6082926926943459,115,-17.0,-4.0,-0.15,262.0,
2025-03-03 07:42:00,252.0,8.0,263.6,20.0,249.0,6.0,314.89,28.0,257.8,11.600000000000025,14.0,48.0,2.4724724467605954,62,-34.0,-22.0,-0.55,253.0,3.0
2025-03-03 07:42:01,252.0,11.0,266.0,44.0,249.0,11.0,415.29,35.0,259.0,14.0,22.0,79.0,2.9562949785144963,101,-57.0,39.0,-0.56,253.0,
2025-03-03 07:42:02,253.08,13.0,265.31,26.0,249.25,12.0,266.1,42.0,259.19,12.22999999999999,25.0,68.0,3.287175078998564,93,-43.0,-8.0,-0.46,259.0,2.0
2025-03-03 07:42:03,250.46,13.0,264.92,65.0,249.0,13.0,266.0,52.0,257.69,14.460000000000008,26.0,117.0,2.733300203049157,143,-91.0,50.0,-0.64,259.0,
2025-03-03 07:42:04,250.69,35.0,261.58,60.0,249.27,15.0,262.97,66.0,256.13,10.889999999999986,50.0,126.0,1.2290117981484383,176,-76.0,33.0,-0.43,259.0,
2025-03-03 07:42:30,247.76,17.0,303.44,45.0,240.76,49.0,310.93,28.0,275.6,55.68000000000001,66.0,73.0,14.99221964887085,139,-7.0,-112.0,-0.05,250.67,12.0
2025-03-03 07:42:31,262.6,42.0,330.15,34.0,259.46,50.0,401.42,38.0,296.37,67.54999999999995,92.0,72.0,21.28256258066639,164,20.0,25.0,0.12,263.0,4.0
2025-03-03 07:42:32,261.73,11.0,270.5,8.0,260.06,16.0,372.45,11.0,266.11,8.769999999999982,27.0,19.0,17.978743838210107,46,8.0,-118.0,0.17,263.0,
2025-03-03 07:42:33,262.0,72.0,401.45,22.0,261.0,9.0,568.55,11.0,331.73,139.45,81.0,33.0,32.49270564295883,114,48.0,68.0,0.42,263.0,
2025-03-03 07:42:34,262.0,68.0,381.77,26.0,261.0,9.0,408.79,28.0,321.88,119.76999999999998,77.0,54.0,28.411199728275417,131,23.0,17.0,0.18,262.0,1.0
2025-03-03 07:42:35,262.0,42.0,375.67,24.0,261.0,6.0,419.67,12.0,318.83,113.67000000000002,48.0,36.0,26.257969837745463,84,12.0,-47.0,0.14,262.0,
2025-03-03 07:42:36,262.0,56.0,375.0,32.0,261.0,13.0,485.12,16.0,318.5,113.0,69.0,48.0,25.884057834890324,117,21.0,33.0,0.18,262.0,
2025-03-03 07:42:37,262.0,49.0,374.29,28.0,261.0,14.0,489.0,14.0,318.14,112.29000000000002,63.0,42.0,5.73839088943406,105,21.0,-12.0,0.2,262.0,
2025-03-03 07:42:38,262.0,28.0,357.29,14.0,261.0,8.0,445.0,9.0,309.64,95.29000000000002,36.0,23.0,4.585043075036765,59,13.0,-46.0,0.22,262.0,
2025-03-03 07:42:39,262.0,25.0,277.57,14.0,261.0,14.0,391.0,10.0,269.79,15.569999999999991,39.0,24.0,21.1414888312046,63,15.0,4.0,0.24,262.0,4.0
2025-03-03 07:42:40,262.0,24.0,296.4,10.0,261.0,16.0,332.33,12.0,279.2,34.39999999999998,40.0,22.0,22.94040496591013,62,18.0,-1.0,0.29,262.0,
2025-03-03 07:42:41,262.0,36.0,278.53,15.0,261.0,24.0,286.22,36.0,270.27,16.529999999999973,60.0,51.0,22.85931910621925,111,9.0,49.0,0.08,262.0,
2025-03-03 07:42:42,262.0,39.0,273.22,27.0,261.0,26.0,379.38,29.0,267.61,11.220000000000027,65.0,56.0,17.529708212060086,121,9.0,10.0,0.07,262.0,
2025-03-03 07:42:43,261.86,35.0,272.6,45.0,260.33,30.0,274.0,15.0,267.23,10.740000000000007,65.0,60.0,4.867751020745861,125,5.0,4.0,0.04,261.75,4.0
2025-03-03 07:42:44,259.85,13.0,270.52,21.0,257.57,56.0,270.61,31.0,265.18,10.66999999999996,69.0,52.0,5.506320913275301,121,17.0,-4.0,0.14,259.0,5.0
2025-03-03 07:42:45,258.0,11.0,267.45,11.0,257.0,88.0,270.0,33.0,262.73,9.449999999999989,99.0,44.0,2.823079878426242,143,55.0,22.0,0.38,259.0,
2025-03-03 07:42:46,258.0,11.0,266.77,13.0,257.0,88.0,269.9,31.0,262.38,8.769999999999982,99.0,44.0,2.440866649363758,143,55.0,0.0,0.38,259.0,
2025-03-03 07:42:47,256.97,39.0,265.5,32.0,255.47,15.0,266.25,16.0,261.24,8.529999999999973,54.0,48.0,2.417264983401101,102,6.0,-41.0,0.06,257.2,5.0
2025-03-03 07:42:48,256.0,9.0,263.14,21.0,254.0,36.0,264.6,15.0,259.57,7.139999999999986,45.0,36.0,2.06338314425079,81,9.0,-21.0,0.11,257.2,
2025-03-03 07:42:49,257.7,10.0,263.0,30.0,255.05,19.0,264.0,10.0,260.35,5.300000000000011,29.0,40.0,1.3322649886486446,69,-11.0,-12.0,-0.16,261.5,2.0
2025-03-03 07:42:50,256.0,18.0,262.43,28.0,252.22,72.0,263.11,44.0,259.21,6.430000000000007,90.0,72.0,1.2865651946090844,162,18.0,93.0,0.11,261.5,
2025-03-03 07:43:00,258.0,68.0,312.52,21.0,247.84,51.0,414.07,54.0,285.26,54.51999999999998,119.0,75.0,15.41214553525828,194,44.0,80.0,0.23,257.0,2.0
2025-03-03 07:43:01,261.0,56.0,445.5,32.0,255.7,30.0,520.0,38.0,353.25,184.5,86.0,70.0,44.43709846513344,156,16.0,-38.0,0.1,261.0,4.0
2025-03-03 07:43:03,256.0,10.0,453.86,14.0,249.0,15.0,539.06,17.0,354.93,197.86,25.0,31.0,53.74652481788869,56,-6.0,-29.0,-0.11,261.0,
2025-03-03 07:43:04,256.0,14.0,358.48,29.0,249.0,27.0,415.35,20.0,307.24,102.48000000000002,41.0,49.0,39.36266848169616,90,-8.0,34.0,-0.09,256.0,1.0
2025-03-03 07:43:05,256.0,4.0,318.46,13.0,249.0,12.0,342.57,7.0,287.23,62.45999999999998,16.0,20.0,38.72510593916969,36,-4.0,-54.0,-0.11,256.0,
2025-03-03 07:43:06,260.0,24.0,326.69,29.0,256.89,27.0,394.33,12.0,293.34,66.69,51.0,41.0,41.59672258724147,92,10.0,56.0,0.11,256.0,
2025-03-03 07:43:10,263.0,73.0,400.17,24.0,259.0,52.0,463.9,21.0,331.58,137.17000000000002,125.0,45.0,46.1803407306605,170,80.0,61.0,0.47,263.0,4.0
2025-03-03 07:43:11,262.57,37.0,306.0,26.0,258.26,54.0,466.13,30.0,284.28,43.43000000000001,91.0,56.0,49.420586095269066,147,35.0,-23.0,0.24,261.4,5.0
2025-03-03 07:43:12,257.55,22.0,305.11,18.0,254.38,26.0,494.0,18.0,281.33,47.56,48.0,36.0,57.53563217693812,84,12.0,-63.0,0.14,257.4,5.0
2025-03-03 07:43:13,255.89,19.0,302.56,18.0,253.79,28.0,303.67,18.0,279.23,46.670000000000016,47.0,36.0,43.204493400570456,83,11.0,-1.0,0.13,257.4,
2025-03-03 07:43:14,258.25,40.0,299.58,24.0,257.27,22.0,300.67,24.0,278.92,41.329999999999984,62.0,48.0,22.747746481793545,110,14.0,27.0,0.13,257.4,
2025-03-03 07:43:15,259.68,40.0,296.91,22.0,258.67,45.0,298.0,22.0,278.29,37.23000000000002,85.0,44.0,2.4459251828210333,129,41.0,19.0,0.32,257.4,
2025-03-03 07:43:16,261.0,36.0,293.33,24.0,259.0,48.0,295.5,24.0,277.17,32.329999999999984,84.0,48.0,1.5281099436752232,132,36.0,3.0,0.27,257.4,
2025-03-03 07:43:17,261.0,30.0,286.43,28.0,258.69,39.0,290.57,28.0,273.71,25.430000000000007,69.0,56.0,2.2416467161353206,125,13.0,-7.0,0.1,261.0,1.0
2025-03-03 07:43:18,261.0,18.0,274.33,18.0,259.0,54.0,281.11,18.0,267.67,13.329999999999984,72.0,36.0,4.641575163666099,108,36.0,-17.0,0.33,261.0,
2025-03-03 07:43:19,261.0,31.0,271.07,28.0,259.0,84.0,272.07,28.0,266.04,10.069999999999991,115.0,56.0,5.518802406316414,171,59.0,63.0,0.35,261.0,
2025-03-03 07:43:20,259.82,51.0,269.42,24.0,258.62,52.0,270.42,24.0,264.62,9.600000000000025,103.0,48.0,5.364305174015166,151,55.0,-20.0,0.36,261.0,3.0
2025-03-03 07:43:21,259.0,65.0,261.38,26.0,257.0,24.0,262.1,42.0,260.19,2.3799999999999955,89.0,68.0,4.921903087218245,157,21.0,6.0,0.13,259.0,2.0
2025-03-03 07:43:22,259.84,25.0,263.83,48.0,257.33,21.0,266.46,52.0,261.84,3.990000000000009,46.0,100.0,3.0483880986466354,146,-54.0,-11.0,-0.37,260.71,7.0
2025-03-03 07:43:23,263.0,16.0,267.67,18.0,259.33,12.0,268.67,36.0,265.33,4.670000000000016,28.0,54.0,2.485584438310384,82,-26.0,-64.0,-0.32,260.71,
2025-03-03 07:43:24,264.0,26.0,266.31,13.0,258.92,13.0,268.0,26.0,265.15,2.3100000000000023,39.0,39.0,2.29183987223602,78,0.0,-4.0,0.0,260.71,
2025-03-03 07:43:25,263.33,18.0,265.23,26.0,257.5,16.0,267.5,16.0,264.28,1.900000000000034,34.0,42.0,2.252258866109941,76,-8.0,-2.0,-0.11,264.0,2.0
2025-03-03 07:43:26,259.45,11.0,263.68,31.0,257.12,32.0,266.33,12.0,261.57,4.230000000000018,43.0,43.0,1.8076587067172405,86,0.0,10.0,0.0,264.0,
2025-03-03 07:43:27,257.0,18.0,262.0,27.0,256.0,9.0,266.0,9.0,259.5,5.0,27.0,36.0,2.541993312337968,63,-9.0,-23.0,-0.14,258.5,4.0
2025-03-03 07:43:29,257.0,23.0,263.0,44.0,246.64,25.0,277.62,32.0,260.0,6.0,48.0,76.0,2.5026386075446,124,-28.0,47.0,-0.23,257.75,4.0
2025-03-03 07:43:30,261.85,66.0,269.0,36.0,255.26,19.0,314.54,13.0,265.42,7.149999999999977,85.0,49.0,2.9370767780180183,134,36.0,10.0,0.27,257.75,
2025-03-03 07:43:31,262.0,134.0,268.27,75.0,259.44,32.0,272.56,43.0,265.13,6.269999999999982,166.0,118.0,3.5354914792673777,284,48.0,150.0,0.17,262.0,6.0
2025-03-03 07:43:32,262.0,40.0,267.88,40.0,260.0,16.0,281.75,8.0,264.94,5.879999999999996,56.0,48.0,3.591214279317174,104,8.0,-174.5,0.08,262.0,
2025-03-03 07:43:33,263.64,55.0,267.0,55.0,261.5,40.0,271.0,11.0,265.32,3.3600000000000136,95.0,66.0,2.3338851728332237,161,29.0,57.0,0.18,262.0,
2025-03-03 07:43:34,265.0,75.0,267.0,75.0,262.0,75.0,271.0,15.0,266.0,2.0,150.0,90.0,0.401272974382943,240,60.0,79.0,0.25,262.0,
2025-03-03 07:43:35,265.0,18.0,266.2,50.0,263.0,10.0,271.0,10.0,265.6,1.1999999999999886,28.0,60.0,0.4155959575959783,88,-32.0,-152.0,-0.36,265.0,4.0
2025-03-03 07:43:36,265.0,12.0,266.0,60.0,262.2,45.0,269.75,16.0,265.5,1.0,57.0,76.0,0.3879690708936476,133,-19.0,45.0,-0.14,265.0,
2025-03-03 07:43:37,262.0,132.0,266.22,46.0,259.0,44.0,267.17,47.0,264.11,4.220000000000027,176.0,93.0,0.7134984232429357,269,83.0,136.0,0.31,265.0,1.0
2025-03-03 07:43:38,262.0,54.0,264.86,28.0,259.04,25.0,267.0,35.0,263.43,2.8600000000000136,79.0,63.0,1.1001227204136448,142,16.0,-127.0,0.11,262.0,6.0
2025-03-03 07:43:39,262.0,78.0,263.54,52.0,260.0,13.0,271.81,21.0,262.77,1.5400000000000205,91.0,73.0,1.2512273973864976,164,18.0,22.0,0.11,262.0,
2025-03-03 07:43:40,262.0,54.0,263.0,36.0,260.0,9.0,269.0,21.0,262.5,1.0,63.0,57.0,1.201944258262762,120,6.0,-44.0,0.05,262.0,
2025-03-03 07:43:41,262.0,42.0,263.0,28.0,260.0,7.0,274.0,7.0,262.5,1.0,49.0,35.0,0.6983337310849779,84,14.0,-36.0,0.17,262.0,
2025-03-03 07:43:42,262.0,38.0,263.0,44.0,260.0,11.0,274.0,11.0,262.5,1.0,49.0,55.0,0.4030508652406148,104,-6.0,20.0,-0.06,262.0,4.0
2025-03-03 07:43:43,261.4,20.0,265.33,36.0,259.23,31.0,431.24,29.0,263.37,3.930000000000007,51.0,65.0,0.3774519836631047,116,-14.0,12.0,-0.12,262.0,2.0
2025-03-03 07:43:44,260.25,8.0,273.0,16.0,259.08,26.0,274.75,8.0,266.62,12.75,34.0,24.0,1.785446722803823,58,10.0,-58.0,0.17,262.0,
2025-03-03 07:43:45,259.53,15.0,272.33,42.0,257.46,26.0,273.86,21.0,265.93,12.800000000000011,41.0,63.0,1.956841843371782,104,-22.0,46.0,-0.21,259.6,5.0
2025-03-03 07:43:46,259.0,7.0,270.19,21.0,257.0,14.0,271.09,22.0,264.6,11.189999999999998,21.0,43.0,1.715526158346331,64,-22.0,-40.0,-0.34,259.6,
2025-03-03 07:43:47,259.0,11.0,267.17,24.0,257.0,22.0,268.19,31.0,263.08,8.170000000000016,33.0,55.0,1.549241750008858,88,-22.0,24.0,-0.25,259.6,
2025-03-03 07:43:48,250.82,77.0,264.59,41.0,244.82,39.0,265.44,39.0,257.7,13.769999999999982,116.0,80.0,3.557693072760924,196,36.0,108.0,0.18,257.67,3.0
2025-03-03 07:43:49,250.28,39.0,262.82,49.0,247.79,164.0,263.9,40.0,256.55,12.539999999999992,203.0,89.0,4.202614662322957,292,114.0,96.0,0.39,257.67,
2025-03-03 07:43:53,247.0,130.0,373.14,28.0,178.05,41.0,423.41,34.0,310.07,126.14,171.0,62.0,26.909568372606277,233,109.0,-28.0,0.47,253.5,6.0
2025-03-03 07:44:00,249.73,33.0,261.08,61.0,217.33,18.0,261.89,36.0,255.4,11.349999999999994,51.0,97.0,13.767816457230095,148,-46.0,65.0,-0.31,253.5,
2025-03-03 07:44:06,254.57,14.0,292.73,11.0,240.37,41.0,404.64,11.0,273.65,38.160000000000025,55.0,22.0,9.58664070464569,77,33.0,6.0,0.43,259.3,10.0
2025-03-03 07:44:07,246.33,21.0,270.29,34.0,200.65,20.0,464.59,17.0,258.31,23.960000000000008,41.0,51.0,9.496371938796909,92,-10.0,15.0,-0.11,256.0,2.0
2025-03-03 07:44:27,250.5,20.0,263.1,50.0,249.32,19.0,282.87,53.0,256.8,12.600000000000025,39.0,103.0,3.787258903213696,142,-64.0,-29.0,-0.45,262.0,3.0
2025-03-03 07:44:35,248.78,18.0,264.37,38.0,226.87,23.0,289.32,19.0,256.57,15.590000000000003,41.0,57.0,2.2066898286733765,98,-16.0,-14.0,-0.16,256.0,4.0
2025-03-03 07:44:44,246.93,45.0,373.89,38.0,237.67,27.0,438.67,33.0,310.41,126.95999999999998,72.0,71.0,24.508452011499383,143,1.0,-1.0,0.01,256.0,
2025-03-03 07:44:45,260.0,15.0,381.71,21.0,246.0,30.0,514.0,18.0,320.86,121.70999999999998,45.0,39.0,32.877253078685946,84,6.0,-59.0,0.07,256.0,
2025-03-03 07:44:46,255.58,19.0,456.0,32.0,244.65,43.0,639.8,30.0,355.79,200.42,62.0,62.0,43.10340914591279,124,0.0,40.0,0.0,260.0,3.0
2025-03-03 07:44:47,246.0,36.0,357.17,24.0,136.5,8.0,568.67,24.0,301.58,111.17000000000002,44.0,48.0,34.99558929350889,92,-4.0,-32.0,-0.04,260.0,
2025-03-03 07:44:48,246.62,32.0,324.0,24.0,239.46,26.0,439.67,9.0,285.31,77.38,58.0,33.0,26.36571542742493,91,25.0,-1.0,0.27,260.0,
2025-03-03 07:44:49,251.0,9.0,284.89,35.0,247.0,45.0,304.7,33.0,267.94,33.889999999999986,54.0,68.0,33.89543376326604,122,-14.0,31.0,-0.11,253.0,4.0
2025-03-03 07:44:50,248.18,33.0,299.98,41.0,247.47,51.0,439.5,40.0,274.08,51.80000000000001,84.0,81.0,35.29762244117808,165,3.0,43.0,0.02,253.0,
2025-03-03 07:44:51,263.69,39.0,323.0,45.0,259.29,21.0,485.11,36.0,293.35,59.31,60.0,81.0,13.725008925314446,141,-21.0,-24.0,-0.15,253.0,
2025-03-03 07:44:52,264.0,54.0,300.2,44.0,260.0,9.0,340.65,34.0,282.1,36.19999999999999,63.0,78.0,9.87133374980111,141,-15.0,0.0,-0.11,253.0,
2025-03-03 07:44:53,264.0,86.0,269.47,75.0,260.0,15.0,309.71,45.0,266.73,5.470000000000027,101.0,120.0,11.059920885791328,221,-19.0,80.0,-0.09,264.0,2.0
2025-03-03 07:44:54,264.0,21.0,268.33,45.0,261.0,18.0,321.73,30.0,266.17,4.329999999999984,39.0,75.0,11.43787261687956,114,-36.0,-107.0,-0.32,264.0,3.0
2025-03-03 07:44:55,260.68,19.0,268.0,55.0,259.08,66.0,270.55,44.0,264.34,7.319999999999993,85.0,99.0,12.708881540086994,184,-14.0,70.0,-0.08,262.0,3.0
2025-03-03 07:44:56,261.73,92.0,267.44,57.0,260.0,13.0,306.2,60.0,264.58,5.70999999999998,105.0,117.0,7.513163780989037,222,-12.0,38.0,-0.05,263.0,5.0
2025-03-03 07:44:57,263.0,40.0,266.27,45.0,260.0,10.0,267.33,45.0,264.63,3.269999999999982,50.0,90.0,1.0828434789785335,140,-40.0,-82.0,-0.29,263.0,
2025-03-03 07:44:58,263.0,36.0,264.19,43.0,260.0,9.0,287.69,29.0,263.59,1.1899999999999975,45.0,72.0,0.9400372332873606,117,-27.0,-23.0,-0.23,263.0,4.0
2025-03-03 07:44:59,264.36,22.0,406.06,31.0,259.09,44.0,531.33,18.0,335.21,141.7,66.0,49.0,31.721351642071635,115,17.0,-2.0,0.15,263.0,2.0
2025-03-03 07:45:02,266.0,12.0,452.67,6.0,260.0,6.0,457.94,16.0,359.33,186.67,18.0,22.0,48.11683406044018,40,-4.0,-84.0,-0.1,263.0,
2025-03-03 07:45:03,266.0,14.0,415.89,19.0,260.0,11.0,438.43,23.0,340.95,149.89,25.0,42.0,21.70712786160182,67,-17.0,27.0,-0.25,266.0,1.0
2025-03-03 07:45:04,266.0,11.0,281.32,31.0,260.0,11.0,381.58,19.0,273.66,15.319999999999991,22.0,50.0,43.82230197057124,72,-28.0,5.0,-0.39,266.0,
2025-03-03 07:45:05,259.1,71.0,279.9,62.0,251.11,79.0,280.67,30.0,269.5,20.799999999999955,150.0,92.0,46.03927964249592,242,58.0,170.0,0.24,260.6,5.0
2025-03-03 07:45:06,259.15,33.0,276.52,61.0,249.75,61.0,277.65,55.0,267.84,17.370000000000005,94.0,116.0,44.24312070819536,210,-22.0,-32.0,-0.1,259.5,2.0
2025-03-03 07:45:07,259.0,14.0,272.69,52.0,258.0,14.0,273.47,34.0,265.85,13.689999999999998,28.0,86.0,32.21051148305394,114,-58.0,-96.0,-0.51,259.5,
2025-03-03 07:45:08,259.69,26.0,267.52,33.0,258.27,11.0,269.33,43.0,263.6,7.829999999999984,37.0,76.0,3.8161891986580754,113,-39.0,-1.0,-0.35,259.5,
2025-03-03 07:45:09,260.68,56.0,264.55,47.0,259.0,11.0,266.51,39.0,262.62,3.870000000000005,67.0,86.0,2.862380128486642,153,-19.0,40.0,-0.12,261.0,4.0
2025-03-03 07:45:10,259.94,17.0,337.07,15.0,258.5,14.0,355.67,42.0,298.5,77.13,31.0,57.0,15.127928476825684,88,-26.0,-65.0,-0.3,260.75,4.0
2025-03-03 07:45:13,264.93,27.0,392.56,36.0,262.25,16.0,422.44,36.0,328.74,127.63,43.0,72.0,59.9728315156116,115,-29.0,40.0,-0.25,260.75,
2025-03-03 07:45:14,264.71,34.0,310.81,31.0,262.06,17.0,315.83,60.0,287.76,46.10000000000002,51.0,91.0,52.81424315466363,142,-40.0,27.0,-0.28,266.0,4.0
2025-03-03 07:45:15,264.0,24.0,307.77,35.0,262.5,32.0,309.46,54.0,285.89,43.76999999999998,56.0,89.0,55.63282016939223,145,-33.0,3.0,-0.23,266.0,
2025-03-03 07:45:16,264.56,18.0,304.4,43.0,263.17,58.0,307.61,61.0,284.48,39.839999999999975,76.0,104.0,47.285770375451655,180,-28.0,35.0,-0.16,265.0,2.0
2025-03-03 07:45:17,263.76,17.0,300.18,45.0,262.97,79.0,301.24,59.0,281.97,36.420000000000016,96.0,104.0,19.66379592042049,200,-8.0,20.0,-0.04,263.33,3.0
2025-03-03 07:45:18,263.0,48.0,297.02,55.0,261.0,12.0,298.0,40.0,280.01,34.01999999999998,60.0,95.0,3.0813422399901,155,-35.0,-45.0,-0.23,263.33,
2025-03-03 07:45:19,262.2,25.0,296.68,38.0,259.5,10.0,298.94,36.0,279.44,34.48000000000002,35.0,74.0,2.79089053886882,109,-39.0,-46.0,-0.36,262.6,5.0
2025-03-03 07:45:20,259.0,7.0,293.59,32.0,258.0,7.0,295.59,17.0,276.3,34.589999999999975,14.0,49.0,3.040846921492068,63,-35.0,-46.0,-0.56,262.6,
2025-03-03 07:45:21,259.0,14.0,291.78,46.0,258.0,14.0,292.85,54.0,275.39,32.77999999999997,28.0,100.0,2.722236213106428,128,-72.0,65.0,-0.56,262.6,
2025-03-03 07:45:22,259.3,30.0,285.89,72.0,256.6,15.0,286.84,70.0,272.59,26.58999999999997,45.0,142.0,3.050463899138672,187,-97.0,59.0,-0.52,262.6,
2025-03-03 07:45:23,259.62,39.0,283.95,58.0,251.75,12.0,284.92,60.0,271.78,24.329999999999984,51.0,118.0,3.069291449170076,169,-67.0,-18.0,-0.4,259.6,5.0
2025-03-03 07:45:24,255.38,16.0,280.77,62.0,227.28,18.0,282.0,61.0,268.07,25.389999999999983,34.0,123.0,3.25622941451439,157,-89.0,-12.0,-0.57,259.6,
2025-03-03 07:45:25,257.06,34.0,277.0,79.0,255.0,17.0,278.54,78.0,267.03,19.94,51.0,157.0,3.418716133279993,208,-106.0,51.0,-0.51,259.6,
2025-03-03 07:45:26,256.0,12.0,273.49,39.0,229.56,9.0,274.71,42.0,264.74,17.49000000000001,21.0,81.0,3.2933675774120874,102,-60.0,-106.0,-0.59,258.0,2.0
2025-03-03 07:45:27,255.53,17.0,267.6,78.0,237.7,20.0,270.0,81.0,261.57,12.070000000000022,37.0,159.0,3.8056366090247775,196,-122.0,94.0,-0.62,265.0,1.0
2025-03-03 07:45:42,257.4,62.0,261.0,64.0,254.43,37.0,271.21,38.0,259.2,3.6000000000000227,99.0,102.0,13.928545150156737,201,-3.0,115.0,-0.01,258.75,8.0
2025-03-03 07:45:43,262.27,144.0,265.0,58.0,260.03,30.0,270.46,37.0,263.64,2.730000000000018,174.0,95.0,13.769100188463714,269,79.0,68.0,0.29,263.0,9.0
2025-03-03 07:45:44,263.0,10.0,264.0,28.0,262.0,14.0,495.22,9.0,263.5,1.0,24.0,37.0,11.836059310427132,61,-13.0,-174.5,-0.21,263.0,3.0
2025-03-03 07:45:45,262.14,7.0,264.0,13.0,261.05,44.0,547.4,5.0,263.07,1.8600000000000136,51.0,18.0,3.376733628811481,69,33.0,8.0,0.48,264.0,1.0
2025-03-03 07:45:46,262.0,6.0,264.0,9.0,261.0,42.0,446.0,6.0,263.0,2.0,48.0,15.0,1.8549177879210068,63,33.0,-6.0,0.52,264.0,
2025-03-03 07:45:47,261.42,24.0,358.54,13.0,260.99,71.0,469.92,13.0,309.98,97.12,95.0,26.0,20.87659981893465,121,69.0,58.0,0.57,264.0,3.0
2025-03-03 07:45:48,262.0,65.0,445.75,12.0,261.0,70.0,618.33,9.0,353.88,183.75,135.0,21.0,40.72461393309869,156,114.0,35.0,0.73,264.0,2.0
2025-03-03 07:45:52,262.38,52.0,281.09,11.0,261.87,30.0,350.0,7.0,271.74,18.70999999999998,82.0,18.0,46.06610000857368,100,64.0,-5.0,0.64,266.0,5.0
2025-03-03 07:45:53,262.0,108.0,280.22,18.0,261.0,9.0,388.44,27.0,271.11,18.220000000000027,117.0,45.0,58.20911466428535,162,72.0,62.0,0.44,266.0,
2025-03-03 07:45:54,263.01,104.0,276.14,21.0,261.91,69.0,366.41,32.0,269.58,13.129999999999995,173.0,53.0,58.13417093242089,226,120.0,64.0,0.53,262.0,3.0
2025-03-03 07:45:55,265.0,35.0,272.29,7.0,262.0,63.0,274.0,14.0,268.64,7.29000000000002,98.0,21.0,43.50093884044277,119,77.0,-107.0,0.65,262.0,
2025-03-03 07:45:56,265.0,40.0,270.6,10.0,262.0,72.0,273.0,14.0,267.8,5.600000000000023,112.0,24.0,1.6485084167060726,136,88.0,17.0,0.65,262.0,
2025-03-03 07:45:57,265.0,49.0,267.67,15.0,264.0,44.0,315.53,15.0,266.33,2.670000000000016,93.0,30.0,1.80365462324449,123,63.0,-13.0,0.51,265.0,2.0
2025-03-03 07:45:58,262.84,57.0,265.88,16.0,261.97,93.0,463.55,31.0,264.36,3.0400000000000205,150.0,47.0,2.050590158942478,197,103.0,74.0,0.52,264.33,9.0
2025-03-03 07:45:59,264.0,30.0,266.5,10.0,262.0,90.0,472.38,24.0,265.25,2.5,120.0,34.0,1.7633575927622005,154,86.0,-43.0,0.56,264.33,
2025-03-03 07:46:03,262.0,84.0,417.0,18.0,261.0,50.0,594.68,22.0,339.5,155.0,134.0,40.0,51.18745139191747,174,94.0,63.0,0.54,262.0,3.0
2025-03-03 07:46:04,261.85,13.0,282.88,8.0,260.65,46.0,338.5,12.0,272.36,21.029999999999973,59.0,20.0,48.240859445079465,79,39.0,-95.0,0.49,261.6,10.0
2025-03-03 07:46:05,264.13,23.0,282.42,12.0,261.08,24.0,372.04,26.0,273.27,18.29000000000002,47.0,38.0,54.86064418141592,85,9.0,6.0,0.11,261.6,
2025-03-03 07:46:06,267.0,18.0,282.57,21.0,262.0,18.0,407.6,15.0,274.79,15.569999999999991,36.0,36.0,50.11686173335213,72,0.0,-13.0,0.0,261.6,
2025-03-03 07:46:07,266.71,17.0,282.0,27.0,261.94,17.0,284.0,9.0,274.35,15.29000000000002,34.0,36.0,29.445256494042383,70,-2.0,-2.0,-0.03,265.33,3.0
2025-03-03 07:46:08,262.0,11.0,281.36,33.0,261.0,11.0,400.26,50.0,271.68,19.360000000000014,22.0,83.0,1.306809090859364,105,-61.0,35.0,-0.58,265.33,
2025-03-03 07:46:09,265.0,49.0,280.08,13.0,262.0,7.0,359.91,33.0,272.54,15.079999999999984,56.0,46.0,1.276922080611285,102,10.0,-3.0,0.1,265.33,
2025-03-03 07:46:10,265.0,70.0,280.77,26.0,262.0,10.0,426.67,36.0,272.88,15.769999999999982,80.0,62.0,1.2930081206058628,142,18.0,40.0,0.13,265.33,
2025-03-03 07:46:11,265.0,60.0,279.92,36.0,262.0,12.0,479.0,21.0,272.46,14.920000000000016,72.0,57.0,0.9804182780594284,129,15.0,-13.0,0.12,265.0,3.0
2025-03-03 07:46:12,265.0,24.0,279.0,18.0,262.0,6.0,482.0,24.0,272.0,14.0,30.0,42.0,0.472567455452978,72,-12.0,-57.0,-0.17,265.0,
2025-03-03 07:46:13,265.0,48.0,277.92,36.0,262.0,12.0,492.08,39.0,271.46,12.920000000000016,60.0,75.0,0.5500181814752539,135,-15.0,63.0,-0.11,265.0,
2025-03-03 07:46:14,265.0,36.0,275.22,27.0,263.96,57.0,560.43,21.0,270.11,10.220000000000027,93.0,48.0,1.0737876884904438,141,45.0,6.0,0.32,265.0,
2025-03-03 07:46:15,265.0,28.0,274.14,21.0,264.0,49.0,568.95,19.0,269.57,9.139999999999986,77.0,40.0,1.2357386454886454,117,37.0,-24.0,0.32,265.0,
2025-03-03 07:46:16,265.0,36.0,272.89,27.0,264.0,63.0,652.62,24.0,268.94,7.889999999999986,99.0,51.0,1.2832497808122303,150,48.0,33.0,0.32,265.0,
2025-03-03 07:46:17,265.0,44.0,271.18,33.0,264.0,77.0,364.8,35.0,268.09,6.180000000000007,121.0,68.0,1.267923499251894,189,53.0,39.0,0.28,265.0,
2025-03-03 07:46:18,265.62,29.0,269.0,42.0,264.51,71.0,320.87,45.0,267.31,3.3799999999999955,100.0,87.0,1.1239128079863172,187,13.0,-2.0,0.07,267.0,1.0
2025-03-03 07:46:19,264.32,37.0,266.55,33.0,263.56,27.0,405.91,33.0,265.43,2.230000000000018,64.0,66.0,1.6086080939608096,130,-2.0,-57.0,-0.02,264.44,9.0
2025-03-03 07:46:20,263.64,22.0,309.77,39.0,261.56,18.0,460.29,51.0,286.7,46.13,40.0,90.0,8.70934153653158,130,-50.0,0.0,-0.38,264.0,2.0
2025-03-03 07:46:21,261.44,18.0,298.52,27.0,260.23,71.0,296.28,36.0,279.98,37.079999999999984,89.0,63.0,9.339960920686613,152,26.0,22.0,0.17,262.0,1.0
2025-03-03 07:46:22,260.48,25.0,265.29,38.0,259.93,95.0,281.88,34.0,262.88,4.810000000000002,120.0,72.0,10.33256744473288,192,48.0,40.0,0.25,260.67,6.0
2025-03-03 07:46:23,259.0,13.0,268.92,13.0,258.0,78.0,270.0,52.0,263.96,9.920000000000016,91.0,65.0,10.845860961673548,156,26.0,-36.0,0.17,260.0,1.0
2025-03-03 07:46:24,259.0,26.0,266.55,11.0,258.0,48.0,269.9,29.0,262.77,7.550000000000011,74.0,40.0,11.291882925356372,114,34.0,-42.0,0.3,260.0,
2025-03-03 07:46:25,259.02,57.0,265.93,15.0,258.13,55.0,269.8,30.0,262.48,6.910000000000025,112.0,45.0,7.604319824938848,157,67.0,43.0,0.43,260.0,1.0
2025-03-03 07:46:26,259.0,77.0,265.07,30.0,257.8,45.0,291.2,20.0,262.03,6.069999999999993,122.0,50.0,0.715073422775752,172,72.0,15.0,0.42,261.0,5.0
2025-03-03 07:46:27,263.53,53.0,273.86,28.0,258.94,31.0,364.38,13.0,268.69,10.33000000000004,84.0,41.0,2.724927521964497,125,43.0,-47.0,0.34,261.0,
2025-03-03 07:46:28,264.62,39.0,276.0,52.0,262.08,65.0,313.52,23.0,270.31,11.379999999999995,104.0,75.0,3.92519808416834,179,29.0,54.0,0.16,264.0,3.0
2025-03-03 07:46:29,267.0,10.0,276.0,40.0,264.44,18.0,306.25,32.0,271.5,9.0,28.0,72.0,4.449535930853641,100,-44.0,-79.0,-0.44,264.0,
2025-03-03 07:46:30,267.0,14.0,276.0,56.0,265.0,14.0,321.0,20.0,271.5,9.0,28.0,76.0,3.959321911635404,104,-48.0,4.0,-0.46,264.0,
2025-03-03 07:46:31,267.0,13.0,276.0,52.0,265.0,13.0,362.71,35.0,271.5,9.0,26.0,87.0,1.2361431955702409,113,-61.0,9.0,-0.54,264.0,
2025-03-03 07:46:32,267.0,14.0,276.64,56.0,265.0,14.0,406.81,37.0,271.82,9.639999999999986,28.0,93.0,0.5846195343589387,121,-65.0,8.0,-0.54,264.0,
2025-03-03 07:46:33,267.0,11.0,276.35,34.0,265.0,11.0,320.0,42.0,271.68,9.350000000000025,22.0,76.0,0.1456021976270254,98,-54.0,-23.0,-0.55,264.0,
2025-03-03 07:46:34,265.5,12.0,270.4,15.0,264.57,7.0,317.43,21.0,267.95,4.899999999999977,19.0,36.0,1.6489996967721074,55,-17.0,-43.0,-0.31,264.8,5.0
2025-03-03 07:46:35,264.0,66.0,271.31,26.0,262.0,11.0,286.34,29.0,267.65,7.310000000000002,77.0,55.0,2.123546561758238,132,22.0,77.0,0.17,264.8,
2025-03-03 07:46:36,264.0,54.0,273.0,29.0,262.0,9.0,283.94,31.0,268.5,9.0,63.0,60.0,2.058992472049314,123,3.0,-9.0,0.02,264.8,
2025-03-03 07:46:37,264.11,56.0,271.51,41.0,263.14,21.0,272.74,47.0,267.81,7.399999999999977,77.0,88.0,1.6864074240693985,165,-11.0,42.0,-0.07,264.8,
2025-03-03 07:46:38,267.0,5.0,271.0,25.0,264.0,30.0,276.0,15.0,269.0,4.0,35.0,40.0,0.5580053762794481,75,-5.0,-90.0,-0.07,264.8,
2025-03-03 07:46:39,267.0,11.0,269.15,53.0,264.0,66.0,270.62,45.0,268.08,2.1499999999999773,77.0,98.0,0.5474212271704006,175,-21.0,100.0,-0.12,264.8,
2025-03-03 07:46:40,264.08,37.0,267.89,45.0,262.86,14.0,278.57,28.0,265.98,3.8100000000000014,51.0,73.0,1.1503825450505274,124,-22.0,-51.0,-0.18,264.75,4.0
2025-03-03 07:46:41,264.0,24.0,266.19,26.0,262.0,8.0,268.03,38.0,265.1,2.1899999999999977,32.0,64.0,1.603489943827938,96,-32.0,-28.0,-0.33,264.75,
2025-03-03 07:46:42,264.06,35.0,266.78,58.0,262.43,14.0,272.79,42.0,265.42,2.7199999999999704,49.0,100.0,1.7255375973758438,149,-51.0,53.0,-0.34,265.0,2.0
2025-03-03 07:46:43,262.36,25.0,266.24,41.0,260.66,62.0,268.42,57.0,264.3,3.879999999999996,87.0,98.0,1.4241067375580283,185,-11.0,36.0,-0.06,262.67,6.0
2025-03-03 07:46:44,261.0,33.0,263.95,19.0,260.0,88.0,265.78,51.0,262.47,2.9499999999999886,121.0,70.0,1.3637375113850865,191,51.0,6.0,0.27,262.67,
2025-03-03 07:46:45,260.17,52.0,261.67,12.0,259.38,64.0,264.43,23.0,260.92,1.5,116.0,35.0,1.9041323483306805,151,81.0,-40.0,0.54,260.38,8.0
2025-03-03 07:46:46,259.55,38.0,262.12,16.0,258.06,51.0,275.91,33.0,260.84,2.569999999999993,89.0,49.0,2.03708124530166,138,40.0,-13.0,0.29,260.2,5.0
2025-03-03 07:46:47,259.0,24.0,260.67,6.0,256.0,24.0,277.0,18.0,259.83,1.670000000000016,48.0,24.0,1.745986826972148,72,24.0,-66.0,0.33,260.2,
2025-03-03 07:46:48,259.0,20.0,267.29,7.0,256.0,20.0,280.92,13.0,263.14,8.29000000000002,40.0,20.0,1.3391601845785144,60,20.0,-12.0,0.33,260.0,1.0
2025-03-03 07:46:49,259.0,20.0,277.0,15.0,256.0,20.0,556.86,14.0,268.0,18.0,40.0,29.0,3.27985975309309,69,11.0,9.0,0.16,260.0,
2025-03-03 07:46:50,259.98,51.0,276.46,35.0,257.91,44.0,393.32,25.0,268.22,16.47999999999996,95.0,60.0,3.934536821527953,155,35.0,86.0,0.23,260.0,
2025-03-03 07:46:51,261.0,46.0,274.0,11.0,259.0,44.0,276.0,44.0,267.5,13.0,90.0,55.0,3.716035521891388,145,35.0,-10.0,0.24,261.0,3.0
2025-03-03 07:46:52,261.0,10.0,274.0,5.0,259.0,20.0,276.0,20.0,267.5,13.0,30.0,25.0,2.1098625547551157,55,5.0,-90.0,0.09,261.0,
2025-03-03 07:46:53,261.0,16.0,273.08,26.0,259.0,32.0,275.43,14.0,267.04,12.079999999999984,48.0,40.0,0.4648870830184359,88,8.0,33.0,0.09,261.0,
2025-03-03 07:46:54,263.35,23.0,272.28,25.0,259.35,34.0,272.6,25.0,267.81,8.92999999999995,57.0,50.0,0.43621095808956,107,7.0,19.0,0.07,261.0,
2025-03-03 07:46:55,267.0,12.0,269.46,13.0,261.0,8.0,271.57,7.0,268.23,2.4599999999999795,20.0,20.0,0.4396930747207716,40,0.0,-67.0,0.0,261.0,
2025-03-03 07:46:56,267.0,27.0,268.0,36.0,263.5,12.0,271.33,9.0,267.5,1.0,39.0,45.0,0.4396930747207716,84,-6.0,44.0,-0.07,261.0,
2025-03-03 07:46:57,267.94,88.0,271.82,11.0,263.22,9.0,339.2,10.0,269.88,3.879999999999996,97.0,21.0,1.0900321095991388,118,76.0,34.0,0.64,267.0,3.0
2025-03-03 07:46:58,268.0,98.0,274.0,7.0,263.0,7.0,362.0,14.0,271.0,6.0,105.0,21.0,1.497174004568866,126,84.0,8.0,0.67,267.0,
2025-03-03 07:46:59,268.0,140.0,274.0,10.0,263.0,25.0,362.0,20.0,271.0,6.0,165.0,30.0,1.601162077978506,195,135.0,69.0,0.69,267.0,
2025-03-03 07:47:00,268.0,150.0,273.04,27.0,264.29,56.0,316.13,15.0,270.52,5.0400000000000205,206.0,42.0,1.4605478424057934,248,164.0,53.0,0.66,268.0,7.0
2025-03-03 07:47:01,268.0,78.0,270.09,32.0,265.0,48.0,272.47,19.0,269.05,2.089999999999975,126.0,51.0,0.8316850365108539,177,75.0,-71.0,0.42,268.0,2.0
2025-03-03 07:47:02,265.65,55.0,269.0,70.0,263.43,56.0,271.0,14.0,267.33,3.3500000000000227,111.0,84.0,1.5858593884567278,195,27.0,18.0,0.14,267.5,6.0
2025-03-03 07:47:03,264.64,33.0,268.56,18.0,262.76,50.0,269.1,42.0,266.6,3.920000000000016,83.0,60.0,1.9243050693579649,143,23.0,-52.0,0.16,265.0,3.0
2025-03-03 07:47:04,263.0,58.0,266.32,22.0,262.0,168.0,268.45,60.0,264.66,3.319999999999993,226.0,82.0,2.2550099777955097,308,144.0,165.0,0.47,265.0,
2025-03-03 07:47:05,262.06,125.0,264.72,18.0,261.41,59.0,269.7,46.0,263.39,2.660000000000025,184.0,64.0,2.2263714874112788,248,120.0,-60.0,0.48,262.8,5.0
2025-03-03 07:47:06,262.0,176.0,265.0,36.0,261.0,32.0,274.34,68.0,263.5,3.0,208.0,104.0,1.795864694223443,312,104.0,64.0,0.33,262.8,
2025-03-03 07:47:07,262.1,124.0,269.67,54.0,261.37,38.0,304.68,31.0,265.88,7.569999999999993,162.0,85.0,1.4233692423114837,247,77.0,-65.0,0.31,262.0,4.0
2025-03-03 07:47:08,264.21,33.0,274.22,45.0,262.1,39.0,336.44,27.0,269.22,10.010000000000048,72.0,72.0,2.3977072381669684,144,0.0,-103.0,0.0,263.0,5.0
2025-03-03 07:47:09,268.0,24.0,274.0,60.0,263.23,13.0,410.8,25.0,271.0,6.0,37.0,85.0,3.4152920812074066,122,-48.0,-22.0,-0.39,263.0,
2025-03-03 07:47:10,265.33,12.0,274.0,30.0,262.13,60.0,571.0,30.0,269.67,8.670000000000016,72.0,60.0,3.078762738497036,132,12.0,10.0,0.09,268.0,2.0
2025-03-03 07:47:11,264.0,6.0,274.0,15.0,262.0,42.0,591.33,15.0,269.0,10.0,48.0,30.0,1.8855450140363963,78,18.0,-54.0,0.23,268.0,
2025-03-03 07:47:12,262.0,84.0,274.0,35.0,261.0,7.0,375.48,31.0,268.0,12.0,91.0,66.0,1.0934898261792048,157,25.0,79.0,0.16,263.0,4.0
2025-03-03 07:47:13,262.0,181.0,271.29,70.0,261.0,14.0,272.43,70.0,266.64,9.29000000000002,195.0,140.0,1.652519288830684,335,55.0,173.5,0.16,263.0,
2025-03-03 07:47:14,262.0,169.0,266.56,59.0,261.0,13.0,268.39,56.0,264.28,4.560000000000002,182.0,115.0,2.1398177492388517,297,67.0,-38.0,0.23,263.0,
2025-03-03 07:47:15,262.0,75.0,267.55,22.0,261.0,8.0,317.5,40.0,264.77,5.550000000000011,83.0,62.0,2.026923777540158,145,21.0,-152.0,0.14,262.0,7.0
2025-03-03 07:47:16,262.0,60.0,266.65,34.0,261.0,10.0,331.7,50.0,264.32,4.649999999999977,70.0,84.0,1.6516113344118537,154,-14.0,9.0,-0.09,262.0,
2025-03-03 07:47:17,262.0,24.0,270.67,18.0,261.0,4.0,485.75,20.0,266.33,8.670000000000016,28.0,38.0,1.132815077564616,66,-10.0,-88.0,-0.15,264.0,3.0
2025-03-03 07:47:18,262.0,36.0,272.0,30.0,261.0,6.0,428.34,29.0,267.0,10.0,42.0,59.0,1.247457414085839,101,-17.0,35.0,-0.17,264.0,
2025-03-03 07:47:19,262.0,9.0,272.0,45.0,261.0,9.0,418.0,45.0,267.0,10.0,18.0,90.0,1.2626282112948717,108,-72.0,7.0,-0.67,264.0,
2025-03-03 07:47:20,259.0,72.0,266.22,45.0,258.0,9.0,343.56,45.0,262.61,7.220000000000027,81.0,90.0,1.931442466126717,171,-9.0,63.0,-0.05,260.4,5.0
2025-03-03 07:47:21,259.82,49.0,275.0,45.0,258.9,39.0,383.54,39.0,267.41,15.180000000000009,88.0,84.0,1.972599807350104,172,4.0,1.0,0.02,260.6,5.0
2025-03-03 07:47:22,259.0,75.0,275.0,75.0,257.07,72.0,434.39,72.0,267.0,16.0,147.0,147.0,2.016935794703854,294,0.0,122.0,0.0,259.0,5.0
2025-03-03 07:47:23,259.0,26.0,274.45,33.0,257.0,78.0,310.6,50.0,266.73,15.449999999999989,104.0,83.0,1.9937778211118908,187,21.0,-107.0,0.11,259.0,
2025-03-03 07:47:24,257.5,84.0,270.22,49.0,256.07,43.0,272.94,17.0,263.86,12.720000000000027,127.0,66.0,2.1476894561266664,193,61.0,6.0,0.32,259.0,
2025-03-03 07:47:25,258.0,68.0,271.09,11.0,256.36,66.0,274.0,22.0,264.55,13.089999999999977,134.0,33.0,1.5939416551297254,167,101.0,-26.0,0.6,258.0,1.0
2025-03-03 07:47:26,258.93,90.0,268.95,20.0,255.73,30.0,273.0,25.0,263.94,10.019999999999982,120.0,45.0,1.5317734819344868,165,75.0,-2.0,0.45,258.0,
2025-03-03 07:47:27,259.0,84.0,265.96,26.0,256.0,14.0,268.0,16.0,262.48,6.95999999999998,98.0,42.0,1.5493772942565274,140,56.0,-25.0,0.4,258.0,
2025-03-03 07:47:28,259.0,52.0,264.83,29.0,256.0,12.0,299.48,21.0,261.91,5.829999999999984,64.0,50.0,1.1043867076154212,114,14.0,-26.0,0.12,259.62,8.0
2025-03-03 07:47:29,259.0,12.0,269.44,45.0,256.0,12.0,310.0,60.0,264.22,10.439999999999998,24.0,105.0,1.156611429978813,129,-81.0,15.0,-0.63,259.62,
2025-03-03 07:47:30,261.76,100.0,266.71,34.0,261.79,156.0,268.47,85.0,264.23,4.949999999999989,256.0,119.0,1.0850944659142037,375,137.0,173.5,0.37,259.62,
2025-03-03 07:47:31,263.2,45.0,265.08,24.0,262.06,192.0,270.5,60.0,264.14,1.8799999999999957,237.0,84.0,1.1152712674312155,321,153.0,-54.0,0.48,264.0,3.0
2025-03-03 07:47:32,262.49,78.0,269.0,49.0,261.94,248.0,363.18,55.0,265.74,6.509999999999991,326.0,104.0,1.3697700536796835,430,222.0,109.0,0.52,264.0,2.0
2025-03-03 07:47:33,263.0,20.0,270.36,14.0,262.0,200.0,298.1,50.0,266.68,7.360000000000014,220.0,64.0,1.1522673300747923,284,156.0,-146.0,0.55,264.0,
2025-03-03 07:47:34,262.05,168.0,270.0,12.0,261.43,112.0,274.0,60.0,266.02,7.949999999999989,280.0,72.0,1.1277943074682122,352,208.0,68.0,0.59,263.0,2.0
2025-03-03 07:47:35,262.0,160.0,269.38,8.0,260.0,32.0,274.0,40.0,265.69,7.3799999999999955,192.0,48.0,0.9337451472204464,240,144.0,-112.0,0.6,263.0,
2025-03-03 07:47:36,262.0,202.0,268.67,12.0,260.0,48.0,276.5,60.0,265.33,6.670000000000016,250.0,72.0,0.5042519211244723,322,178.0,82.0,0.55,262.0,6.0
2025-03-03 07:47:37,262.0,112.0,268.0,10.0,260.0,40.0,275.0,50.0,265.0,6.0,152.0,60.0,0.6480972148973714,212,92.0,-110.0,0.43,262.0,4.0
2025-03-03 07:47:38,266.37,79.0,268.0,14.0,261.98,107.0,275.0,70.0,267.18,1.6299999999999957,186.0,84.0,0.8390649557440195,270,102.0,58.0,0.38,267.0,1.0
2025-03-03 07:47:39,267.0,30.0,268.0,6.0,264.0,6.0,275.0,30.0,267.5,1.0,36.0,36.0,1.1279849289585742,72,0.0,-174.5,0.0,267.0,
2025-03-03 07:47:40,267.0,34.0,268.0,8.0,264.0,8.0,275.0,40.0,267.5,1.0,42.0,48.0,1.2330125708838626,90,-6.0,18.0,-0.07,267.0,3.0
2025-03-03 07:47:41,267.0,24.0,268.0,12.0,263.05,21.0,275.0,60.0,267.5,1.0,45.0,72.0,1.0910911969022388,117,-27.0,27.0,-0.23,267.0,
2025-03-03 07:47:42,263.43,56.0,268.0,13.0,261.94,85.0,320.45,58.0,265.71,4.569999999999993,141.0,71.0,0.7771872361005148,212,70.0,95.0,0.33,264.5,4.0
2025-03-03 07:47:43,262.55,44.0,268.0,10.0,261.92,52.0,275.0,50.0,265.27,5.449999999999989,96.0,60.0,1.1118588039663977,156,36.0,-56.0,0.23,264.5,
2025-03-03 07:47:44,264.0,52.0,273.38,26.0,262.0,80.0,281.95,41.0,268.69,9.379999999999995,132.0,67.0,1.4134461432815812,199,65.0,43.0,0.33,264.5,
2025-03-03 07:47:45,264.0,114.0,273.0,43.0,262.0,112.0,277.81,58.0,268.5,9.0,226.0,101.0,1.575065078007119,327,125.0,128.0,0.38,264.0,7.0
2025-03-03 07:47:46,264.0,33.0,270.52,31.0,262.0,88.0,271.93,86.0,267.26,6.519999999999982,121.0,117.0,1.5647459857617696,238,4.0,-89.0,0.02,264.0,
2025-03-03 07:47:47,265.14,21.0,268.06,69.0,263.2,60.0,269.28,36.0,266.6,2.920000000000016,81.0,105.0,1.4122783011706803,186,-24.0,-52.0,-0.13,264.0,
2025-03-03 07:47:48,264.43,23.0,267.27,55.0,262.48,63.0,269.0,22.0,265.85,2.839999999999975,86.0,77.0,1.2180106731706075,163,9.0,-23.0,0.06,266.0,1.0
2025-03-03 07:47:49,264.0,42.0,266.9,61.0,261.41,39.0,268.19,37.0,265.45,2.8999999999999773,81.0,98.0,1.2086645522880208,179,-17.0,16.0,-0.09,266.0,
2025-03-03 07:47:50,264.0,27.0,265.56,18.0,261.0,18.0,267.0,45.0,264.78,1.5600000000000025,45.0,63.0,0.969572070533001,108,-18.0,-71.0,-0.17,266.0,
2025-03-03 07:47:51,264.0,20.0,266.43,35.0,261.0,20.0,269.25,40.0,265.21,2.430000000000007,40.0,75.0,0.6904853365261795,115,-35.0,7.0,-0.3,264.0,2.0
2025-03-03 07:47:52,264.0,7.0,267.0,35.0,261.0,12.0,273.0,21.0,265.5,3.0,19.0,56.0,0.3958156135850076,75,-37.0,-40.0,-0.49,264.0,
2025-03-03 07:47:53,260.0,29.0,267.0,35.0,259.0,14.0,273.0,21.0,263.5,7.0,43.0,56.0,0.8264804897622974,99,-13.0,24.0,-0.13,262.5,2.0
2025-03-03 07:47:54,260.0,75.0,266.87,75.0,259.0,30.0,273.0,45.0,263.43,6.8700000000000045,105.0,120.0,0.965158018128518,225,-15.0,126.0,-0.07,262.5,
2025-03-03 07:47:55,261.5,20.0,266.0,60.0,259.93,54.0,271.0,36.0,263.75,4.5,74.0,96.0,0.9956254315543602,170,-22.0,-55.0,-0.13,262.5,
2025-03-03 07:47:56,260.11,57.0,265.54,65.0,259.31,32.0,271.69,39.0,262.82,5.430000000000007,89.0,104.0,1.0099257398234285,193,-15.0,23.0,-0.08,263.0,1.0
2025-03-03 07:47:57,260.0,44.0,263.0,50.0,259.0,20.0,270.62,34.0,261.5,3.0,64.0,84.0,0.9055109054882108,148,-20.0,-45.0,-0.14,260.0,1.0
2025-03-03 07:47:58,259.89,18.0,261.2,25.0,258.5,16.0,263.57,23.0,260.54,1.3100000000000025,34.0,48.0,1.3536136819485036,82,-14.0,-66.0,-0.17,260.0,4.0
2025-03-03 07:47:59,259.0,10.0,261.65,23.0,258.0,56.0,267.33,27.0,260.33,2.6499999999999773,66.0,50.0,1.4731496868812426,116,16.0,34.0,0.14,261.0,1.0
2025-03-03 07:48:02,258.0,20.0,265.35,34.0,257.0,30.0,487.07,30.0,261.68,7.350000000000023,50.0,64.0,1.3119717984616075,114,-14.0,-56.0,-0.12,258.0,5.0
2025-03-03 07:48:03,257.56,9.0,268.0,27.0,256.11,27.0,533.84,37.0,262.78,10.439999999999998,36.0,64.0,1.8332893934015215,100,-28.0,-14.0,-0.28,257.33,3.0
2025-03-03 07:48:04,259.41,49.0,267.64,33.0,254.53,72.0,314.94,16.0,263.52,8.229999999999961,121.0,49.0,2.291859507028845,170,72.0,70.0,0.42,257.33,
2025-03-03 07:48:05,260.87,55.0,267.65,46.0,257.73,60.0,284.36,22.0,264.26,6.779999999999973,115.0,68.0,2.2510708562722934,183,47.0,13.0,0.26,264.0,7.0
2025-03-03 07:48:06,267.0,26.0,268.0,39.0,264.0,26.0,536.98,53.0,267.5,1.0,52.0,92.0,2.20257122471858,144,-40.0,-39.0,-0.28,264.0,
2025-03-03 07:48:07,267.0,20.0,268.0,30.0,264.0,20.0,440.0,44.0,267.5,1.0,40.0,74.0,2.241856373623925,114,-34.0,-30.0,-0.3,264.0,
2025-03-03 07:48:08,267.0,18.0,268.0,27.0,264.0,18.0,371.11,18.0,267.5,1.0,36.0,45.0,1.9945124717479457,81,-9.0,-33.0,-0.11,264.0,
2025-03-03 07:48:09,262.19,32.0,268.0,27.0,259.09,22.0,418.0,18.0,265.09,5.810000000000002,54.0,45.0,1.574896822003927,99,9.0,18.0,0.09,265.5,4.0
2025-03-03 07:48:10,260.0,70.0,268.0,30.0,255.0,36.0,418.0,20.0,264.0,8.0,106.0,50.0,1.6637668105711487,156,56.0,57.0,0.36,265.5,
2025-03-03 07:48:11,260.42,33.0,268.0,36.0,256.91,55.0,375.13,30.0,264.21,7.579999999999984,88.0,66.0,1.7287423173967562,154,22.0,-2.0,0.14,260.0,4.0
2025-03-03 07:48:12,261.67,24.0,267.32,41.0,260.0,36.0,307.08,36.0,264.49,5.649999999999977,60.0,77.0,1.4252613795225415,137,-17.0,-17.0,-0.12,260.0,
2025-03-03 07:48:13,262.0,22.0,266.0,52.0,260.0,39.0,268.0,39.0,264.0,4.0,61.0,91.0,0.4559276257901681,152,-30.0,15.0,-0.2,262.0,1.0
2025-03-03 07:48:14,262.0,15.0,265.13,60.0,258.73,41.0,270.2,45.0,263.57,3.1299999999999955,56.0,105.0,0.3370904922401566,161,-49.0,9.0,-0.3,262.0,
2025-03-03 07:48:15,257.79,19.0,262.68,47.0,255.79,28.0,268.87,45.0,260.24,4.889999999999986,47.0,92.0,1.7443250843689528,139,-45.0,-22.0,-0.32,260.0,3.0
2025-03-03 07:48:30,248.63,38.0,278.54,24.0,246.56,54.0,448.74,19.0,263.59,29.910000000000025,92.0,43.0,4.917928425664571,135,49.0,70.0,0.36,254.25,8.0
2025-03-03 07:48:31,252.0,30.0,420.0,35.0,248.29,42.0,579.0,35.0,336.0,168.0,72.0,70.0,36.420408015286704,142,2.0,7.0,0.01,252.0,2.0
2025-03-03 07:48:32,252.57,28.0,340.59,34.0,250.88,64.0,529.3,50.0,296.58,88.01999999999998,92.0,84.0,36.02919205311103,176,8.0,34.0,0.05,252.0,
2025-03-03 07:48:33,256.0,6.0,271.18,22.0,252.0,36.0,428.18,22.0,263.59,15.180000000000009,42.0,44.0,34.18940289036881,86,-2.0,-90.0,-0.02,252.0,
2025-03-03 07:48:34,258.14,71.0,266.0,44.0,256.28,76.0,285.0,33.0,262.07,7.860000000000014,147.0,77.0,32.309625965027195,224,70.0,138.0,0.31,252.0,
