DateTime,Bid1_Price,Bid1_Volume,Ask1_Price,Ask1_Volume,Bid2_Price,Bid2_Volume,Ask2_Price,Ask2_Volume,Mid-Price,Bid_Ask_Spread,Market_Depth_Bid,Market_Depth_Ask,Historical_Volatility,Total_volume,Cumulative_Volume_Difference,Total_Volume_Change_Corrected,Order_imbalance,Weighted_Avg_Price,Trade_Volume
2025-03-24 07:30:02,165.0,2.0,446.67,6.0,0.0,0.0,800.0,2.0,305.83,281.67,2.0,8.0,,10,-6.0,8.0,-0.6,,
2025-03-24 07:30:03,165.0,4.0,247.8,10.0,0.0,0.0,271.71,14.0,206.4,82.80000000000001,4.0,24.0,,28,-20.0,18.0,-0.71,,
2025-03-24 07:30:04,165.0,4.0,238.0,10.0,159.0,4.0,384.0,14.0,201.5,73.0,8.0,24.0,148.87603594937636,32,-16.0,4.0,-0.5,,
2025-03-24 07:30:05,162.0,4.0,230.0,8.0,86.57,14.0,702.0,16.0,196.0,68.0,18.0,24.0,89.54421299000845,42,-6.0,10.0,-0.14,165.0,1.0
2025-03-24 07:30:06,126.0,18.0,229.67,6.0,0.0,0.0,718.67,12.0,177.83,103.67,18.0,18.0,50.54047160444785,36,0.0,-6.0,0.0,159.0,1.0
2025-03-24 07:30:07,126.14,14.0,154.0,7.0,69.0,12.0,194.8,5.0,140.07,27.86,26.0,12.0,27.015161483877957,38,14.0,2.0,0.37,159.0,
2025-03-24 07:30:08,135.0,12.0,151.0,14.0,15.14,37.0,161.92,13.0,143.0,16.0,49.0,27.0,28.89745577036157,76,22.0,38.0,0.29,159.0,
2025-03-24 07:30:09,143.0,5.0,153.0,9.0,142.0,30.0,158.45,11.0,148.0,10.0,35.0,20.0,24.694694774384303,55,15.0,-21.0,0.27,155.33,6.0
2025-03-24 07:30:10,152.5,8.0,158.33,6.0,150.2,10.0,162.0,6.0,155.42,5.8300000000000125,18.0,12.0,15.120166335064042,30,6.0,-25.0,0.2,155.33,
2025-03-24 07:30:11,153.0,2.0,157.0,2.0,152.0,4.0,159.0,2.0,155.0,4.0,6.0,4.0,6.919127112577412,10,2.0,-20.0,0.2,155.33,
2025-03-24 07:30:12,154.2,10.0,156.5,10.0,151.6,15.0,159.2,10.0,155.35,2.300000000000012,25.0,20.0,5.630992807667552,45,5.0,35.0,0.11,155.0,1.0
2025-03-24 07:30:13,155.52,27.0,159.0,15.0,153.5,22.0,160.4,15.0,157.26,3.4799999999999898,49.0,30.0,3.579606123584489,79,19.0,34.0,0.24,155.0,
2025-03-24 07:30:14,157.0,11.0,160.16,19.0,155.3,23.0,200.67,15.0,158.58,3.1599999999999966,34.0,34.0,1.5398441479589695,68,0.0,-11.0,0.0,158.75,4.0
2025-03-24 07:30:15,159.14,29.0,166.22,36.0,159.1,21.0,283.0,45.0,162.68,7.0800000000000125,50.0,81.0,3.1045740448575843,131,-31.0,63.0,-0.24,158.75,
2025-03-24 07:30:16,161.21,47.0,164.17,41.0,159.49,39.0,202.25,64.0,162.69,2.9599999999999795,86.0,105.0,3.2862699219636986,191,-19.0,60.0,-0.1,162.0,4.0
2025-03-24 07:30:17,161.55,33.0,163.0,22.0,159.93,28.0,165.0,44.0,162.27,1.4499999999999886,61.0,66.0,2.582310980498528,127,-5.0,-64.0,-0.04,162.0,
2025-03-24 07:30:18,161.8,30.0,164.65,34.0,160.43,28.0,329.81,31.0,163.22,2.8499999999999943,58.0,65.0,1.8797260438700207,123,-7.0,-4.0,-0.06,163.0,2.0
2025-03-24 07:30:19,162.19,37.0,165.0,48.0,159.4,25.0,358.64,22.0,163.59,2.8100000000000023,62.0,70.0,0.5165752607348241,132,-8.0,9.0,-0.06,163.0,4.0
2025-03-24 07:30:20,163.0,12.0,165.0,24.0,161.0,18.0,231.12,8.0,164.0,2.0,30.0,32.0,0.6904563708180542,62,-2.0,-70.0,-0.03,163.0,
2025-03-24 07:30:21,163.0,22.0,164.95,38.0,161.0,33.0,191.86,43.0,163.97,1.9499999999999889,55.0,81.0,0.7123552484562878,136,-26.0,74.0,-0.19,163.0,
2025-03-24 07:30:22,163.0,32.0,164.0,16.0,156.61,80.0,165.69,64.0,163.5,1.0,112.0,80.0,0.3300454514202736,192,32.0,56.0,0.17,163.0,
2025-03-24 07:30:23,161.91,22.0,165.88,34.0,160.88,68.0,191.6,40.0,163.9,3.969999999999999,90.0,74.0,0.2305862094818539,164,16.0,-28.0,0.1,162.0,4.0
2025-03-24 07:30:24,161.0,42.0,166.0,28.0,159.0,14.0,190.0,21.0,163.5,5.0,56.0,49.0,0.2527449307171359,105,7.0,-59.0,0.07,162.0,
2025-03-24 07:30:25,162.5,48.0,166.0,32.0,160.8,40.0,190.0,24.0,164.25,3.5,88.0,56.0,0.3234656086869332,144,32.0,39.0,0.22,162.0,
2025-03-24 07:30:26,163.06,64.0,165.07,54.0,161.18,66.0,167.67,43.0,164.07,2.009999999999991,130.0,97.0,0.3375351833560553,227,33.0,83.0,0.15,162.0,
2025-03-24 07:30:27,163.16,74.0,166.29,45.0,161.5,72.0,175.71,41.0,164.73,3.1299999999999955,146.0,86.0,0.4527140377801254,232,60.0,5.0,0.26,164.0,4.0
2025-03-24 07:30:28,163.0,106.0,165.14,14.0,161.0,84.0,167.0,56.0,164.07,2.1399999999999864,190.0,70.0,0.4411122306207147,260,120.0,28.0,0.46,163.0,3.0
2025-03-24 07:30:29,163.0,24.0,165.14,14.0,161.16,50.0,167.74,43.0,164.07,2.1399999999999864,74.0,57.0,0.2858671019952746,131,17.0,-129.0,0.13,163.0,4.0
2025-03-24 07:30:30,163.0,14.0,168.0,56.0,162.0,33.0,244.82,44.0,165.5,5.0,47.0,100.0,0.63381385280156,147,-53.0,16.0,-0.36,163.0,
2025-03-24 07:30:31,162.63,19.0,167.16,43.0,161.93,90.0,236.3,46.0,164.9,4.530000000000001,109.0,89.0,0.6050041322198934,198,20.0,51.0,0.1,163.0,1.0
2025-03-24 07:30:32,162.77,60.0,165.93,42.0,161.65,34.0,168.0,43.0,164.35,3.1599999999999966,94.0,85.0,0.6168225028346112,179,9.0,-19.0,0.05,163.0,3.0
2025-03-24 07:30:33,162.18,22.0,167.0,44.0,161.07,58.0,172.0,11.0,164.59,4.819999999999993,80.0,55.0,0.5499727265993686,135,25.0,-44.0,0.19,163.0,
2025-03-24 07:30:34,161.1,20.0,167.0,16.0,160.0,12.0,172.0,4.0,164.05,5.900000000000006,32.0,20.0,0.555580777208085,52,12.0,-83.0,0.23,162.0,2.0
2025-03-24 07:30:35,161.0,48.0,167.43,35.0,159.0,22.0,182.64,11.0,164.21,6.430000000000007,70.0,46.0,0.3336165463570093,116,24.0,64.0,0.21,161.0,2.0
2025-03-24 07:30:36,161.0,46.0,166.56,34.0,159.0,28.0,175.79,14.0,163.78,5.560000000000002,74.0,48.0,0.3055814130525941,122,26.0,6.0,0.21,161.0,1.0
2025-03-24 07:30:37,161.0,27.0,166.0,45.0,159.0,18.0,167.89,9.0,163.5,5.0,45.0,54.0,0.4152469145017931,99,-9.0,-23.0,-0.09,161.0,
2025-03-24 07:30:38,161.0,36.0,166.18,44.0,159.0,24.0,169.33,12.0,163.59,5.180000000000007,60.0,56.0,0.3007158126924847,116,4.0,17.0,0.03,166.0,5.0
2025-03-24 07:30:39,161.0,27.0,168.0,9.0,159.0,18.0,170.67,9.0,164.5,7.0,45.0,18.0,0.4258286040219493,63,27.0,-53.0,0.43,166.0,
2025-03-24 07:30:40,162.0,36.0,166.36,22.0,160.2,45.0,169.28,18.0,164.18,4.360000000000014,81.0,40.0,0.4208325082539167,121,41.0,58.0,0.34,163.0,5.0
2025-03-24 07:30:41,162.91,23.0,165.71,41.0,160.61,41.0,167.65,17.0,164.31,2.800000000000012,64.0,58.0,0.4459035770245194,122,6.0,1.0,0.05,165.0,1.0
2025-03-24 07:30:42,161.0,33.0,162.22,23.0,158.56,18.0,163.17,53.0,161.61,1.2199999999999989,51.0,76.0,1.183583541624049,127,-25.0,5.0,-0.2,162.0,2.0
2025-03-24 07:30:43,160.0,20.0,162.76,25.0,155.0,15.0,164.75,20.0,161.38,2.759999999999991,35.0,45.0,1.559079856839742,80,-10.0,-47.0,-0.12,161.83,6.0
2025-03-24 07:30:44,158.84,73.0,161.0,20.0,153.27,11.0,163.0,30.0,159.92,2.1599999999999966,84.0,50.0,1.9078390917484769,134,34.0,54.0,0.25,155.5,2.0
2025-03-24 07:30:45,159.0,130.0,172.11,36.0,154.0,13.0,189.03,29.0,165.56,13.110000000000014,143.0,65.0,2.309053918816877,208,78.0,74.0,0.38,163.43,7.0
2025-03-24 07:30:46,163.85,136.0,181.0,52.0,158.4,67.0,441.14,21.0,172.43,17.150000000000006,203.0,73.0,5.063580748838042,276,130.0,68.0,0.47,163.43,
2025-03-24 07:30:59,165.0,30.0,244.67,18.0,162.0,20.0,422.0,18.0,204.83,79.66999999999999,50.0,36.0,15.368174257210926,86,14.0,-61.0,0.16,163.43,
2025-03-24 07:31:00,165.0,38.0,369.81,21.0,161.16,76.0,556.1,21.0,267.4,204.81,114.0,42.0,40.54250522599703,156,72.0,70.0,0.46,165.0,2.0
2025-03-24 07:31:01,165.0,33.0,225.53,15.0,163.0,61.0,343.18,22.0,195.27,60.53,94.0,37.0,37.43270455096713,131,57.0,-25.0,0.44,165.0,
2025-03-24 07:31:02,165.0,19.0,166.91,23.0,163.0,54.0,167.7,20.0,165.96,1.9099999999999968,73.0,43.0,38.286807519039705,116,30.0,-15.0,0.26,165.0,1.0
2025-03-24 07:31:03,165.0,9.0,166.75,20.0,163.0,48.0,167.67,18.0,165.88,1.75,57.0,38.0,41.56702623474521,95,19.0,-21.0,0.2,165.0,1.0
2025-03-24 07:31:04,165.0,8.0,167.5,16.0,163.0,48.0,412.5,16.0,166.25,2.5,56.0,32.0,43.92930650488348,88,24.0,-7.0,0.27,167.4,5.0
2025-03-24 07:31:05,165.0,5.0,169.0,10.0,163.0,30.0,452.6,15.0,167.0,4.0,35.0,25.0,12.97560672955236,60,10.0,-28.0,0.17,167.4,
2025-03-24 07:31:06,165.0,12.0,167.83,24.0,163.0,72.0,305.82,28.0,166.42,2.8300000000000125,84.0,52.0,0.4469004363458075,136,32.0,76.0,0.24,166.0,2.0
2025-03-24 07:31:07,165.0,9.0,171.33,18.0,163.0,54.0,428.27,22.0,168.17,6.3300000000000125,63.0,40.0,0.893661009558963,103,23.0,-33.0,0.22,166.0,
2025-03-24 07:31:08,164.83,36.0,172.0,28.0,161.64,94.0,254.0,28.0,168.42,7.169999999999988,130.0,56.0,0.995826290075625,186,74.0,83.0,0.4,164.56,9.0
2025-03-24 07:31:09,161.08,131.0,172.0,28.0,160.59,88.0,230.65,34.0,166.54,10.919999999999987,219.0,62.0,0.9290855719500614,281,157.0,95.0,0.56,163.0,1.0
2025-03-24 07:31:10,161.37,114.0,172.0,24.0,160.67,72.0,208.78,36.0,166.68,10.629999999999995,186.0,60.0,0.9660641800655873,246,126.0,-35.0,0.51,161.0,4.0
2025-03-24 07:31:11,163.09,33.0,172.0,18.0,161.58,72.0,221.48,42.0,167.55,8.909999999999997,105.0,60.0,0.8496881781016524,165,45.0,-81.0,0.27,161.0,
2025-03-24 07:31:12,165.0,14.0,172.0,14.0,162.0,49.0,232.47,19.0,168.5,7.0,63.0,33.0,0.9267793696482916,96,30.0,-69.0,0.31,161.0,
2025-03-24 07:31:13,165.0,12.0,172.0,12.0,162.0,50.0,390.5,26.0,168.5,7.0,62.0,38.0,0.9462980503021696,100,24.0,4.0,0.24,161.0,
2025-03-24 07:31:14,165.0,18.0,172.0,18.0,162.0,99.0,196.6,15.0,168.5,7.0,117.0,33.0,0.8185841435097216,150,84.0,50.0,0.56,161.0,
2025-03-24 07:31:15,165.0,18.0,170.2,20.0,162.0,83.0,183.67,18.0,167.6,5.199999999999989,101.0,38.0,0.5069516742308768,139,63.0,-11.0,0.45,161.0,
2025-03-24 07:31:16,162.6,60.0,165.17,36.0,161.56,81.0,168.55,29.0,163.88,2.569999999999993,141.0,65.0,2.003766453458523,206,76.0,67.0,0.37,165.0,2.0
2025-03-24 07:31:17,162.0,96.0,164.0,36.0,161.0,72.0,165.08,36.0,163.0,2.0,168.0,72.0,2.651241218751346,240,96.0,34.0,0.4,165.0,
2025-03-24 07:31:18,162.0,104.0,163.62,42.0,161.0,78.0,165.24,37.0,162.81,1.6200000000000043,182.0,79.0,2.689594765016936,261,103.0,21.0,0.39,163.62,8.0
2025-03-24 07:31:19,162.4,60.0,165.0,18.0,161.39,59.0,171.44,18.0,163.7,2.5999999999999943,119.0,36.0,1.9547685284981489,155,83.0,-106.0,0.54,163.62,
2025-03-24 07:31:20,164.0,27.0,165.0,18.0,162.0,63.0,172.0,18.0,164.5,1.0,90.0,36.0,0.6855800463891946,126,54.0,-29.0,0.43,164.0,1.0
2025-03-24 07:31:21,163.35,31.0,165.0,18.0,161.8,61.0,172.0,18.0,164.18,1.6500000000000057,92.0,36.0,0.7302876145786641,128,56.0,2.0,0.44,163.2,5.0
2025-03-24 07:31:22,162.0,31.0,165.0,16.0,161.0,48.0,362.59,34.0,163.5,3.0,79.0,50.0,0.6510145927757415,129,29.0,1.0,0.22,162.0,2.0
2025-03-24 07:31:23,161.08,39.0,165.0,20.0,160.26,23.0,274.86,14.0,163.04,3.919999999999988,62.0,34.0,0.5724334022460205,96,28.0,-33.0,0.29,161.6,5.0
2025-03-24 07:31:24,161.85,132.0,165.0,26.0,160.07,27.0,172.0,13.0,163.42,3.1500000000000057,159.0,39.0,0.5959194576509219,198,120.0,102.0,0.61,161.6,
2025-03-24 07:31:25,162.0,140.0,164.08,13.0,160.5,32.0,166.24,17.0,163.04,2.0800000000000125,172.0,30.0,0.46677617763446,202,142.0,4.0,0.7,161.6,
2025-03-24 07:31:26,162.0,195.0,167.14,28.0,161.0,60.0,207.35,17.0,164.57,5.139999999999986,255.0,45.0,0.6272001275565967,300,210.0,98.0,0.7,165.33,3.0
2025-03-24 07:31:27,162.0,89.0,170.88,17.0,161.0,32.0,186.05,21.0,166.44,8.879999999999995,121.0,38.0,1.449662029580298,159,83.0,-141.0,0.52,162.0,5.0
2025-03-24 07:31:28,162.0,120.0,168.71,55.0,161.0,60.0,333.59,39.0,165.35,6.710000000000008,180.0,94.0,1.3936032433970402,274,86.0,115.0,0.31,169.0,2.0
2025-03-24 07:31:29,162.0,80.0,166.2,20.0,161.0,40.0,169.0,10.0,164.1,4.199999999999989,120.0,30.0,1.282828905196132,150,90.0,-124.0,0.6,169.0,
2025-03-24 07:31:30,162.0,96.0,166.0,24.0,161.0,48.0,167.64,22.0,164.0,4.0,144.0,46.0,1.016449703628592,190,98.0,40.0,0.52,169.0,
2025-03-24 07:31:31,162.2,40.0,164.75,24.0,161.8,80.0,167.42,36.0,163.47,2.550000000000012,120.0,60.0,1.205101655465925,180,60.0,-10.0,0.33,169.0,
2025-03-24 07:31:32,162.0,76.0,167.41,34.0,161.0,48.0,169.88,16.0,164.71,5.409999999999997,124.0,50.0,0.7221703400215294,174,74.0,-6.0,0.43,162.0,2.0
2025-03-24 07:31:33,162.0,42.0,168.0,45.0,161.0,28.0,169.86,7.0,165.0,6.0,70.0,52.0,0.6056649238703128,122,18.0,-52.0,0.15,162.0,
2025-03-24 07:31:34,162.0,36.0,168.0,42.0,161.0,24.0,169.0,6.0,165.0,6.0,60.0,48.0,0.6772222678019278,108,12.0,-14.0,0.11,162.0,
2025-03-24 07:31:35,164.05,82.0,168.0,84.0,162.0,72.0,169.0,12.0,166.02,3.9499999999999886,154.0,96.0,0.91342761070962,250,58.0,142.0,0.23,165.0,1.0
2025-03-24 07:31:41,162.86,42.0,167.67,36.0,162.0,60.0,168.4,20.0,165.26,4.809999999999974,102.0,56.0,0.9763708311937992,158,46.0,37.0,0.29,165.0,11.0
2025-03-24 07:31:42,162.0,66.0,166.75,60.0,161.0,44.0,169.07,15.0,164.38,4.75,110.0,75.0,1.5005065811272529,185,35.0,27.0,0.19,165.0,
2025-03-24 07:31:43,162.0,72.0,164.79,42.0,161.0,48.0,167.03,32.0,163.39,2.789999999999992,120.0,74.0,1.8512104148384612,194,46.0,9.0,0.24,162.0,3.0
2025-03-24 07:31:44,162.0,39.0,167.29,31.0,161.0,52.0,417.04,25.0,164.65,5.289999999999992,91.0,56.0,1.5337959447092386,147,35.0,-47.0,0.24,166.0,3.0
2025-03-24 07:31:45,164.8,10.0,170.0,8.0,161.6,20.0,556.0,24.0,167.4,5.199999999999989,30.0,32.0,1.4937637028682031,62,-2.0,-85.0,-0.03,166.0,
2025-03-24 07:31:50,163.42,19.0,169.75,16.0,161.12,51.0,171.89,53.0,166.59,6.3300000000000125,70.0,69.0,1.2310442721550414,139,1.0,78.0,0.01,163.17,6.0
2025-03-24 07:31:51,160.4,60.0,171.0,12.0,159.86,84.0,172.0,60.0,165.7,10.599999999999994,144.0,72.0,1.5894244241252438,216,72.0,77.0,0.33,163.17,
2025-03-24 07:31:52,160.0,135.0,168.87,15.0,159.0,45.0,170.4,15.0,164.43,8.870000000000005,180.0,30.0,1.798908002096276,210,150.0,-6.0,0.71,163.17,
2025-03-24 07:31:53,161.4,80.0,166.87,15.0,160.17,101.0,169.13,15.0,164.13,5.469999999999999,181.0,30.0,1.6023357950211734,211,151.0,1.0,0.72,160.67,3.0
2025-03-24 07:31:54,163.0,84.0,166.0,67.0,161.0,96.0,169.93,27.0,164.5,3.0,180.0,94.0,1.039879800749197,274,86.0,63.0,0.31,160.67,
2025-03-24 07:31:55,163.0,37.0,166.0,42.0,161.0,56.0,170.0,42.0,164.5,3.0,93.0,84.0,0.6054502456901052,177,9.0,-97.0,0.05,163.0,4.0
2025-03-24 07:31:56,163.0,27.0,166.0,52.0,161.29,56.0,170.0,54.0,164.5,3.0,83.0,106.0,0.1605303709776557,189,-23.0,12.0,-0.12,166.0,2.0
2025-03-24 07:31:57,163.0,11.0,166.0,28.0,162.0,28.0,170.0,42.0,164.5,3.0,39.0,70.0,0.1654690303537917,109,-31.0,-80.0,-0.28,163.0,2.0
2025-03-24 07:31:58,163.0,10.0,166.0,40.0,162.0,40.0,170.0,60.0,164.5,3.0,50.0,100.0,0.0,150,-50.0,41.0,-0.33,163.0,
2025-03-24 07:31:59,163.0,13.0,164.69,52.0,162.0,52.0,166.86,56.0,163.85,1.6899999999999975,65.0,108.0,0.2906888370856831,173,-43.0,23.0,-0.25,163.0,
2025-03-24 07:32:00,162.18,34.0,164.65,52.0,161.3,80.0,167.03,60.0,163.42,2.469999999999999,114.0,112.0,0.4975741150886293,226,2.0,53.0,0.01,163.0,1.0
2025-03-24 07:32:01,162.08,52.0,164.08,66.0,159.58,166.0,165.51,71.0,163.08,2.0,218.0,137.0,0.6365532185184727,355,81.0,129.0,0.23,163.0,1.0
2025-03-24 07:32:02,160.08,75.0,163.56,36.0,158.8,120.0,164.57,56.0,161.82,3.4799999999999898,195.0,92.0,0.9987392052013568,287,103.0,-68.0,0.36,162.0,1.0
2025-03-24 07:32:03,159.14,63.0,166.06,68.0,158.69,93.0,167.53,77.0,162.6,6.920000000000016,156.0,145.0,0.7821636657415428,301,11.0,14.0,0.04,162.75,4.0
2025-03-24 07:32:04,161.88,80.0,167.95,55.0,159.53,34.0,168.76,17.0,164.91,6.069999999999993,114.0,72.0,1.1451550113439806,186,42.0,-115.0,0.23,168.0,5.0
2025-03-24 07:32:05,162.85,156.0,166.54,39.0,161.0,37.0,168.0,52.0,164.69,3.6899999999999977,193.0,91.0,1.339869396622754,284,102.0,98.0,0.36,168.0,
2025-03-24 07:32:06,163.0,204.0,164.94,51.0,161.0,153.0,167.2,80.0,163.97,1.9399999999999975,357.0,131.0,1.3425237428091237,488,226.0,168.0,0.46,168.0,
2025-03-24 07:32:07,163.0,105.0,165.71,42.0,161.0,99.0,167.03,35.0,164.36,2.710000000000008,204.0,77.0,0.9135808667032131,281,127.0,-168.0,0.45,163.0,3.0
2025-03-24 07:32:08,163.0,117.0,165.87,46.0,161.0,117.0,167.43,42.0,164.43,2.8700000000000045,234.0,88.0,0.3555559027862885,322,146.0,41.0,0.45,163.0,
2025-03-24 07:32:09,163.0,79.0,164.88,32.0,161.0,81.0,166.59,34.0,163.94,1.8799999999999957,160.0,66.0,0.3196404229852342,226,94.0,-96.0,0.42,163.0,2.0
2025-03-24 07:32:10,163.0,70.0,164.5,40.0,161.0,82.0,166.74,35.0,163.75,1.5,152.0,75.0,0.2919760264237204,227,77.0,1.0,0.34,163.0,4.0
2025-03-24 07:32:11,163.0,21.0,167.0,28.0,161.0,7.0,168.0,21.0,165.0,4.0,28.0,49.0,0.4854173462147656,77,-21.0,-150.0,-0.27,163.0,
2025-03-24 07:32:12,163.0,15.0,167.0,20.0,161.0,25.0,168.0,15.0,165.0,4.0,40.0,35.0,0.5814034743671492,75,5.0,-2.0,0.07,163.0,
2025-03-24 07:32:13,161.0,25.0,167.0,20.0,160.0,5.0,168.0,15.0,164.0,6.0,30.0,35.0,0.6113264267199521,65,-5.0,-10.0,-0.08,162.5,4.0
2025-03-24 07:32:14,161.0,45.0,167.0,36.0,160.0,9.0,168.0,27.0,164.0,6.0,54.0,63.0,0.6020797289447517,117,-9.0,52.0,-0.08,162.5,
2025-03-24 07:32:15,161.0,41.0,167.0,36.0,160.0,9.0,168.0,27.0,164.0,6.0,50.0,63.0,0.5477225575108154,113,-13.0,-4.0,-0.12,161.0,2.0
2025-03-24 07:32:16,160.56,27.0,167.0,40.0,158.88,16.0,168.0,30.0,163.78,6.439999999999998,43.0,70.0,0.48133148661412,113,-27.0,0.0,-0.24,160.0,7.0
2025-03-24 07:32:17,157.2,20.0,167.0,44.0,93.39,99.0,168.0,33.0,162.1,9.800000000000011,119.0,77.0,0.8305901516428448,196,42.0,83.0,0.21,158.0,5.0
2025-03-24 07:32:18,113.73,26.0,167.0,20.0,97.43,63.0,168.0,15.0,140.37,53.27,89.0,35.0,10.361259575939853,124,54.0,-72.0,0.44,158.0,
2025-03-24 07:32:20,125.09,33.0,151.0,13.0,109.61,49.0,159.79,43.0,138.05,25.91,82.0,56.0,14.105305030377874,138,26.0,-74.0,0.19,158.0,
2025-03-24 07:32:21,149.71,21.0,152.45,11.0,148.0,21.0,157.48,21.0,151.08,2.7399999999999807,42.0,32.0,11.360965187870391,74,10.0,-64.0,0.14,152.0,2.0
2025-03-24 07:32:22,151.0,33.0,153.0,22.0,120.91,55.0,156.13,31.0,152.0,2.0,88.0,53.0,7.993511743908463,141,35.0,67.0,0.25,152.0,
2025-03-24 07:32:23,151.0,21.0,155.37,19.0,140.89,95.0,157.82,11.0,153.18,4.3700000000000045,116.0,30.0,8.888871131926882,146,86.0,5.0,0.59,153.0,2.0
2025-03-24 07:32:24,151.0,33.0,156.0,33.0,139.51,39.0,160.0,11.0,153.5,5.0,72.0,44.0,6.507151450519942,116,28.0,-30.0,0.24,153.0,
2025-03-24 07:32:25,152.49,47.0,158.0,12.0,139.83,23.0,160.94,32.0,155.24,5.509999999999991,70.0,44.0,1.5800632898730584,114,26.0,-2.0,0.23,156.0,3.0
2025-03-24 07:32:26,153.23,180.0,159.0,29.0,152.92,226.0,160.21,38.0,156.12,5.77000000000001,406.0,67.0,1.6548474249925955,473,339.0,168.0,0.72,156.0,
2025-03-24 07:32:27,153.52,243.0,156.78,23.0,151.34,174.0,157.7,40.0,155.15,3.259999999999991,417.0,63.0,1.2491677229278324,480,354.0,7.0,0.74,155.25,4.0
2025-03-24 07:32:28,154.08,292.0,156.79,28.0,133.11,19.0,158.25,28.0,155.43,2.7099999999999795,311.0,56.0,0.9657484144458982,367,255.0,-113.0,0.69,154.0,1.0
2025-03-24 07:32:29,153.92,175.0,157.89,27.0,95.79,19.0,159.16,25.0,155.9,3.969999999999999,194.0,52.0,0.423166633851028,246,142.0,-121.0,0.58,157.0,3.0
2025-03-24 07:32:30,129.92,218.0,159.0,42.0,127.48,145.0,160.0,14.0,144.46,29.080000000000013,363.0,56.0,5.018831537320667,419,307.0,168.0,0.73,157.0,
2025-03-24 07:32:31,132.59,199.0,154.78,23.0,130.95,175.0,159.57,42.0,143.69,22.19,374.0,65.0,6.265734593804955,439,309.0,20.0,0.7,157.0,5.0
2025-03-24 07:32:32,147.88,236.0,158.88,16.0,147.3,114.0,166.65,46.0,153.38,11.0,350.0,62.0,6.012301555977049,412,288.0,-27.0,0.7,157.0,
2025-03-24 07:32:33,151.06,108.0,157.0,28.0,149.73,98.0,291.0,12.0,154.03,5.939999999999998,206.0,40.0,5.756663095926667,246,166.0,-166.0,0.67,157.0,2.0
2025-03-24 07:32:34,152.44,206.0,164.51,45.0,151.71,226.0,365.77,30.0,158.48,12.069999999999991,432.0,75.0,6.457923040730977,507,357.0,168.0,0.7,157.0,3.0
2025-03-24 07:32:35,154.07,60.0,165.0,48.0,152.53,196.0,286.48,23.0,159.53,10.930000000000009,256.0,71.0,6.268458343165767,327,185.0,-168.0,0.57,161.0,1.0
2025-03-24 07:32:36,154.0,205.0,160.63,38.0,152.0,345.0,164.33,30.0,157.32,6.629999999999996,550.0,68.0,2.7201783029803157,618,482.0,168.0,0.78,161.0,
2025-03-24 07:32:37,154.0,136.0,155.6,40.0,152.0,230.0,156.43,28.0,154.8,1.5999999999999943,366.0,68.0,2.356558932003374,434,298.0,-168.0,0.69,154.0,2.0
2025-03-24 07:32:38,155.48,109.0,232.88,33.0,152.29,229.0,270.87,30.0,194.18,77.4,338.0,63.0,16.48355908170339,401,275.0,-33.0,0.69,156.2,10.0
2025-03-24 07:32:44,165.0,24.0,448.0,8.0,162.0,92.0,629.0,8.0,306.5,283.0,116.0,16.0,41.45952218730964,132,100.0,15.0,0.76,156.2,
2025-03-24 07:32:45,165.0,54.0,351.44,18.0,162.0,207.0,527.0,18.0,258.22,186.44,261.0,36.0,38.96291082555334,297,225.0,165.0,0.76,156.2,
2025-03-24 07:32:46,165.0,19.0,305.0,18.0,162.0,207.0,490.11,18.0,235.0,140.0,226.0,36.0,38.55313709673989,262,190.0,-35.0,0.73,165.0,5.0
2025-03-24 07:32:47,162.06,150.0,259.0,20.0,161.32,216.0,330.0,20.0,210.53,96.94,366.0,40.0,41.73765961335183,406,326.0,144.0,0.8,163.0,3.0
2025-03-24 07:32:48,161.0,168.0,266.25,16.0,159.0,112.0,350.88,16.0,213.62,105.25,280.0,32.0,39.46406061215723,312,248.0,-94.0,0.79,163.0,
2025-03-24 07:32:49,161.06,178.0,423.44,18.0,159.32,133.0,596.0,18.0,292.25,262.38,311.0,36.0,34.0327317446017,347,275.0,35.0,0.79,163.0,
2025-03-24 07:32:50,162.6,94.0,351.91,22.0,161.08,183.0,481.0,20.0,257.25,189.31000000000003,277.0,42.0,33.91918999622514,319,235.0,-28.0,0.74,162.0,2.0
2025-03-24 07:32:57,162.46,26.0,292.58,38.0,161.05,126.0,292.9,40.0,227.52,130.11999999999998,152.0,78.0,41.9511304972825,230,74.0,102.0,0.32,163.2,5.0
2025-03-24 07:32:58,164.22,18.0,288.2,15.0,162.73,22.0,289.23,13.0,226.21,123.98,40.0,28.0,19.38026238212534,68,12.0,-162.0,0.18,163.2,
2025-03-24 07:32:59,165.0,16.0,271.63,35.0,162.25,32.0,279.98,45.0,218.31,106.63,48.0,80.0,5.877843992487404,128,-32.0,60.0,-0.25,163.2,
2025-03-24 07:33:00,165.0,13.0,176.35,34.0,162.0,27.0,176.83,23.0,170.68,11.349999999999994,40.0,57.0,25.08268586096828,97,-17.0,-31.0,-0.18,163.2,
2025-03-24 07:33:01,163.09,11.0,172.4,47.0,161.12,96.0,174.18,11.0,167.75,9.310000000000002,107.0,58.0,30.238102288338386,165,49.0,68.0,0.3,163.0,3.0
2025-03-24 07:33:02,162.14,14.0,169.18,28.0,161.01,145.0,170.03,35.0,165.66,7.0400000000000205,159.0,63.0,29.88726434453332,222,96.0,57.0,0.43,163.0,
2025-03-24 07:33:03,164.17,36.0,167.15,20.0,161.29,153.0,246.32,25.0,165.66,2.980000000000018,189.0,45.0,22.84370525987433,234,144.0,12.0,0.62,166.67,3.0
2025-03-24 07:33:04,165.0,201.0,166.94,32.0,162.0,119.0,337.47,19.0,165.97,1.9399999999999975,320.0,51.0,2.159474473108767,371,269.0,137.0,0.73,165.0,1.0
2025-03-24 07:33:05,165.0,75.0,167.0,14.0,162.0,49.0,504.36,11.0,166.0,2.0,124.0,25.0,0.8772513892882657,149,99.0,-168.0,0.66,165.0,1.0
2025-03-24 07:33:06,165.0,70.0,167.0,14.0,162.0,49.0,527.57,14.0,166.0,2.0,119.0,28.0,0.1811629101337035,147,91.0,-2.0,0.62,165.0,
2025-03-24 07:33:07,165.0,90.0,240.53,15.0,162.0,70.0,539.33,15.0,202.77,75.53,160.0,30.0,16.486034999356587,190,130.0,43.0,0.68,165.0,2.0
2025-03-24 07:33:11,162.0,62.0,344.29,14.0,161.0,54.0,634.0,13.0,253.14,182.29,116.0,27.0,87.22627969826554,143,89.0,31.0,0.62,162.0,1.0
2025-03-24 07:33:12,162.0,20.0,271.25,8.0,161.0,24.0,600.0,4.0,216.62,109.25,44.0,12.0,82.99357216074057,56,32.0,-87.0,0.57,162.0,2.0
2025-03-24 07:33:13,161.77,26.0,263.5,8.0,160.81,37.0,354.4,10.0,212.63,101.73,63.0,18.0,95.0502531295948,81,45.0,25.0,0.56,162.0,4.0
2025-03-24 07:33:14,161.0,24.0,234.0,4.0,160.0,28.0,293.0,8.0,197.5,73.0,52.0,12.0,86.97034621064834,64,40.0,-17.0,0.62,162.0,
2025-03-24 07:33:15,161.0,56.0,233.33,9.0,160.0,63.0,263.5,12.0,197.17,72.33000000000001,119.0,21.0,22.837529857671225,140,98.0,76.0,0.7,162.0,
2025-03-24 07:33:16,161.0,52.0,211.0,15.0,160.0,77.0,231.76,17.0,186.0,50.0,129.0,32.0,12.513182249133171,161,97.0,21.0,0.6,161.0,3.0
2025-03-24 07:33:17,160.0,92.0,191.71,17.0,159.0,144.0,225.0,32.0,175.85,31.710000000000008,236.0,49.0,13.808093641050508,285,187.0,124.0,0.66,160.5,6.0
2025-03-24 07:33:18,160.0,54.0,189.67,27.0,159.0,108.0,191.0,9.0,174.83,29.669999999999987,162.0,36.0,11.005064743108855,198,126.0,-87.0,0.64,160.5,
2025-03-24 07:33:19,160.0,72.0,187.92,36.0,159.0,134.0,191.0,12.0,173.96,27.919999999999987,206.0,48.0,9.988026331564026,254,158.0,56.0,0.62,160.5,
2025-03-24 07:33:20,160.0,72.0,185.39,18.0,158.78,64.0,186.5,30.0,172.69,25.389999999999983,136.0,48.0,5.3453559282816006,184,88.0,-70.0,0.48,160.5,
2025-03-24 07:33:21,160.55,65.0,181.25,16.0,158.61,59.0,186.0,48.0,170.9,20.69999999999999,124.0,64.0,1.9243518389355443,188,60.0,4.0,0.32,162.0,6.0
2025-03-24 07:33:22,159.25,48.0,178.77,13.0,156.38,68.0,186.0,39.0,169.01,19.52000000000001,116.0,52.0,2.35001489357289,168,64.0,-20.0,0.38,159.33,3.0
2025-03-24 07:33:23,164.22,18.0,174.81,16.0,158.22,108.0,184.62,24.0,169.52,10.590000000000003,126.0,40.0,2.0943328293311505,166,86.0,-2.0,0.52,159.33,
2025-03-24 07:33:27,164.93,15.0,167.71,35.0,162.55,22.0,172.66,53.0,166.32,2.780000000000001,37.0,88.0,1.4272175727666336,125,-51.0,26.0,-0.41,166.0,1.0
2025-03-24 07:33:28,160.8,30.0,236.4,55.0,158.07,162.0,365.72,65.0,198.6,75.6,192.0,120.0,13.712499042844614,312,72.0,168.0,0.23,164.0,2.0
2025-03-24 07:33:29,160.0,20.0,242.44,34.0,158.0,130.0,390.45,31.0,201.22,82.44,150.0,65.0,17.77726019385482,215,85.0,-97.0,0.4,164.0,
2025-03-24 07:33:30,158.57,56.0,241.0,36.0,148.97,124.0,242.0,48.0,199.79,82.43,180.0,84.0,18.081564644687564,264,96.0,49.0,0.36,158.8,5.0
2025-03-24 07:33:31,159.67,36.0,239.48,29.0,158.0,90.0,240.41,34.0,199.57,79.81,126.0,63.0,14.99974833122262,189,63.0,-75.0,0.33,158.8,
2025-03-24 07:33:32,162.0,32.0,236.94,31.0,158.0,80.0,239.16,25.0,199.47,74.94,112.0,56.0,0.9478660242967776,168,56.0,-21.0,0.33,158.8,
2025-03-24 07:33:33,161.47,30.0,208.54,35.0,153.96,90.0,215.44,41.0,185.0,47.06999999999999,120.0,76.0,6.750885127153027,196,44.0,28.0,0.22,161.2,5.0
2025-03-24 07:33:35,165.0,22.0,182.29,31.0,162.43,79.0,185.05,41.0,173.65,17.289999999999992,101.0,72.0,12.300686159723584,173,29.0,-144.0,0.17,161.2,
2025-03-24 07:33:36,163.06,63.0,165.29,14.0,158.5,70.0,166.76,34.0,164.17,2.2299999999999898,133.0,48.0,13.292429424300712,181,85.0,8.0,0.47,165.0,2.0
2025-03-24 07:33:37,163.0,90.0,164.0,9.0,161.39,59.0,165.0,18.0,163.5,1.0,149.0,27.0,9.002469105751771,176,122.0,-5.0,0.69,165.0,
2025-03-24 07:33:38,163.0,103.0,164.71,17.0,162.0,77.0,180.53,34.0,163.85,1.710000000000008,180.0,51.0,6.249935999673513,231,129.0,55.0,0.56,163.0,1.0
2025-03-24 07:33:39,162.45,51.0,164.13,15.0,160.31,85.0,205.96,26.0,163.29,1.6800000000000068,136.0,41.0,4.46132491531549,177,95.0,-54.0,0.54,163.0,9.0
2025-03-24 07:33:40,162.0,63.0,229.0,27.0,158.0,69.0,323.44,45.0,195.5,67.0,132.0,72.0,14.224242334831576,204,60.0,27.0,0.29,164.0,2.0
2025-03-24 07:33:41,162.0,84.0,241.83,36.0,158.0,186.0,366.33,46.0,201.92,79.83000000000001,270.0,82.0,19.39407306369694,352,188.0,148.0,0.53,164.0,
2025-03-24 07:33:42,162.0,70.0,212.93,44.0,158.0,270.0,330.95,22.0,187.47,50.93000000000001,340.0,66.0,17.94184856696811,406,274.0,54.0,0.67,164.0,
2025-03-24 07:33:43,162.0,130.0,188.52,46.0,158.0,270.0,199.69,26.0,175.26,26.52000000000001,400.0,72.0,15.559099266988936,472,328.0,66.0,0.69,162.0,4.0
2025-03-24 07:33:44,162.0,88.0,186.3,30.0,158.0,216.0,187.44,34.0,174.15,24.30000000000001,304.0,64.0,12.226297477160278,368,240.0,-104.0,0.65,162.0,4.0
2025-03-24 07:33:45,162.0,70.0,183.8,30.0,158.0,270.0,185.71,42.0,172.9,21.80000000000001,340.0,72.0,12.40976832982855,412,268.0,44.0,0.65,162.0,5.0
2025-03-24 07:33:46,162.54,56.0,185.0,33.0,158.44,243.0,186.0,55.0,173.77,22.460000000000008,299.0,88.0,6.074401205058471,387,211.0,-25.0,0.55,162.0,1.0
2025-03-24 07:33:47,164.0,65.0,184.12,43.0,162.0,103.0,185.8,61.0,174.06,20.120000000000005,168.0,104.0,0.8474491135259182,272,64.0,-115.0,0.24,162.0,
2025-03-24 07:33:48,162.83,96.0,182.32,76.0,161.88,64.0,183.15,52.0,172.57,19.48999999999998,160.0,128.0,0.7129866759034839,288,32.0,16.0,0.11,164.0,5.0
2025-03-24 07:33:49,163.91,67.0,178.26,43.0,161.85,33.0,180.17,29.0,171.08,14.349999999999994,100.0,72.0,1.1748319028762797,172,28.0,-116.0,0.16,164.0,
2025-03-24 07:34:07,162.49,41.0,242.0,11.0,162.36,11.0,708.23,31.0,202.24,79.50999999999999,52.0,42.0,38.50573463784342,94,10.0,60.0,0.11,163.5,4.0
2025-03-24 07:34:08,162.0,51.0,181.77,13.0,161.0,8.0,280.0,8.0,171.88,19.77000000000001,59.0,21.0,30.349745962693184,80,38.0,-14.0,0.47,163.5,
2025-03-24 07:34:09,162.0,112.0,194.09,23.0,161.0,16.0,485.29,21.0,178.04,32.09,128.0,44.0,15.786726069708356,172,84.0,92.0,0.49,163.5,
2025-03-24 07:34:10,162.12,32.0,187.94,35.0,161.58,24.0,285.86,35.0,175.03,25.819999999999997,56.0,70.0,15.576675511803174,126,-14.0,-46.0,-0.11,162.4,5.0
2025-03-24 07:34:11,163.33,45.0,169.29,17.0,161.78,23.0,170.22,46.0,166.31,5.95999999999998,68.0,63.0,13.856953128303765,131,5.0,5.0,0.04,162.4,
2025-03-24 07:34:12,164.0,30.0,167.5,6.0,162.0,18.0,170.0,24.0,165.75,3.5,48.0,30.0,5.3695316369313,78,18.0,-53.0,0.23,162.4,
2025-03-24 07:34:13,162.26,19.0,166.0,9.0,160.15,61.0,170.0,36.0,164.13,3.740000000000009,80.0,45.0,6.244367061600868,125,35.0,47.0,0.28,163.25,8.0
2025-03-24 07:34:14,161.0,11.0,164.76,17.0,160.0,121.0,169.74,38.0,162.88,3.759999999999991,132.0,55.0,4.78457939635296,187,77.0,62.0,0.41,163.25,
2025-03-24 07:34:15,161.0,11.0,163.62,32.0,160.0,121.0,163.61,23.0,162.31,2.6200000000000045,132.0,55.0,1.74249246770384,187,77.0,0.0,0.41,163.25,
2025-03-24 07:34:16,160.27,15.0,162.5,8.0,159.92,48.0,168.76,17.0,161.38,2.2299999999999898,63.0,25.0,1.6980724366187594,88,38.0,-99.0,0.43,161.0,1.0
2025-03-24 07:34:17,160.0,36.0,161.81,21.0,159.0,20.0,195.67,9.0,160.9,1.8100000000000025,56.0,30.0,1.2737542934193211,86,26.0,-2.0,0.3,160.38,8.0
2025-03-24 07:34:18,159.62,48.0,177.04,24.0,158.2,30.0,564.17,12.0,168.33,17.419999999999987,78.0,36.0,2.99189739128941,114,42.0,28.0,0.37,159.9,10.0
2025-03-24 07:34:22,162.15,81.0,253.33,18.0,161.88,51.0,258.03,33.0,207.74,91.18,132.0,51.0,19.82737425883745,183,81.0,-69.0,0.44,164.5,4.0
2025-03-24 07:34:23,162.06,107.0,221.63,19.0,161.83,47.0,257.65,23.0,191.84,59.56999999999999,154.0,42.0,9.513361656113522,196,112.0,13.0,0.57,164.5,
2025-03-24 07:34:24,164.0,7.0,212.24,21.0,162.0,91.0,219.55,11.0,188.12,48.24000000000001,98.0,32.0,12.250474276533554,130,66.0,-66.0,0.51,164.5,
2025-03-24 07:34:25,164.0,10.0,208.27,26.0,161.91,100.0,208.68,34.0,186.13,44.27000000000001,110.0,60.0,12.20532793496388,170,50.0,40.0,0.29,164.5,
2025-03-24 07:34:26,160.51,47.0,205.0,60.0,158.79,38.0,207.0,12.0,182.76,44.49000000000001,85.0,72.0,9.751108654917587,157,13.0,-13.0,0.08,161.8,5.0
2025-03-24 07:34:27,161.36,22.0,177.33,43.0,159.73,22.0,199.83,29.0,169.34,15.97,44.0,72.0,8.642552863593451,116,-28.0,-41.0,-0.24,161.6,5.0
2025-03-24 07:34:28,162.0,20.0,166.5,50.0,161.0,20.0,207.0,10.0,164.25,4.5,40.0,60.0,10.667180977184486,100,-20.0,-16.0,-0.2,166.0,2.0
2025-03-24 07:34:29,162.0,18.0,165.86,21.0,161.0,14.0,207.0,7.0,163.93,3.8600000000000136,32.0,28.0,10.481887711667492,60,4.0,-40.0,0.07,166.0,
2025-03-24 07:34:30,162.0,48.0,165.0,36.0,161.0,24.0,207.0,12.0,163.5,3.0,72.0,48.0,8.180356349206642,120,24.0,60.0,0.2,166.0,
2025-03-24 07:34:31,160.33,12.0,165.0,24.0,159.67,24.0,207.0,8.0,162.67,4.669999999999988,36.0,32.0,2.64001325754341,68,4.0,-52.0,0.06,161.25,8.0
2025-03-24 07:34:32,158.42,19.0,163.71,17.0,144.88,34.0,179.55,11.0,161.06,5.2900000000000205,53.0,28.0,1.2763502654070706,81,25.0,13.0,0.31,159.5,4.0
2025-03-24 07:34:33,158.0,42.0,161.7,30.0,141.62,74.0,162.31,26.0,159.85,3.6999999999999886,116.0,56.0,1.712153614604875,172,60.0,91.0,0.35,159.5,
2025-03-24 07:34:34,136.0,12.0,159.25,12.0,68.0,29.0,161.92,25.0,147.62,23.25,41.0,37.0,6.48404580489711,78,4.0,-94.0,0.05,158.0,3.0
2025-03-24 07:34:35,121.0,15.0,235.73,22.0,65.71,56.0,255.5,32.0,178.36,114.73,71.0,54.0,10.958447426529204,125,17.0,47.0,0.14,158.0,1.0
2025-03-24 07:34:36,149.31,26.0,264.43,14.0,126.2,10.0,277.75,24.0,206.87,115.12,36.0,38.0,22.968834754945803,74,-2.0,-51.0,-0.03,158.0,
2025-03-24 07:34:37,159.0,105.0,237.56,43.0,121.33,27.0,243.77,43.0,198.28,78.56,132.0,86.0,24.9852942748331,218,46.0,144.0,0.21,158.0,
2025-03-24 07:34:53,164.0,180.0,170.52,23.0,162.0,90.0,187.0,66.0,167.26,6.52000000000001,270.0,89.0,5.552191459234754,359,181.0,168.0,0.5,166.0,2.0
2025-03-24 07:34:54,164.0,150.0,169.46,13.0,162.0,78.0,171.0,48.0,166.73,5.460000000000008,228.0,61.0,1.9029266932801172,289,167.0,-70.0,0.58,164.0,4.0
2025-03-24 07:34:55,164.0,88.0,168.27,11.0,162.0,66.0,171.0,33.0,166.14,4.27000000000001,154.0,44.0,1.2626440511868229,198,110.0,-91.0,0.56,164.0,
2025-03-24 07:34:56,164.0,53.0,166.0,10.0,162.0,60.0,171.0,30.0,165.0,2.0,113.0,40.0,0.9005942482589047,153,73.0,-45.0,0.48,164.0,6.0
2025-03-24 07:34:57,162.73,51.0,165.43,21.0,162.05,112.0,170.09,33.0,164.08,2.700000000000017,163.0,54.0,1.2943801605388994,217,109.0,64.0,0.5,163.67,3.0
2025-03-24 07:34:58,162.0,110.0,163.77,26.0,161.0,36.0,339.56,32.0,162.88,1.7700000000000102,146.0,58.0,1.5514122598446367,204,88.0,-13.0,0.43,162.0,7.0
2025-03-24 07:34:59,162.0,77.0,164.0,22.0,161.0,33.0,421.14,29.0,163.0,2.0,110.0,51.0,1.3782597723200938,161,59.0,-43.0,0.37,162.0,
2025-03-24 07:35:00,162.0,68.0,164.0,15.0,161.0,33.0,255.95,19.0,163.0,2.0,101.0,34.0,0.925807755419829,135,67.0,-26.0,0.5,162.5,4.0
2025-03-24 07:35:01,162.0,54.0,163.89,9.0,161.0,27.0,277.11,27.0,162.94,1.8899999999999864,81.0,36.0,0.5055689863859115,117,45.0,-18.0,0.38,162.5,
2025-03-24 07:35:02,162.0,39.0,241.38,24.0,161.0,24.0,323.5,10.0,201.69,79.38,63.0,34.0,17.322890059109636,97,29.0,-20.0,0.3,162.0,2.0
2025-03-24 07:35:03,162.0,60.0,293.22,41.0,161.0,45.0,440.48,29.0,227.61,131.22000000000003,105.0,70.0,29.74757250600471,175,35.0,78.0,0.2,162.0,
2025-03-24 07:35:04,163.22,72.0,341.0,24.0,161.43,37.0,350.38,39.0,252.11,177.78,109.0,63.0,39.408943781837365,172,46.0,-3.0,0.27,162.0,
2025-03-24 07:35:05,164.22,74.0,338.04,23.0,162.96,46.0,338.59,17.0,251.13,173.82000000000002,120.0,40.0,37.56678958867829,160,80.0,-12.0,0.5,162.0,
2025-03-24 07:35:10,164.92,65.0,177.8,40.0,163.92,103.0,314.89,18.0,171.36,12.880000000000024,168.0,58.0,34.674672745391675,226,110.0,52.0,0.49,166.0,2.0
2025-03-24 07:35:11,165.0,112.0,174.52,23.0,164.0,154.0,178.68,47.0,169.76,9.52000000000001,266.0,70.0,2.523089376141564,336,196.0,110.0,0.58,166.0,
2025-03-24 07:35:13,165.0,80.0,169.0,10.0,164.0,110.0,363.71,28.0,167.0,4.0,190.0,38.0,2.2192295960528425,228,152.0,85.0,0.67,168.0,4.0
2025-03-24 07:35:17,164.07,91.0,167.36,14.0,162.43,154.0,244.31,16.0,165.71,3.2900000000000205,245.0,30.0,0.7391075699753431,275,215.0,139.0,0.78,164.5,4.0
2025-03-24 07:35:18,164.0,60.0,166.0,12.0,162.05,104.0,167.0,12.0,165.0,2.0,164.0,24.0,1.1542443415475732,188,140.0,-87.0,0.74,164.0,4.0
2025-03-24 07:35:19,162.98,41.0,165.02,46.0,162.38,42.0,368.86,14.0,164.0,2.0400000000000205,83.0,60.0,1.5316004700946448,143,23.0,-45.0,0.16,163.38,8.0
2025-03-24 07:35:20,162.0,120.0,164.17,60.0,161.0,12.0,220.69,48.0,163.08,2.1699999999999875,132.0,108.0,1.668346486792692,240,24.0,97.0,0.1,163.38,
2025-03-24 07:35:21,162.0,100.0,163.6,50.0,161.0,10.0,194.47,38.0,162.8,1.5999999999999943,110.0,88.0,1.23903995092689,198,22.0,-42.0,0.11,163.38,
2025-03-24 07:35:22,162.0,110.0,163.0,40.0,161.0,11.0,318.38,39.0,162.5,1.0,121.0,79.0,1.0202352669813437,200,42.0,2.0,0.21,163.0,3.0
2025-03-24 07:35:23,162.0,110.0,163.0,22.0,161.0,11.0,186.27,33.0,162.5,1.0,121.0,55.0,0.6211924017501951,176,66.0,-24.0,0.38,163.0,
2025-03-24 07:35:24,162.0,74.0,187.0,26.0,161.0,9.0,428.17,35.0,174.5,25.0,83.0,61.0,5.273696995466608,144,22.0,-32.0,0.15,162.0,2.0
2025-03-24 07:35:25,162.0,72.0,291.63,30.0,161.0,9.0,419.49,39.0,226.82,129.63,81.0,69.0,27.87035844764114,150,12.0,6.0,0.08,162.0,
2025-03-24 07:35:26,162.0,57.0,205.82,33.0,161.0,11.0,224.65,34.0,183.91,43.81999999999999,68.0,67.0,26.595205958969466,135,1.0,-15.0,0.01,162.0,6.0
2025-03-24 07:35:27,161.27,15.0,200.45,44.0,160.21,14.0,202.11,46.0,180.86,39.17999999999998,29.0,90.0,24.39857823726636,119,-61.0,-16.0,-0.51,162.0,1.0
2025-03-24 07:35:28,161.75,16.0,195.29,31.0,160.6,10.0,196.62,39.0,178.52,33.53999999999999,26.0,70.0,21.462584187371515,96,-44.0,-23.0,-0.46,162.0,
2025-03-24 07:35:29,162.0,16.0,192.25,32.0,161.0,8.0,194.0,24.0,177.12,30.25,24.0,56.0,21.05047695421674,80,-32.0,-16.0,-0.4,162.0,
2025-03-24 07:35:30,161.75,24.0,190.98,41.0,160.73,15.0,192.06,47.0,176.36,29.22999999999999,39.0,88.0,3.069019387361885,127,-49.0,47.0,-0.39,162.0,2.0
2025-03-24 07:35:31,161.85,33.0,190.0,27.0,160.44,9.0,191.0,27.0,175.92,28.15000000000001,42.0,54.0,1.9964167901523104,96,-12.0,-31.0,-0.12,162.0,
2025-03-24 07:35:32,162.0,60.0,188.22,27.0,161.0,9.0,189.22,27.0,175.11,26.22,69.0,54.0,1.2939010781358846,123,15.0,27.0,0.12,162.0,3.0
2025-03-24 07:35:33,162.0,48.0,183.0,36.0,161.0,12.0,185.58,36.0,172.5,21.0,60.0,72.0,1.7779538801668346,132,-12.0,9.0,-0.09,162.0,
2025-03-24 07:35:34,162.58,76.0,180.0,36.0,161.67,24.0,181.5,36.0,171.29,17.419999999999987,100.0,72.0,2.2250685382701016,172,28.0,40.0,0.16,162.0,
2025-03-24 07:35:35,163.0,99.0,176.28,29.0,162.0,36.0,177.75,32.0,169.64,13.28,135.0,61.0,2.61648046046564,196,74.0,24.0,0.38,162.0,
2025-03-24 07:35:36,164.18,187.0,173.22,58.0,162.0,68.0,174.54,61.0,168.7,9.039999999999992,255.0,119.0,2.5180488478179908,374,136.0,168.0,0.36,162.0,
2025-03-24 07:35:39,163.97,63.0,166.91,44.0,161.68,28.0,183.8,45.0,165.44,2.9399999999999977,91.0,89.0,1.573696285817264,180,2.0,-39.0,0.01,166.0,8.0
2025-03-24 07:35:40,163.73,30.0,223.83,24.0,161.95,41.0,238.0,24.0,193.78,60.10000000000002,71.0,48.0,11.83734767589423,119,23.0,-61.0,0.19,165.38,8.0
2025-03-24 07:35:41,163.0,15.0,199.0,10.0,161.9,21.0,322.5,38.0,181.0,36.0,36.0,48.0,12.068877329727078,84,-12.0,-35.0,-0.14,162.86,7.0
2025-03-24 07:35:42,160.61,18.0,197.56,9.0,159.74,23.0,222.33,45.0,179.08,36.94999999999999,41.0,54.0,11.4492672254604,95,-13.0,11.0,-0.14,161.43,7.0
2025-03-24 07:35:43,159.14,7.0,195.57,7.0,158.4,10.0,521.29,35.0,177.36,36.43000000000001,17.0,42.0,10.105281787263674,59,-25.0,-36.0,-0.42,159.25,4.0
2025-03-24 07:35:44,159.0,7.0,195.0,7.0,158.0,7.0,526.43,35.0,177.0,36.0,14.0,42.0,6.967616522169141,56,-28.0,-3.0,-0.5,159.25,
2025-03-24 07:35:45,159.0,8.0,192.8,10.0,158.0,8.0,194.05,22.0,175.9,33.80000000000001,16.0,32.0,1.997678652837307,48,-16.0,-8.0,-0.33,159.25,
2025-03-24 07:35:46,159.0,12.0,192.0,12.0,158.0,12.0,194.0,36.0,175.5,33.0,24.0,48.0,1.4063143318622404,72,-24.0,24.0,-0.33,159.25,
2025-03-24 07:35:47,147.0,11.0,191.0,8.0,128.3,10.0,194.0,24.0,169.0,44.0,21.0,32.0,3.413871702334422,53,-11.0,-19.0,-0.21,158.5,2.0
2025-03-24 07:35:49,127.67,9.0,193.0,21.0,75.18,22.0,428.73,22.0,160.33,65.33,31.0,43.0,29.2452948352378,74,-12.0,-7.0,-0.16,152.33,3.0
2025-03-24 07:35:50,162.0,7.0,191.29,21.0,131.45,33.0,432.0,28.0,176.64,29.289999999999992,40.0,49.0,29.36387832013998,89,-9.0,15.0,-0.1,152.33,
2025-03-24 07:35:51,162.0,10.0,191.0,30.0,143.58,64.0,304.78,36.0,176.5,29.0,74.0,66.0,29.519609584138923,140,8.0,51.0,0.06,152.33,
2025-03-24 07:35:52,161.29,28.0,188.0,30.0,160.77,104.0,199.78,27.0,174.64,26.710000000000008,132.0,57.0,30.157355155914903,189,75.0,49.0,0.4,161.33,3.0
2025-03-24 07:35:53,161.0,112.0,185.46,39.0,158.29,56.0,188.0,39.0,173.23,24.460000000000008,168.0,78.0,6.820774882665193,246,90.0,57.0,0.37,161.0,3.0
2025-03-24 07:35:54,161.0,63.0,183.89,27.0,160.0,72.0,185.11,27.0,172.44,22.889999999999983,135.0,54.0,1.8891267824045463,189,81.0,-57.0,0.43,161.0,
2025-03-24 07:35:55,161.08,76.0,181.31,39.0,160.07,95.0,183.5,36.0,171.19,20.22999999999999,171.0,75.0,2.0483041766293875,246,96.0,57.0,0.39,161.0,4.0
2025-03-24 07:35:56,161.0,42.0,179.73,45.0,160.0,112.0,181.64,42.0,170.37,18.72999999999999,154.0,87.0,1.6800089285466584,241,67.0,-5.0,0.28,161.0,
2025-03-24 07:35:57,160.18,49.0,176.75,40.0,159.92,61.0,178.59,37.0,168.47,16.569999999999993,110.0,77.0,1.8562327440263535,187,33.0,-54.0,0.18,161.0,3.0
2025-03-24 07:35:58,160.82,51.0,173.4,45.0,159.97,108.0,174.65,49.0,167.11,12.580000000000013,159.0,94.0,2.1309809947521137,253,65.0,66.0,0.26,161.0,1.0
2025-03-24 07:36:02,164.4,40.0,167.86,22.0,162.4,80.0,205.97,37.0,166.13,3.460000000000008,120.0,59.0,1.0113110302933368,179,61.0,-2.0,0.34,166.0,2.0
2025-03-24 07:36:03,164.0,32.0,166.0,16.0,161.71,68.0,209.76,17.0,165.0,2.0,100.0,33.0,1.5486994543786217,133,67.0,-46.0,0.5,166.0,
2025-03-24 07:36:04,161.86,70.0,164.9,20.0,160.56,90.0,544.76,29.0,163.38,3.039999999999992,160.0,49.0,2.032788724878181,209,111.0,76.0,0.53,164.2,5.0
2025-03-24 07:36:05,161.38,48.0,164.0,30.0,160.83,144.0,352.8,65.0,162.69,2.6200000000000045,192.0,95.0,1.9894546991552808,287,97.0,78.0,0.34,162.0,1.0
2025-03-24 07:36:06,160.8,30.0,179.38,26.0,160.23,180.0,433.02,53.0,170.09,18.579999999999984,210.0,79.0,2.919618125712909,289,131.0,2.0,0.45,162.0,1.0
2025-03-24 07:36:07,160.08,182.0,197.41,59.0,158.46,79.0,222.02,42.0,178.74,37.329999999999984,261.0,101.0,6.675593606563619,362,160.0,73.0,0.44,160.0,1.0
2025-03-24 07:36:08,162.0,110.0,174.29,35.0,160.0,129.0,194.77,26.0,168.14,12.289999999999992,239.0,61.0,6.469688555100121,300,178.0,-62.0,0.59,162.0,2.0
2025-03-24 07:36:09,162.0,56.0,192.8,10.0,160.0,105.0,194.92,25.0,177.4,30.80000000000001,161.0,35.0,6.672381134197542,196,126.0,-104.0,0.64,162.0,4.0
2025-03-24 07:36:10,160.54,103.0,191.17,48.0,159.67,126.0,193.0,12.0,175.86,30.629999999999995,229.0,60.0,4.666484758359006,289,169.0,93.0,0.58,162.0,4.0
2025-03-24 07:36:11,160.0,120.0,189.69,26.0,158.0,40.0,191.0,14.0,174.85,29.69,160.0,40.0,4.110026763902819,200,120.0,-89.0,0.6,162.0,
2025-03-24 07:36:12,160.5,132.0,187.18,45.0,159.66,123.0,222.12,34.0,173.84,26.680000000000007,255.0,79.0,3.5392682859592446,334,176.0,134.0,0.53,162.0,
2025-03-24 07:36:13,163.0,166.0,185.44,55.0,162.0,144.0,185.57,28.0,174.22,22.44,310.0,83.0,1.431984636788231,393,227.0,59.0,0.58,163.0,1.0
2025-03-24 07:36:14,163.79,97.0,178.95,37.0,162.65,51.0,180.32,34.0,171.37,15.159999999999997,148.0,71.0,1.6710086774151762,219,77.0,-168.0,0.35,163.0,
2025-03-24 07:36:15,163.93,82.0,169.07,57.0,162.65,51.0,175.74,53.0,166.5,5.139999999999986,133.0,110.0,3.4264310878807605,243,23.0,24.0,0.09,165.0,1.0
2025-03-24 07:36:16,162.95,79.0,169.47,57.0,161.41,80.0,237.51,63.0,166.21,6.52000000000001,159.0,120.0,3.877147147065069,279,39.0,36.0,0.14,162.67,9.0
2025-03-24 07:36:17,161.27,22.0,175.12,32.0,159.77,26.0,334.75,40.0,168.2,13.849999999999994,48.0,72.0,3.431085833959019,120,-24.0,-159.0,-0.2,163.0,4.0
2025-03-24 07:36:18,161.0,10.0,175.0,40.0,160.0,104.0,315.6,50.0,168.0,14.0,114.0,90.0,2.051543321500591,204,24.0,84.0,0.12,163.0,
2025-03-24 07:36:19,161.64,11.0,175.0,44.0,160.0,121.0,323.45,55.0,168.32,13.360000000000014,132.0,99.0,1.0077102758200809,231,33.0,27.0,0.14,163.0,
2025-03-24 07:36:20,163.98,137.0,175.0,36.0,160.0,99.0,334.0,45.0,169.49,11.02000000000001,236.0,81.0,1.1786560142779934,317,155.0,86.0,0.49,163.0,
2025-03-24 07:36:21,164.0,264.0,175.0,32.0,160.43,58.0,334.0,40.0,169.5,11.0,322.0,72.0,0.7328847112568221,394,250.0,77.0,0.63,163.0,
2025-03-24 07:36:22,164.0,363.0,172.55,44.0,161.0,55.0,282.83,48.0,168.27,8.550000000000011,418.0,92.0,0.721477650377333,510,326.0,116.0,0.64,163.0,
2025-03-24 07:36:23,164.02,403.0,168.37,52.0,163.38,205.0,170.17,53.0,166.19,4.349999999999994,608.0,105.0,1.3504554787159262,713,503.0,168.0,0.71,165.0,2.0
2025-03-24 07:36:24,164.0,345.0,165.42,48.0,162.0,62.0,215.97,38.0,164.71,1.4199999999999875,407.0,86.0,2.1193206458659315,493,321.0,-168.0,0.65,164.0,7.0
2025-03-24 07:36:25,164.0,168.0,165.0,28.0,162.0,91.0,505.5,30.0,164.5,1.0,259.0,58.0,2.19905206850434,317,201.0,-168.0,0.63,164.0,
2025-03-24 07:36:26,164.0,239.0,321.92,52.0,162.0,156.0,529.15,41.0,242.96,157.92000000000002,395.0,93.0,34.487364787701594,488,302.0,168.0,0.62,164.0,5.0
2025-03-24 07:36:27,164.0,140.0,265.3,33.0,162.0,104.0,635.51,39.0,214.65,101.3,244.0,72.0,36.288160190343135,316,172.0,-168.0,0.54,164.0,4.0
2025-03-24 07:36:32,165.0,8.0,374.5,20.0,162.0,28.0,736.0,16.0,269.75,209.5,36.0,36.0,90.51856290286584,72,0.0,-90.0,0.0,164.0,
2025-03-24 07:36:33,165.0,18.0,253.0,45.0,162.16,38.0,616.11,36.0,209.0,88.0,56.0,81.0,111.25009901119222,137,-25.0,65.0,-0.18,164.0,
2025-03-24 07:36:34,165.0,18.0,253.0,45.0,163.0,30.0,466.0,9.0,209.0,88.0,48.0,54.0,96.75594829259886,102,-6.0,-35.0,-0.06,164.0,
2025-03-24 07:36:35,163.5,24.0,332.67,45.0,162.33,45.0,466.0,9.0,248.08,169.17000000000002,69.0,54.0,28.01657955568541,123,15.0,21.0,0.12,164.0,4.0
2025-03-24 07:36:36,163.71,51.0,447.92,13.0,162.32,37.0,501.12,41.0,305.81,284.21000000000004,88.0,54.0,41.40207446493537,142,34.0,19.0,0.24,164.0,
2025-03-24 07:36:37,164.41,87.0,237.57,28.0,163.0,36.0,432.86,28.0,200.99,73.16,123.0,56.0,43.85465687928761,179,67.0,37.0,0.37,164.0,3.0
2025-03-24 07:36:50,161.12,65.0,264.47,45.0,160.23,13.0,265.61,46.0,212.79,103.35000000000002,78.0,91.0,13.13497887322402,169,-13.0,75.0,-0.08,162.57,7.0
2025-03-24 07:36:51,160.67,18.0,263.05,39.0,159.08,52.0,264.61,31.0,211.86,102.38000000000002,70.0,70.0,7.207131884462663,140,0.0,-29.0,0.0,161.0,3.0
2025-03-24 07:36:52,159.03,36.0,261.0,18.0,158.13,63.0,262.0,24.0,210.01,101.97,99.0,42.0,5.897954730246498,141,57.0,1.0,0.4,159.5,2.0
2025-03-24 07:36:53,160.57,46.0,239.86,21.0,158.32,65.0,261.77,26.0,200.21,79.29000000000002,111.0,47.0,6.346169710938792,158,64.0,17.0,0.41,159.5,
2025-03-24 07:37:00,164.1,42.0,166.45,38.0,163.07,108.0,268.75,36.0,165.27,2.3499999999999943,150.0,74.0,3.022321955055729,224,76.0,42.0,0.34,165.57,7.0
2025-03-24 07:37:01,163.25,48.0,167.0,21.0,162.26,57.0,260.25,12.0,165.12,3.75,105.0,33.0,2.144721427134764,138,72.0,-86.0,0.52,163.8,5.0
2025-03-24 07:37:02,163.0,69.0,166.5,24.0,162.0,96.0,253.0,11.0,164.75,3.5,165.0,35.0,1.776907425841438,200,130.0,62.0,0.65,163.0,3.0
2025-03-24 07:37:03,163.0,48.0,165.1,30.0,162.0,120.0,336.4,10.0,164.05,2.0999999999999943,168.0,40.0,1.1855294176062967,208,128.0,8.0,0.62,163.0,4.0
2025-03-24 07:37:04,163.0,26.0,187.39,31.0,162.0,226.0,421.62,13.0,175.19,24.389999999999983,252.0,44.0,4.671496548217799,296,208.0,88.0,0.7,164.0,3.0
2025-03-24 07:37:05,163.0,8.0,448.0,4.0,162.0,96.0,655.5,4.0,305.5,285.0,104.0,8.0,61.98474626873959,112,96.0,-168.0,0.86,164.0,
2025-03-24 07:37:06,163.0,14.0,277.43,21.0,162.0,126.0,401.62,13.0,220.21,114.43,140.0,34.0,60.23449427031021,174,106.0,62.0,0.61,164.0,
2025-03-24 07:37:07,163.0,20.0,246.42,38.0,162.0,180.0,247.38,42.0,204.71,83.41999999999999,200.0,80.0,55.89792858416166,280,120.0,106.0,0.43,162.4,5.0
2025-03-24 07:37:08,162.0,180.0,244.33,60.0,161.0,36.0,246.0,36.0,203.17,82.33000000000001,216.0,96.0,49.54756684237928,312,120.0,32.0,0.38,162.4,
2025-03-24 07:37:09,162.0,180.0,222.74,34.0,161.0,36.0,237.18,28.0,192.37,60.74000000000001,216.0,62.0,45.97814611312687,278,154.0,-34.0,0.55,162.4,
2025-03-24 07:37:10,162.0,161.0,210.24,45.0,161.0,33.0,211.77,39.0,186.12,48.24000000000001,194.0,84.0,13.066073625999206,278,110.0,0.0,0.4,162.0,4.0
2025-03-24 07:37:11,162.0,121.0,208.06,51.0,161.0,33.0,210.43,35.0,185.03,46.06,154.0,86.0,9.268403314488877,240,68.0,-38.0,0.28,162.0,
2025-03-24 07:37:12,162.92,130.0,203.81,31.0,161.65,85.0,205.16,51.0,183.36,40.890000000000015,215.0,82.0,8.10725292562322,297,133.0,57.0,0.45,162.0,
2025-03-24 07:37:13,163.45,66.0,200.47,15.0,161.75,59.0,201.15,39.0,181.96,37.02000000000001,125.0,54.0,4.017283908317214,179,71.0,-118.0,0.4,166.8,5.0
2025-03-24 07:37:14,162.0,77.0,196.25,32.0,161.0,30.0,197.94,34.0,179.12,34.25,107.0,66.0,2.7409523892295637,173,41.0,-6.0,0.24,162.0,3.0
2025-03-24 07:37:15,162.0,105.0,189.17,41.0,161.0,45.0,194.75,55.0,175.59,27.169999999999987,150.0,96.0,3.726052871340169,246,54.0,73.0,0.22,162.0,
2025-03-24 07:37:16,162.0,53.0,172.03,39.0,161.0,33.0,189.37,27.0,167.01,10.03,86.0,66.0,6.5288107646049065,152,20.0,-94.0,0.13,162.0,3.0
2025-03-24 07:37:17,164.62,64.0,187.0,12.0,163.43,61.0,188.0,60.0,175.81,22.379999999999995,125.0,72.0,5.617567979118744,197,53.0,45.0,0.27,162.0,
2025-03-24 07:37:20,164.19,73.0,184.17,42.0,163.66,32.0,185.07,42.0,174.18,19.97999999999999,105.0,84.0,3.905858420375637,189,21.0,73.0,0.11,165.5,4.0
2025-03-24 07:37:21,164.0,78.0,177.34,47.0,163.0,13.0,202.48,29.0,170.67,13.340000000000003,91.0,76.0,2.329156499683871,167,15.0,-22.0,0.09,165.5,
2025-03-24 07:37:22,164.0,78.0,173.7,47.0,162.8,59.0,174.31,45.0,168.85,9.699999999999989,137.0,92.0,3.290278103750344,229,45.0,62.0,0.2,165.5,
2025-03-24 07:37:23,164.0,54.0,171.0,9.0,163.0,84.0,173.0,27.0,167.5,7.0,138.0,36.0,3.575115382755935,174,102.0,-55.0,0.59,165.5,
2025-03-24 07:37:24,164.0,66.0,169.07,15.0,163.0,110.0,170.14,43.0,166.53,5.069999999999993,176.0,58.0,3.02093197540381,234,118.0,60.0,0.5,165.5,
2025-03-24 07:37:25,164.0,53.0,165.66,41.0,163.0,110.0,166.57,35.0,164.83,1.6599999999999966,163.0,76.0,2.2240908254871576,239,87.0,5.0,0.36,164.0,5.0
2025-03-24 07:37:26,163.55,22.0,165.29,17.0,162.93,164.0,179.46,61.0,164.42,1.739999999999981,186.0,78.0,1.844676123338595,264,108.0,25.0,0.41,164.0,1.0
2025-03-24 07:37:27,163.0,157.0,164.79,19.0,162.0,192.0,348.86,73.0,163.89,1.789999999999992,349.0,92.0,1.5204045514319566,441,257.0,168.0,0.58,163.0,1.0
2025-03-24 07:37:28,162.27,98.0,176.5,26.0,161.73,66.0,228.77,31.0,169.38,14.22999999999999,164.0,57.0,2.227229220357712,221,107.0,-168.0,0.48,163.2,10.0
2025-03-24 07:37:29,162.67,108.0,179.67,60.0,161.67,72.0,277.53,59.0,171.17,17.0,180.0,119.0,3.30709389041432,299,61.0,78.0,0.2,163.2,
2025-03-24 07:37:47,164.05,113.0,166.27,44.0,162.07,60.0,175.09,35.0,165.16,2.219999999999999,173.0,79.0,14.518501988842662,252,94.0,115.0,0.37,166.0,3.0
2025-03-24 07:37:48,164.0,144.0,165.81,54.0,162.0,88.0,200.62,58.0,164.91,1.8100000000000025,232.0,112.0,16.92834811787684,344,120.0,92.0,0.35,164.0,4.0
2025-03-24 07:37:49,164.0,8.0,166.0,12.0,162.0,18.0,533.0,12.0,165.0,2.0,26.0,24.0,15.741311889420793,50,2.0,-168.0,0.04,164.0,7.0
2025-03-24 07:37:50,162.67,18.0,257.0,32.0,161.75,48.0,534.46,26.0,209.83,94.33,66.0,58.0,20.113384349731447,124,8.0,74.0,0.06,164.0,1.0
2025-03-24 07:37:51,162.0,56.0,407.16,25.0,161.0,48.0,419.62,16.0,284.58,245.16000000000005,104.0,41.0,52.197712880930254,145,63.0,21.0,0.43,164.0,
2025-03-24 07:37:52,162.0,74.0,338.24,51.0,161.0,84.0,388.32,40.0,250.12,176.24,158.0,91.0,52.70309544988836,249,67.0,104.0,0.27,164.0,
2025-03-24 07:37:53,162.51,47.0,335.29,51.0,161.04,69.0,337.28,61.0,248.9,172.78000000000003,116.0,112.0,45.71273542460627,228,4.0,-21.0,0.02,162.0,3.0
2025-03-24 07:37:54,163.0,80.0,325.07,43.0,162.0,10.0,326.08,38.0,244.03,162.07,90.0,81.0,26.52743994433053,171,9.0,-57.0,0.05,162.0,
2025-03-24 07:37:55,163.0,80.0,323.41,37.0,162.0,10.0,325.07,44.0,243.2,160.41000000000005,90.0,81.0,17.26342897572982,171,9.0,0.0,0.05,162.0,
2025-03-24 07:37:56,163.0,136.0,284.15,52.0,162.0,17.0,298.37,67.0,223.58,121.14999999999998,153.0,119.0,10.705091312084186,272,34.0,101.0,0.12,162.0,
2025-03-24 07:37:57,163.0,72.0,267.92,25.0,162.0,9.0,270.91,35.0,215.46,104.92000000000002,81.0,60.0,14.613462286537576,141,21.0,-131.0,0.15,162.0,
2025-03-24 07:37:58,163.0,104.0,268.04,46.0,162.0,13.0,270.07,45.0,215.52,105.04000000000002,117.0,91.0,14.316934727798827,208,26.0,67.0,0.12,162.0,
2025-03-24 07:37:59,164.96,102.0,266.51,53.0,162.73,33.0,268.7,40.0,215.74,101.54999999999998,135.0,93.0,11.973261878036778,228,42.0,20.0,0.18,163.0,2.0
2025-03-24 07:38:03,164.0,36.0,177.8,40.0,163.0,60.0,179.03,39.0,170.9,13.800000000000011,96.0,79.0,21.431740013354723,175,17.0,-29.0,0.1,163.0,
2025-03-24 07:38:04,163.57,58.0,168.64,56.0,162.92,60.0,170.82,56.0,166.11,5.069999999999993,118.0,112.0,19.86084263066457,230,6.0,55.0,0.03,164.0,3.0
2025-03-24 07:38:05,162.75,16.0,164.29,34.0,161.43,14.0,172.3,30.0,163.52,1.539999999999992,30.0,64.0,10.191782474131646,94,-34.0,-136.0,-0.36,164.17,12.0
2025-03-24 07:38:06,158.67,60.0,166.0,24.0,145.54,26.0,460.0,12.0,162.33,7.3300000000000125,86.0,36.0,5.308763509520253,122,50.0,28.0,0.41,160.3,10.0
2025-03-24 07:38:08,119.5,130.0,156.14,29.0,70.41,32.0,158.8,25.0,137.82,36.63999999999999,162.0,54.0,14.01380640654088,216,108.0,25.0,0.5,160.3,
2025-03-24 07:38:09,121.51,49.0,155.74,47.0,69.47,135.0,156.38,37.0,138.63,34.230000000000004,184.0,84.0,13.35617347895732,268,100.0,52.0,0.37,155.0,2.0
2025-03-24 07:38:10,121.31,62.0,155.25,40.0,98.92,50.0,158.0,8.0,138.28,33.94,112.0,48.0,10.67117285025408,160,64.0,-108.0,0.4,155.0,
2025-03-24 07:38:11,132.69,75.0,216.32,31.0,129.55,44.0,287.75,8.0,174.51,83.63,119.0,39.0,16.113855838997722,158,80.0,-2.0,0.51,153.0,6.0
2025-03-24 07:38:12,162.0,104.0,446.53,15.0,126.05,39.0,618.62,13.0,304.27,284.53,143.0,28.0,71.93041199659584,171,115.0,13.0,0.67,153.0,
2025-03-24 07:38:13,162.0,72.0,230.4,10.0,89.32,118.0,369.7,10.0,196.2,68.4,190.0,20.0,68.28091585501782,210,170.0,39.0,0.81,162.0,1.0
2025-03-24 07:38:14,162.0,49.0,273.0,7.0,149.71,7.0,417.0,7.0,217.5,111.0,56.0,14.0,62.17472533111854,70,42.0,-140.0,0.6,162.0,
2025-03-24 07:38:15,162.0,71.0,315.0,12.0,158.0,12.0,509.42,12.0,238.5,153.0,83.0,24.0,49.73369310638457,107,59.0,37.0,0.55,162.0,2.0
2025-03-24 07:38:16,163.21,38.0,286.83,12.0,161.75,48.0,572.17,12.0,225.02,123.61999999999998,86.0,24.0,40.96782054247028,110,62.0,3.0,0.56,162.0,
2025-03-24 07:38:17,164.0,27.0,268.0,9.0,162.0,53.0,602.11,9.0,216.0,104.0,80.0,18.0,15.386249705501358,98,62.0,-12.0,0.63,162.0,
2025-03-24 07:38:18,164.0,27.0,285.89,9.0,162.0,54.0,382.22,9.0,224.94,121.89,81.0,18.0,8.911448815991916,99,63.0,1.0,0.64,162.0,
2025-03-24 07:38:19,163.41,41.0,264.53,34.0,161.9,63.0,546.82,22.0,213.97,101.11999999999998,104.0,56.0,9.69899376224376,160,48.0,61.0,0.3,163.2,5.0
2025-03-24 07:38:20,162.0,48.0,322.52,42.0,160.88,48.0,407.39,18.0,242.26,160.51999999999998,96.0,60.0,11.169078744464274,156,36.0,-4.0,0.23,163.2,
2025-03-24 07:38:21,161.25,56.0,324.6,40.0,160.73,26.0,482.0,10.0,242.93,163.35000000000002,82.0,50.0,13.932471065824814,132,32.0,-24.0,0.24,161.8,5.0
2025-03-24 07:38:22,161.24,41.0,356.43,28.0,160.5,12.0,738.0,7.0,258.84,195.19,53.0,35.0,17.42694666314355,88,18.0,-44.0,0.2,163.0,5.0
2025-03-24 07:38:23,161.0,118.0,310.19,43.0,160.0,15.0,382.67,24.0,235.59,149.19,133.0,67.0,16.259070391632214,200,66.0,112.0,0.33,163.0,
2025-03-24 07:38:24,161.0,42.0,308.0,21.0,160.0,7.0,311.0,7.0,234.5,147.0,49.0,28.0,9.727041173967232,77,21.0,-123.0,0.27,163.0,
2025-03-24 07:38:25,161.0,43.0,307.75,16.0,160.0,8.0,308.75,16.0,234.38,146.75,51.0,32.0,10.452577194168567,83,19.0,6.0,0.23,161.0,5.0
2025-03-24 07:38:26,160.69,58.0,203.74,27.0,159.02,47.0,279.58,31.0,182.22,43.05000000000001,105.0,58.0,28.20177441226076,163,47.0,80.0,0.29,159.6,5.0
2025-03-24 07:38:27,162.0,64.0,198.5,12.0,159.0,96.0,257.0,12.0,180.25,36.5,160.0,24.0,29.36358578239445,184,136.0,21.0,0.74,162.0,4.0
2025-03-24 07:38:28,162.0,26.0,197.09,22.0,159.0,104.0,251.5,22.0,179.55,35.09,130.0,44.0,29.465512892193665,174,86.0,-10.0,0.49,162.0,
2025-03-24 07:38:29,162.16,19.0,196.0,44.0,159.26,70.0,198.0,11.0,179.08,33.84,89.0,55.0,24.2261125647518,144,34.0,-30.0,0.24,162.0,
2025-03-24 07:38:34,163.62,16.0,173.62,26.0,162.25,16.0,174.09,22.0,168.62,10.0,32.0,48.0,4.779963388982833,80,-16.0,-6.0,-0.2,164.0,3.0
2025-03-24 07:38:35,163.0,16.0,169.86,28.0,162.0,32.0,171.53,34.0,166.43,6.860000000000014,48.0,62.0,2.580707267400685,110,-14.0,30.0,-0.13,164.0,
2025-03-24 07:38:36,162.47,15.0,164.87,45.0,161.2,30.0,167.27,15.0,163.67,2.4000000000000057,45.0,60.0,2.9958805049623973,105,-15.0,-5.0,-0.14,162.33,3.0
2025-03-24 07:38:37,161.14,51.0,163.35,34.0,159.09,92.0,164.23,39.0,162.25,2.210000000000008,143.0,73.0,3.115073032853777,216,70.0,111.0,0.32,162.33,
2025-03-24 07:38:38,161.61,83.0,163.94,109.0,159.86,58.0,165.15,34.0,162.78,2.329999999999984,141.0,143.0,2.6970632176521523,284,-2.0,68.0,-0.01,163.0,2.0
2025-03-24 07:38:39,162.0,37.0,163.97,29.0,161.0,32.0,196.4,25.0,162.98,1.9699999999999989,69.0,54.0,1.6500515143508705,123,15.0,-161.0,0.12,162.25,4.0
2025-03-24 07:38:40,162.0,16.0,163.89,27.0,161.0,32.0,207.0,24.0,162.94,1.8899999999999864,48.0,51.0,0.5086550894380366,99,-3.0,-24.0,-0.03,164.0,1.0
2025-03-24 07:38:41,161.5,24.0,223.08,12.0,160.07,29.0,342.71,14.0,192.29,61.58000000000001,53.0,26.0,13.21948826543654,79,27.0,-20.0,0.34,162.0,4.0
2025-03-24 07:38:42,162.0,10.0,260.0,5.0,161.0,20.0,508.67,21.0,211.0,98.0,30.0,26.0,22.22872286029991,56,4.0,-23.0,0.07,162.0,
2025-03-24 07:38:43,162.73,30.0,258.73,15.0,161.0,60.0,425.32,59.0,210.73,96.00000000000004,90.0,74.0,24.073119241179054,164,16.0,108.0,0.1,162.0,
2025-03-24 07:38:44,163.31,16.0,256.5,10.0,160.95,38.0,295.69,26.0,209.91,93.19,54.0,36.0,20.81315281258537,90,18.0,-74.0,0.2,162.2,5.0
2025-03-24 07:38:45,161.0,12.0,255.58,12.0,160.0,24.0,293.0,24.0,208.29,94.58,36.0,36.0,7.982535937910682,72,0.0,-18.0,0.0,162.2,
2025-03-24 07:38:46,161.0,11.0,216.94,31.0,160.0,22.0,218.53,47.0,188.97,55.94,33.0,78.0,9.456267762708244,111,-45.0,39.0,-0.41,162.2,
2025-03-24 07:38:47,161.58,12.0,213.94,18.0,160.41,17.0,215.8,30.0,187.76,52.35999999999999,29.0,48.0,11.695474338394002,77,-19.0,-34.0,-0.25,162.2,
2025-03-24 07:38:48,162.0,7.0,212.57,21.0,160.27,11.0,214.0,7.0,187.29,50.56999999999999,18.0,28.0,11.583707523933354,46,-10.0,-31.0,-0.22,162.2,
2025-03-24 07:38:49,162.0,11.0,210.17,23.0,160.57,14.0,211.14,21.0,186.09,48.16999999999999,25.0,44.0,9.342414034928426,69,-19.0,23.0,-0.28,162.2,
2025-03-24 07:38:50,161.45,11.0,207.41,17.0,158.92,26.0,209.11,27.0,184.43,45.96000000000001,37.0,44.0,1.727228994668932,81,-7.0,12.0,-0.09,161.0,3.0
2025-03-24 07:38:51,162.73,110.0,180.59,17.0,144.52,25.0,198.44,25.0,171.66,17.860000000000014,135.0,42.0,6.712967302171458,177,93.0,96.0,0.53,158.4,5.0
2025-03-24 07:38:52,163.24,63.0,198.07,15.0,161.85,52.0,205.48,29.0,180.65,34.829999999999984,115.0,44.0,6.311741439572946,159,71.0,-18.0,0.45,163.0,5.0
2025-03-24 07:38:53,163.25,61.0,201.15,33.0,161.57,56.0,203.95,19.0,182.2,37.900000000000006,117.0,52.0,5.622964520608486,169,65.0,10.0,0.38,164.5,2.0
2025-03-24 07:38:54,163.13,46.0,195.14,37.0,161.57,77.0,201.12,24.0,179.13,32.00999999999999,123.0,61.0,4.859396053011221,184,62.0,15.0,0.34,163.33,3.0
2025-03-24 07:38:55,164.15,52.0,199.91,33.0,161.58,59.0,203.0,11.0,182.03,35.75999999999999,111.0,44.0,4.357353554627024,155,67.0,-29.0,0.43,163.33,
2025-03-24 07:38:59,163.45,44.0,192.32,37.0,162.14,37.0,193.35,23.0,177.89,28.870000000000005,81.0,60.0,1.810640770562145,141,21.0,-27.0,0.15,168.0,4.0
2025-03-24 07:39:00,163.0,60.0,191.28,36.0,162.0,48.0,192.16,31.0,177.14,28.28,108.0,67.0,2.3687443931377024,175,41.0,34.0,0.23,168.0,
2025-03-24 07:39:01,163.08,61.0,185.38,48.0,161.44,72.0,187.28,29.0,174.23,22.299999999999983,133.0,77.0,3.056309866492653,210,56.0,35.0,0.27,163.0,5.0
2025-03-24 07:39:02,164.0,30.0,184.29,34.0,162.0,40.0,184.75,32.0,174.15,20.289999999999992,70.0,66.0,2.932069235202235,136,4.0,-74.0,0.03,163.0,
2025-03-24 07:39:03,163.73,45.0,175.59,61.0,161.44,72.0,176.75,36.0,169.66,11.860000000000014,117.0,97.0,3.241053840962548,214,20.0,78.0,0.09,163.5,4.0
2025-03-24 07:39:04,162.0,48.0,169.0,44.0,160.0,160.0,170.33,51.0,165.5,7.0,208.0,95.0,4.572967307997816,303,113.0,89.0,0.37,163.5,
2025-03-24 07:39:05,160.65,74.0,163.19,47.0,159.78,90.0,164.0,43.0,161.92,2.539999999999992,164.0,90.0,5.400117591313677,254,74.0,-49.0,0.29,162.4,5.0
2025-03-24 07:39:06,160.0,86.0,161.73,22.0,158.0,26.0,205.69,26.0,160.86,1.7299999999999898,112.0,48.0,5.528573052788055,160,64.0,-94.0,0.4,160.17,6.0
2025-03-24 07:39:07,160.0,70.0,161.71,28.0,158.0,28.0,271.97,61.0,160.86,1.710000000000008,98.0,89.0,3.809304398445083,187,9.0,27.0,0.05,160.17,
2025-03-24 07:39:08,160.12,34.0,325.42,38.0,158.55,22.0,438.77,39.0,242.77,165.3,56.0,77.0,36.0444131593236,133,-21.0,-54.0,-0.16,160.0,2.0
2025-03-24 07:39:09,161.53,15.0,222.15,59.0,160.0,39.0,536.46,35.0,191.84,60.620000000000005,54.0,94.0,35.61324051529182,148,-40.0,15.0,-0.27,161.8,5.0
2025-03-24 07:39:10,163.0,73.0,225.0,50.0,160.0,30.0,490.33,24.0,194.0,62.0,103.0,74.0,33.54964947655975,177,29.0,29.0,0.16,161.8,
2025-03-24 07:39:11,163.0,48.0,225.0,30.0,162.0,30.0,353.0,24.0,194.0,62.0,78.0,54.0,29.347699739503085,132,24.0,-45.0,0.18,161.8,
2025-03-24 07:39:12,163.0,66.0,224.58,57.0,162.0,104.0,309.47,51.0,193.79,61.58000000000001,170.0,108.0,22.0942899863298,278,62.0,146.0,0.22,163.0,6.0
2025-03-24 07:39:13,162.09,44.0,334.29,31.0,161.57,23.0,428.23,26.0,248.19,172.20000000000002,67.0,57.0,24.516338021817887,124,10.0,-154.0,0.08,162.67,3.0
2025-03-24 07:39:15,162.0,32.0,435.1,31.0,160.0,8.0,489.91,22.0,298.55,273.1,40.0,53.0,58.081711149036025,93,-13.0,-59.0,-0.14,162.67,
2025-03-24 07:39:17,164.12,34.0,236.62,13.0,161.8,40.0,504.19,32.0,200.37,72.5,74.0,45.0,54.600704391061264,119,29.0,-24.0,0.24,166.0,4.0
2025-03-24 07:39:18,162.0,36.0,179.65,17.0,160.0,9.0,226.36,28.0,170.82,17.650000000000006,45.0,45.0,66.26575608864695,90,0.0,-29.0,0.0,166.0,
2025-03-24 07:39:19,162.0,24.0,167.28,18.0,160.0,6.0,304.36,22.0,164.64,5.280000000000001,30.0,40.0,53.74948492776501,70,-10.0,-20.0,-0.14,167.0,1.0
2025-03-24 07:39:20,162.0,36.0,167.0,27.0,160.97,33.0,413.83,24.0,164.5,5.0,69.0,51.0,19.02357826488029,120,18.0,50.0,0.15,167.0,
2025-03-24 07:39:21,162.0,32.0,165.7,23.0,161.0,32.0,268.65,17.0,163.85,3.6999999999999886,64.0,40.0,15.649256531861909,104,24.0,-16.0,0.23,167.0,
2025-03-24 07:39:22,161.38,39.0,163.33,18.0,160.67,18.0,165.0,27.0,162.36,1.950000000000017,57.0,45.0,3.250781444517437,102,12.0,-2.0,0.12,167.0,
2025-03-24 07:39:23,162.0,30.0,163.0,19.0,160.95,42.0,411.15,26.0,162.5,1.0,72.0,45.0,1.0836512354157477,117,27.0,15.0,0.23,162.25,4.0
2025-03-24 07:39:24,162.0,12.0,213.67,15.0,160.57,7.0,412.65,17.0,187.83,51.66999999999999,19.0,32.0,11.006187805049509,51,-13.0,-66.0,-0.25,162.0,1.0
2025-03-24 07:39:25,162.33,9.0,382.5,24.0,161.22,9.0,608.37,27.0,272.42,220.17,18.0,51.0,47.43835758118141,69,-33.0,18.0,-0.48,162.0,
2025-03-24 07:39:31,160.56,18.0,325.05,21.0,157.27,30.0,349.86,29.0,242.8,164.49,48.0,50.0,37.45806428527859,98,-2.0,-19.0,-0.02,162.78,9.0
2025-03-24 07:39:32,160.0,20.0,207.8,30.0,158.0,30.0,369.23,26.0,183.9,47.80000000000001,50.0,56.0,46.48323009430454,106,-6.0,8.0,-0.06,162.78,
2025-03-24 07:39:33,159.26,43.0,206.55,29.0,145.11,27.0,352.92,26.0,182.9,47.29000000000002,70.0,55.0,47.83975208965916,125,15.0,19.0,0.12,160.0,2.0
2025-03-24 07:39:34,160.0,63.0,205.38,29.0,158.0,27.0,205.67,30.0,182.69,45.38,90.0,59.0,51.11296821746947,149,31.0,24.0,0.21,160.0,
2025-03-24 07:39:35,160.0,81.0,199.67,15.0,158.6,30.0,204.58,33.0,179.83,39.66999999999999,111.0,48.0,27.085356375725084,159,63.0,10.0,0.4,160.0,5.0
2025-03-24 07:39:36,160.0,28.0,183.82,38.0,158.47,34.0,185.43,60.0,171.91,23.819999999999997,62.0,98.0,4.89975815729954,160,-36.0,1.0,-0.23,160.0,
2025-03-24 07:39:37,160.0,30.0,179.0,32.0,158.0,45.0,182.18,57.0,169.5,19.0,75.0,89.0,6.258660399799769,164,-14.0,4.0,-0.09,160.0,
2025-03-24 07:39:38,162.7,61.0,173.38,42.0,159.42,31.0,174.07,42.0,168.04,10.680000000000009,92.0,84.0,6.497471046493414,176,8.0,12.0,0.05,160.0,
2025-03-24 07:39:39,163.0,40.0,168.91,32.0,160.0,16.0,169.42,12.0,165.95,5.909999999999997,56.0,44.0,5.368903984987842,100,12.0,-76.0,0.12,160.0,
2025-03-24 07:39:40,163.0,44.0,164.75,20.0,160.0,24.0,165.18,44.0,163.88,1.75,68.0,64.0,3.10696475680308,132,4.0,32.0,0.03,163.0,3.0
2025-03-24 07:39:41,159.71,41.0,162.18,40.0,111.62,47.0,164.52,56.0,160.94,2.469999999999999,88.0,96.0,3.3889850988187,184,-8.0,52.0,-0.04,161.5,4.0
2025-03-24 07:39:42,138.77,39.0,159.87,46.0,94.83,52.0,192.97,29.0,149.32,21.099999999999994,91.0,75.0,7.362491426141903,166,16.0,-18.0,0.1,158.0,3.0
2025-03-24 07:39:43,113.85,65.0,304.36,22.0,70.71,63.0,355.56,36.0,209.1,190.51,128.0,58.0,22.87073282603812,186,70.0,20.0,0.38,159.0,1.0
2025-03-24 07:39:45,158.38,42.0,338.71,24.0,119.2,25.0,485.09,33.0,248.54,180.33,67.0,57.0,40.51812828845908,124,10.0,-68.0,0.08,162.0,3.0
2025-03-24 07:39:51,158.0,18.0,379.67,18.0,123.0,24.0,556.67,18.0,268.83,221.67,42.0,36.0,51.48299767884663,78,6.0,-37.0,0.08,162.0,
2025-03-24 07:39:52,158.0,16.0,265.2,20.0,123.0,24.0,444.75,16.0,211.6,107.2,40.0,36.0,79.7869548861223,76,4.0,-2.0,0.05,158.0,2.0
2025-03-24 07:39:53,163.0,5.0,254.33,12.0,158.67,6.0,275.33,18.0,208.67,91.33,11.0,30.0,91.04076268353698,41,-19.0,-35.0,-0.46,158.0,
2025-03-24 07:39:54,163.0,5.0,254.0,10.0,160.0,10.0,255.0,20.0,208.5,91.0,15.0,30.0,78.351139302502,45,-15.0,4.0,-0.33,158.0,
2025-03-24 07:39:55,161.83,12.0,215.11,18.0,135.35,26.0,220.79,29.0,188.47,53.28,38.0,47.0,30.2938926188109,85,-9.0,40.0,-0.11,160.2,5.0
2025-03-24 07:39:56,163.7,10.0,207.95,20.0,158.95,21.0,208.87,30.0,185.82,44.25,31.0,50.0,12.39071708982316,81,-19.0,-4.0,-0.23,160.2,
2025-03-24 07:39:57,164.64,11.0,203.82,38.0,162.0,11.0,206.94,17.0,184.23,39.18000000000001,22.0,55.0,12.368608248304744,77,-33.0,-4.0,-0.43,160.2,
2025-03-24 07:40:00,163.14,14.0,194.29,21.0,159.14,84.0,195.25,32.0,178.71,31.15000000000001,98.0,53.0,2.704579449752602,151,45.0,40.0,0.3,162.8,5.0
2025-03-24 07:40:01,158.07,110.0,188.67,27.0,145.25,48.0,189.11,27.0,173.37,30.599999999999994,158.0,54.0,4.610721201723485,212,104.0,61.0,0.49,162.0,2.0
2025-03-24 07:40:02,158.68,66.0,184.0,45.0,153.27,88.0,184.7,30.0,171.34,25.319999999999997,154.0,75.0,5.57040124228236,229,79.0,17.0,0.34,158.0,3.0
2025-03-24 07:40:03,160.56,27.0,180.48,23.0,158.0,85.0,182.0,25.0,170.52,19.919999999999987,112.0,48.0,5.155107176385285,160,64.0,-69.0,0.4,158.0,
2025-03-24 07:40:04,159.65,46.0,175.41,34.0,139.36,66.0,176.45,44.0,167.53,15.759999999999993,112.0,78.0,4.155590210790413,190,34.0,30.0,0.18,161.22,9.0
2025-03-24 07:40:05,158.31,39.0,171.12,17.0,141.48,66.0,172.59,27.0,164.71,12.810000000000002,105.0,44.0,3.399548499435641,149,61.0,-41.0,0.41,161.22,
2025-03-24 07:40:06,160.0,12.0,165.96,24.0,158.0,96.0,168.19,26.0,162.98,5.960000000000008,108.0,50.0,3.607149844408136,158,58.0,9.0,0.37,161.22,
2025-03-24 07:40:07,158.15,26.0,163.95,21.0,154.4,40.0,191.54,13.0,161.05,5.799999999999983,66.0,34.0,3.74157319853723,100,32.0,-58.0,0.32,159.9,10.0
2025-03-24 07:40:08,158.73,11.0,163.0,20.0,152.0,20.0,210.2,5.0,160.86,4.27000000000001,31.0,25.0,2.780293150013274,56,6.0,-44.0,0.11,159.9,
2025-03-24 07:40:09,159.0,32.0,163.0,48.0,152.04,55.0,406.0,12.0,161.0,4.0,87.0,60.0,1.6907542695524536,147,27.0,91.0,0.18,159.9,
2025-03-24 07:40:10,158.22,54.0,379.5,28.0,146.77,26.0,590.57,14.0,268.86,221.28,80.0,42.0,48.03308651336102,122,38.0,-25.0,0.31,163.0,4.0
2025-03-24 07:40:11,159.18,17.0,386.71,7.0,158.14,28.0,478.92,13.0,272.95,227.53,45.0,20.0,60.2312803284144,65,25.0,-57.0,0.38,163.0,
2025-03-24 07:40:12,164.4,20.0,389.2,20.0,161.29,17.0,478.36,11.0,276.8,224.8,37.0,31.0,61.37633403845536,68,6.0,3.0,0.09,163.0,
2025-03-24 07:40:20,164.59,17.0,208.0,50.0,163.09,11.0,213.0,50.0,186.29,43.41,28.0,100.0,1.69376208483788,128,-72.0,2.0,-0.56,167.0,2.0
2025-03-24 07:40:21,164.0,34.0,185.67,43.0,162.0,17.0,185.88,85.0,174.84,21.669999999999987,51.0,128.0,6.58377019647802,179,-77.0,51.0,-0.43,167.0,
2025-03-24 07:40:22,162.34,29.0,176.0,40.0,160.12,41.0,179.09,43.0,169.17,13.659999999999997,70.0,83.0,9.539657750675826,153,-13.0,-26.0,-0.08,164.0,2.0
2025-03-24 07:40:23,161.36,88.0,172.86,56.0,159.5,112.0,173.88,68.0,167.11,11.5,200.0,124.0,10.11211896686476,324,76.0,168.0,0.23,164.0,
2025-03-24 07:40:24,163.14,28.0,169.14,35.0,161.48,67.0,170.04,56.0,166.14,6.0,95.0,91.0,8.306771334280416,186,4.0,-138.0,0.02,164.0,
2025-03-24 07:40:25,163.54,13.0,167.0,14.0,161.59,34.0,169.14,35.0,165.27,3.460000000000008,47.0,49.0,3.826843346678824,96,-2.0,-90.0,-0.02,166.0,1.0
2025-03-24 07:40:26,162.0,56.0,165.21,70.0,161.0,98.0,167.0,28.0,163.61,3.210000000000008,154.0,98.0,2.074102215421976,252,56.0,156.0,0.22,166.0,
2025-03-24 07:40:27,161.08,53.0,165.39,18.0,158.43,49.0,176.92,26.0,163.23,4.309999999999974,102.0,44.0,1.64800485436709,146,58.0,-106.0,0.4,162.0,4.0
2025-03-24 07:40:28,161.0,91.0,163.3,40.0,158.0,96.0,165.1,20.0,162.15,2.300000000000012,187.0,60.0,1.606860292625554,247,127.0,101.0,0.51,163.0,4.0
2025-03-24 07:40:29,161.0,40.0,162.0,24.0,158.0,72.0,164.5,12.0,161.5,1.0,112.0,36.0,1.452143243628515,148,76.0,-99.0,0.51,161.38,8.0
2025-03-24 07:40:30,158.43,56.0,222.92,26.0,127.36,69.0,415.12,32.0,190.68,64.48999999999998,125.0,58.0,12.575831185254511,183,67.0,35.0,0.37,161.5,4.0
2025-03-24 07:40:32,158.0,72.0,314.33,36.0,97.44,39.0,462.8,41.0,236.17,156.32999999999998,111.0,77.0,67.74687040742218,188,34.0,44.0,0.18,161.5,
2025-03-24 07:40:33,160.59,46.0,225.68,44.0,158.63,108.0,339.25,63.0,193.13,65.09,154.0,107.0,62.98881670582534,261,47.0,73.0,0.18,164.0,1.0
2025-03-24 07:40:34,163.69,87.0,214.27,30.0,161.1,126.0,306.23,44.0,188.98,50.58000000000001,213.0,74.0,57.46755667330974,287,139.0,26.0,0.48,166.33,3.0
2025-03-24 07:40:35,163.03,62.0,208.0,14.0,160.14,59.0,310.29,28.0,185.52,44.97,121.0,42.0,58.30936588576543,163,79.0,-124.0,0.48,166.33,
2025-03-24 07:40:36,164.15,13.0,202.84,32.0,163.0,156.0,372.98,45.0,183.5,38.69,169.0,77.0,21.946347076450845,246,92.0,83.0,0.37,166.33,
2025-03-24 07:40:37,163.07,72.0,176.92,26.0,161.41,51.0,178.63,43.0,170.0,13.849999999999994,123.0,69.0,8.753032617329357,192,54.0,-54.0,0.28,163.5,6.0
2025-03-24 07:40:38,162.77,35.0,175.0,20.0,160.22,27.0,176.16,25.0,168.89,12.22999999999999,62.0,45.0,9.285182819957155,107,17.0,-85.0,0.16,162.56,9.0
2025-03-24 07:40:39,160.45,11.0,173.36,22.0,158.48,63.0,176.0,33.0,166.91,12.910000000000023,74.0,55.0,8.813258761662667,129,19.0,22.0,0.15,160.33,3.0
2025-03-24 07:40:40,160.0,10.0,170.9,29.0,158.0,86.0,171.9,21.0,165.45,10.900000000000006,96.0,50.0,7.232223033066681,146,46.0,17.0,0.32,160.33,
2025-03-24 07:40:41,160.0,5.0,169.38,16.0,158.0,85.0,170.15,13.0,164.69,9.379999999999995,90.0,29.0,2.2439964349385373,119,61.0,-27.0,0.51,160.33,
2025-03-24 07:40:42,160.06,48.0,164.64,53.0,158.15,156.0,165.85,62.0,162.35,4.579999999999984,204.0,115.0,2.4462461037302696,319,89.0,168.0,0.28,161.0,1.0
2025-03-24 07:40:43,158.8,75.0,161.65,34.0,150.73,85.0,163.72,69.0,160.22,2.8499999999999943,160.0,103.0,2.6471078557576866,263,57.0,-56.0,0.22,159.14,7.0
2025-03-24 07:40:44,158.0,60.0,163.43,28.0,129.7,10.0,194.0,12.0,160.71,5.430000000000007,70.0,40.0,2.3320763280846992,110,30.0,-153.0,0.27,161.4,5.0
2025-03-24 07:40:45,158.83,36.0,180.61,31.0,154.62,58.0,372.84,19.0,169.72,21.78,94.0,50.0,3.871765747047944,144,44.0,34.0,0.31,162.0,1.0
2025-03-24 07:40:46,128.62,13.0,251.19,21.0,57.37,51.0,289.06,18.0,189.9,122.57,64.0,39.0,12.51480523220469,103,25.0,-41.0,0.24,158.25,8.0
2025-03-24 07:40:47,158.14,69.0,225.43,21.0,110.0,59.0,234.22,18.0,191.79,67.29000000000002,128.0,39.0,15.435591015572504,167,89.0,64.0,0.53,158.25,
2025-03-24 07:40:48,164.0,54.0,221.56,9.0,161.0,48.0,222.44,9.0,192.78,57.56,102.0,18.0,14.776019423377454,120,84.0,-47.0,0.7,158.25,
2025-03-24 07:40:49,164.0,60.0,196.31,16.0,161.0,64.0,219.86,14.0,180.16,32.31,124.0,30.0,9.842027230201664,154,94.0,34.0,0.61,164.0,4.0
2025-03-24 07:40:50,164.0,20.0,173.4,10.0,161.0,32.0,196.25,8.0,168.7,9.400000000000006,52.0,18.0,10.237191020979871,70,34.0,-84.0,0.49,164.0,
2025-03-24 07:40:51,164.0,35.0,171.56,9.0,161.0,57.0,172.83,12.0,167.78,7.560000000000002,92.0,21.0,12.03207878963677,113,71.0,43.0,0.63,164.0,
2025-03-24 07:40:52,164.0,52.0,169.8,20.0,161.0,81.0,172.0,10.0,166.9,5.800000000000011,133.0,30.0,11.1784829024346,163,103.0,50.0,0.63,164.0,
2025-03-24 07:40:53,164.0,89.0,168.4,20.0,162.38,104.0,288.15,13.0,166.2,4.400000000000006,193.0,33.0,5.785336636706445,226,160.0,63.0,0.71,164.0,1.0
2025-03-24 07:40:55,164.0,39.0,169.56,18.0,163.0,96.0,170.71,17.0,166.78,5.560000000000002,135.0,35.0,0.9563472172884874,170,100.0,100.0,0.59,164.0,3.0
2025-03-24 07:40:56,164.0,33.0,166.0,11.0,163.0,88.0,169.0,11.0,165.0,2.0,121.0,22.0,1.318135046197818,143,99.0,-27.0,0.69,164.0,
2025-03-24 07:40:57,164.0,45.0,165.59,17.0,163.0,136.0,278.34,32.0,164.79,1.5900000000000034,181.0,49.0,1.555994858608006,230,132.0,87.0,0.57,164.0,1.0
2025-03-24 07:40:58,163.25,40.0,164.6,10.0,162.0,80.0,220.0,40.0,163.93,1.3499999999999943,120.0,50.0,1.8827559586983469,170,70.0,-60.0,0.41,163.5,4.0
2025-03-24 07:40:59,163.0,39.0,245.86,7.0,161.0,56.0,370.16,19.0,204.43,82.86000000000001,95.0,26.0,17.60824607960772,121,69.0,-49.0,0.57,163.0,1.0
2025-03-24 07:41:00,163.0,75.0,251.24,50.0,161.46,104.0,293.98,61.0,207.12,88.24000000000001,179.0,111.0,22.5906713047671,290,68.0,168.0,0.23,163.0,
2025-03-24 07:41:01,163.0,36.0,241.22,36.0,162.0,54.0,243.0,45.0,202.11,78.22,90.0,81.0,22.08816153508558,171,9.0,-119.0,0.05,163.0,3.0
2025-03-24 07:41:02,162.0,42.0,240.71,56.0,161.0,112.0,302.09,46.0,201.36,78.71000000000001,154.0,102.0,17.951639200920905,256,52.0,85.0,0.2,162.4,5.0
2025-03-24 07:41:03,161.77,31.0,239.0,36.0,160.89,72.0,326.0,36.0,200.39,77.22999999999999,103.0,72.0,2.7055258269042928,175,31.0,-81.0,0.18,161.75,4.0
2025-03-24 07:41:04,161.0,91.0,188.54,52.0,160.0,104.0,207.77,52.0,174.77,27.539999999999992,195.0,104.0,12.777799106264013,299,91.0,124.0,0.3,161.75,
2025-03-24 07:41:05,161.0,50.0,179.2,40.0,160.0,80.0,181.0,40.0,170.1,18.19999999999999,130.0,80.0,15.900425466006746,210,50.0,-89.0,0.24,161.0,4.0
2025-03-24 07:41:11,162.89,27.0,167.27,60.0,161.29,34.0,211.47,30.0,165.08,4.380000000000024,61.0,90.0,2.7324897072119025,151,-29.0,-30.0,-0.19,162.2,5.0
2025-03-24 07:41:12,160.0,57.0,166.27,44.0,159.0,121.0,220.64,22.0,163.14,6.27000000000001,178.0,66.0,2.7754314979868533,244,112.0,93.0,0.46,160.0,2.0
2025-03-24 07:41:13,159.18,87.0,164.67,48.0,158.48,92.0,339.0,24.0,161.93,5.489999999999981,179.0,72.0,2.5819333841166707,251,107.0,7.0,0.43,159.56,9.0
2025-03-24 07:41:14,161.13,15.0,250.94,16.0,158.48,58.0,360.44,18.0,206.04,89.81,73.0,34.0,18.79763016978529,107,39.0,-144.0,0.36,159.56,
2025-03-24 07:41:15,163.0,10.0,336.0,10.0,158.2,45.0,344.8,20.0,249.5,173.0,55.0,30.0,38.48443607486064,85,25.0,-22.0,0.29,159.56,
2025-03-24 07:41:16,163.0,9.0,317.09,35.0,158.0,54.0,325.77,30.0,240.04,154.08999999999995,63.0,65.0,41.26933849724328,128,-2.0,43.0,-0.02,159.56,
2025-03-24 07:41:17,163.0,10.0,281.21,29.0,158.0,60.0,301.39,41.0,222.1,118.20999999999998,70.0,70.0,34.49680304028267,140,0.0,12.0,0.0,159.56,
2025-03-24 07:41:18,163.0,10.0,300.02,44.0,158.54,39.0,301.23,26.0,231.51,137.01999999999998,49.0,70.0,16.730900155104226,119,-21.0,-21.0,-0.18,159.56,
2025-03-24 07:41:19,163.29,14.0,294.71,48.0,161.75,20.0,297.38,42.0,229.0,131.42,34.0,90.0,10.590292724947224,124,-56.0,5.0,-0.45,159.56,
2025-03-24 07:41:20,164.0,6.0,259.88,8.0,163.0,6.0,281.85,20.0,211.94,95.88,12.0,28.0,10.549427472619724,40,-16.0,-84.0,-0.4,159.56,
2025-03-24 07:41:21,164.0,14.0,237.76,34.0,163.0,14.0,239.03,62.0,200.88,73.75999999999999,28.0,96.0,12.69105117789923,124,-68.0,84.0,-0.55,159.56,
2025-03-24 07:41:22,164.0,17.0,236.0,22.0,163.0,11.0,239.0,55.0,200.0,72.0,28.0,77.0,15.014662167363396,105,-49.0,-19.0,-0.47,159.56,
2025-03-24 07:41:23,164.0,21.0,234.65,34.0,163.0,15.0,238.7,53.0,199.32,70.65,36.0,87.0,12.711220240403687,123,-51.0,18.0,-0.41,159.56,
2025-03-24 07:41:24,164.0,10.0,232.9,40.0,163.0,10.0,237.23,13.0,198.45,68.9,20.0,53.0,5.562672019815951,73,-33.0,-50.0,-0.45,159.56,
2025-03-24 07:41:25,164.95,19.0,231.0,12.0,163.58,12.0,232.0,48.0,197.97,66.05000000000001,31.0,60.0,1.1699700851051094,91,-29.0,18.0,-0.32,159.56,
2025-03-24 07:41:30,163.23,39.0,178.33,15.0,163.4,15.0,179.4,15.0,170.78,15.100000000000025,54.0,30.0,10.474042677019392,84,24.0,-18.0,0.29,164.43,7.0
2025-03-24 07:41:31,162.0,99.0,174.18,11.0,161.0,11.0,175.18,11.0,168.09,12.180000000000009,110.0,22.0,3.844701548887603,132,88.0,48.0,0.67,164.43,
2025-03-24 07:41:32,162.0,30.0,171.78,18.0,161.0,9.0,172.21,24.0,166.89,9.78,39.0,42.0,3.905223425108608,81,-3.0,-51.0,-0.04,162.0,8.0
2025-03-24 07:41:33,161.2,15.0,168.94,16.0,159.8,15.0,170.42,19.0,165.07,7.740000000000009,30.0,35.0,3.8349511079041534,65,-5.0,-16.0,-0.08,161.5,2.0
2025-03-24 07:41:34,160.0,45.0,165.93,15.0,158.0,72.0,168.12,26.0,162.97,5.930000000000007,117.0,41.0,2.965063237101928,158,76.0,93.0,0.48,163.25,8.0
2025-03-24 07:41:35,160.0,51.0,165.6,15.0,158.0,90.0,167.0,60.0,162.8,5.599999999999994,141.0,75.0,2.342622462116348,216,66.0,58.0,0.31,163.25,
2025-03-24 07:41:36,160.0,13.0,163.78,18.0,158.0,54.0,164.56,27.0,161.89,3.780000000000001,67.0,45.0,2.026149056711053,112,22.0,-104.0,0.2,160.0,2.0
2025-03-24 07:41:37,158.52,27.0,161.03,33.0,157.94,70.0,164.67,18.0,159.77,2.509999999999991,97.0,51.0,1.9196874745671455,148,46.0,36.0,0.31,160.0,1.0
2025-03-24 07:41:38,158.0,54.0,161.0,40.0,157.0,20.0,167.0,40.0,159.5,3.0,74.0,80.0,1.6530970933399929,154,-6.0,6.0,-0.04,158.0,1.0
2025-03-24 07:41:39,158.0,30.0,161.0,24.0,157.0,12.0,167.0,24.0,159.5,3.0,42.0,48.0,1.5468257820480602,90,-6.0,-64.0,-0.07,158.0,
2025-03-24 07:41:40,158.0,21.0,161.0,36.0,157.0,18.0,167.0,36.0,159.5,3.0,39.0,72.0,1.0452128969774908,111,-33.0,21.0,-0.3,158.0,4.0
2025-03-24 07:41:41,158.74,46.0,280.53,60.0,157.81,104.0,403.4,60.0,219.64,121.78999999999996,150.0,120.0,26.865493109191505,270,30.0,159.0,0.11,160.0,4.0
2025-03-24 07:41:42,164.0,10.0,419.74,46.0,159.0,24.0,497.0,40.0,291.87,255.74,34.0,86.0,58.58032195200054,120,-52.0,-150.0,-0.43,160.0,
2025-03-24 07:41:43,164.0,13.0,259.98,60.0,159.0,118.0,339.28,57.0,211.99,95.98000000000002,131.0,117.0,54.51797089034078,248,14.0,128.0,0.06,160.0,
2025-03-24 07:41:44,159.18,74.0,186.38,40.0,158.77,155.0,300.5,32.0,172.78,27.19999999999999,229.0,72.0,51.78919607408524,301,157.0,53.0,0.52,160.67,3.0
2025-03-24 07:41:45,159.01,191.0,186.0,55.0,158.16,143.0,262.36,44.0,172.5,26.99000000000001,334.0,99.0,48.7868509949151,433,235.0,132.0,0.54,159.2,5.0
2025-03-24 07:41:46,162.93,164.0,186.0,60.0,159.67,196.0,330.0,40.0,174.46,23.069999999999997,360.0,100.0,51.531386067134285,460,260.0,27.0,0.57,159.2,
2025-03-24 07:41:47,164.0,173.0,184.92,60.0,162.0,132.0,232.56,48.0,174.46,20.919999999999987,305.0,108.0,17.215243826330905,413,197.0,-47.0,0.48,164.0,5.0
2025-03-24 07:41:48,164.0,126.0,183.0,45.0,162.0,99.0,185.0,45.0,173.5,19.0,225.0,90.0,0.9156418513910018,315,135.0,-98.0,0.43,164.0,
2025-03-24 07:41:49,164.83,72.0,182.28,36.0,163.36,103.0,183.94,36.0,173.56,17.44999999999999,175.0,72.0,0.8146655755700355,247,103.0,-68.0,0.42,164.0,
2025-03-24 07:41:54,164.94,77.0,167.78,51.0,163.9,155.0,169.25,53.0,166.36,2.8400000000000034,232.0,104.0,2.3750621044544573,336,128.0,-72.0,0.38,165.71,7.0
2025-03-24 07:41:55,164.0,156.0,165.98,54.0,163.0,70.0,223.19,48.0,164.99,1.9799999999999895,226.0,102.0,2.6417134591046074,328,124.0,-8.0,0.38,164.0,7.0
2025-03-24 07:41:56,164.0,76.0,165.35,23.0,163.0,55.0,276.18,33.0,164.67,1.3499999999999943,131.0,56.0,2.4352925902267755,187,75.0,-141.0,0.4,164.0,3.0
2025-03-24 07:41:57,164.0,22.0,209.0,20.0,163.0,30.0,344.2,20.0,186.5,45.0,52.0,40.0,9.239955086471792,92,12.0,-95.0,0.13,164.0,2.0
2025-03-24 07:41:58,164.0,30.0,352.25,32.0,163.0,50.0,432.16,38.0,258.12,188.25,80.0,70.0,40.190238491455,150,10.0,58.0,0.07,164.0,
2025-03-24 07:41:59,164.0,12.0,406.71,14.0,163.0,20.0,487.5,16.0,285.36,242.71,32.0,30.0,56.14498437082381,62,2.0,-88.0,0.03,164.0,
2025-03-24 07:42:00,162.49,105.0,429.52,82.0,161.99,255.0,449.11,64.0,296.01,267.03,360.0,146.0,59.25030776291438,506,214.0,168.0,0.42,163.38,8.0
2025-03-24 07:42:01,162.52,138.0,221.9,49.0,161.65,102.0,246.66,41.0,192.21,59.38,240.0,90.0,51.48511969491841,330,150.0,-168.0,0.45,163.38,
2025-03-24 07:42:02,163.2,150.0,199.62,80.0,161.85,188.0,343.0,64.0,181.41,36.420000000000016,338.0,144.0,52.92750201927232,482,194.0,152.0,0.4,166.4,5.0
2025-03-24 07:42:03,162.12,206.0,199.0,60.0,161.19,86.0,278.48,46.0,180.56,36.88,292.0,106.0,58.3388271222525,398,186.0,-84.0,0.47,166.4,
2025-03-24 07:42:05,164.4,50.0,186.33,36.0,161.95,211.0,196.82,49.0,175.37,21.930000000000007,261.0,85.0,6.129247914714213,346,176.0,-95.0,0.51,166.0,3.0
2025-03-24 07:42:06,164.28,43.0,194.64,33.0,161.95,174.0,223.0,30.0,179.46,30.359999999999985,217.0,63.0,2.5982551837774506,280,154.0,-66.0,0.55,166.0,
2025-03-24 07:42:08,164.0,41.0,192.87,31.0,163.0,11.0,194.76,50.0,178.44,28.870000000000005,52.0,81.0,2.4438187330540555,133,-29.0,-19.0,-0.22,164.0,4.0
2025-03-24 07:42:09,164.0,42.0,192.25,60.0,163.0,14.0,193.85,47.0,178.12,28.25,56.0,107.0,1.92302366080746,163,-51.0,30.0,-0.31,164.0,
2025-03-24 07:42:10,164.0,33.0,189.38,29.0,163.0,11.0,191.23,39.0,176.69,25.379999999999995,44.0,68.0,1.435694953681162,112,-24.0,-51.0,-0.21,164.0,
2025-03-24 07:42:11,164.0,24.0,185.33,12.0,163.0,8.0,186.31,36.0,174.67,21.330000000000013,32.0,48.0,2.165855489183157,80,-16.0,-32.0,-0.2,164.0,
2025-03-24 07:42:12,162.09,139.0,182.71,17.0,161.05,79.0,183.46,37.0,172.4,20.620000000000005,218.0,54.0,2.5314284505044924,272,164.0,168.0,0.6,163.4,5.0
2025-03-24 07:42:13,162.0,228.0,180.7,46.0,161.0,132.0,181.44,36.0,171.35,18.69999999999999,360.0,82.0,2.8352830546565437,442,278.0,168.0,0.63,163.4,
2025-03-24 07:42:14,162.0,134.0,177.64,47.0,161.0,143.0,179.09,45.0,169.82,15.639999999999986,277.0,92.0,2.720244474311329,369,185.0,-73.0,0.5,162.0,9.0
2025-03-24 07:42:15,162.0,50.0,173.8,40.0,161.0,130.0,174.91,32.0,167.9,11.800000000000011,180.0,72.0,2.563877922214709,252,108.0,-117.0,0.43,162.0,
2025-03-24 07:42:16,162.0,70.0,167.33,39.0,161.0,182.0,169.0,52.0,164.67,5.3300000000000125,252.0,91.0,3.0599787580992333,343,161.0,91.0,0.47,162.0,
2025-03-24 07:42:17,161.19,78.0,162.52,44.0,160.39,99.0,164.09,35.0,161.86,1.3300000000000125,177.0,79.0,3.855560918986605,256,98.0,-87.0,0.38,161.56,9.0
2025-03-24 07:42:18,160.73,73.0,223.13,53.0,159.9,100.0,401.19,42.0,191.93,62.400000000000006,173.0,95.0,11.962413218076872,268,78.0,12.0,0.29,161.0,9.0
2025-03-24 07:42:22,162.32,25.0,197.84,31.0,160.53,68.0,259.69,29.0,180.08,35.52000000000001,93.0,60.0,98.88525486643655,153,33.0,-55.0,0.22,162.5,4.0
2025-03-24 07:42:23,162.0,33.0,346.31,29.0,160.0,80.0,488.6,30.0,254.16,184.31,113.0,59.0,85.98736372281759,172,54.0,19.0,0.31,162.0,5.0
2025-03-24 07:42:25,160.02,91.0,368.55,38.0,159.17,60.0,602.23,39.0,264.29,208.53,151.0,77.0,82.03647438792156,228,74.0,102.0,0.32,161.0,2.0
2025-03-24 07:42:26,159.4,67.0,414.45,44.0,135.31,39.0,539.32,38.0,286.93,255.05,106.0,82.0,63.34318771580806,188,24.0,-40.0,0.13,161.0,
2025-03-24 07:42:27,134.62,32.0,393.11,36.0,93.0,27.0,559.76,29.0,263.87,258.49,59.0,65.0,41.47630624826793,124,-6.0,-64.0,-0.05,159.0,5.0
2025-03-24 07:42:28,156.93,44.0,276.62,29.0,140.92,38.0,514.76,34.0,216.78,119.69,82.0,63.0,50.76743661048984,145,19.0,21.0,0.13,159.0,
2025-03-24 07:42:29,161.81,16.0,270.0,12.0,158.36,11.0,640.0,16.0,215.91,108.19,27.0,28.0,31.72190378902381,55,-1.0,-90.0,-0.02,159.0,
2025-03-24 07:42:30,162.0,45.0,269.86,21.0,160.0,9.0,489.64,33.0,215.93,107.86,54.0,54.0,33.43275310231084,108,0.0,53.0,0.0,159.0,
2025-03-24 07:42:31,162.27,41.0,236.64,22.0,158.39,56.0,414.7,53.0,199.45,74.36999999999998,97.0,75.0,24.30035020323907,172,22.0,64.0,0.13,162.5,10.0
2025-03-24 07:42:34,163.0,22.0,196.62,26.0,161.0,11.0,197.36,36.0,179.81,33.620000000000005,33.0,62.0,14.367094347850571,95,-29.0,-12.0,-0.31,162.5,
2025-03-24 07:42:35,163.0,18.0,193.44,9.0,161.0,9.0,195.0,27.0,178.22,30.44,27.0,36.0,9.14079974619475,63,-9.0,-32.0,-0.14,162.5,
2025-03-24 07:42:36,163.0,24.0,191.38,26.0,161.0,12.0,191.64,22.0,177.19,28.379999999999995,36.0,48.0,6.459696587304298,84,-12.0,21.0,-0.14,162.5,
2025-03-24 07:42:37,164.22,37.0,188.15,34.0,161.31,13.0,190.21,14.0,176.18,23.930000000000007,50.0,48.0,2.801918985272081,98,2.0,14.0,0.02,162.5,
2025-03-24 07:42:50,164.89,19.0,326.2,25.0,162.11,71.0,345.22,23.0,245.55,161.31,90.0,48.0,29.66415480002947,138,42.0,69.0,0.3,164.0,7.0
2025-03-24 07:42:51,161.76,49.0,287.55,49.0,159.32,59.0,315.08,37.0,224.65,125.79000000000002,108.0,86.0,35.440116816964725,194,22.0,56.0,0.11,162.0,7.0
2025-03-24 07:42:52,160.0,33.0,236.54,35.0,158.0,110.0,272.18,33.0,198.27,76.53999999999999,143.0,68.0,34.21232526444353,211,75.0,17.0,0.36,162.0,
2025-03-24 07:42:53,160.0,27.0,163.88,33.0,158.0,90.0,195.64,33.0,161.94,3.879999999999996,117.0,66.0,36.904930835866,183,51.0,-28.0,0.28,162.0,
2025-03-24 07:42:54,158.52,85.0,160.8,45.0,147.63,195.0,363.62,47.0,159.66,2.280000000000001,280.0,92.0,37.88659433097719,372,188.0,168.0,0.51,160.0,3.0
2025-03-24 07:42:55,158.0,99.0,160.0,23.0,156.0,33.0,277.55,33.0,159.0,2.0,132.0,56.0,29.604967995253997,188,76.0,-168.0,0.4,160.0,2.0
2025-03-24 07:42:56,159.55,103.0,273.5,26.0,156.7,69.0,331.43,44.0,216.53,113.95,172.0,70.0,26.66871294232272,242,102.0,54.0,0.42,160.0,1.0
2025-03-24 07:42:57,160.01,83.0,276.0,25.0,158.37,105.0,351.45,62.0,218.01,115.99,188.0,87.0,31.28192880881892,275,101.0,33.0,0.37,159.0,4.0
2025-03-24 07:42:58,165.0,72.0,273.47,19.0,159.49,82.0,274.78,23.0,219.24,108.47000000000004,154.0,42.0,32.109902989576725,196,112.0,-79.0,0.57,159.0,
2025-03-24 07:42:59,165.0,66.0,272.64,22.0,162.1,31.0,274.0,11.0,218.82,107.64,97.0,33.0,26.472905960624,130,64.0,-66.0,0.49,159.0,
2025-03-24 07:43:00,165.0,96.0,271.19,32.0,162.2,50.0,274.0,16.0,218.09,106.19,146.0,48.0,1.0348768042889638,194,98.0,64.0,0.51,159.0,
2025-03-24 07:43:01,165.0,72.0,267.5,18.0,162.82,44.0,269.33,18.0,216.25,102.5,116.0,36.0,1.145325281330708,152,80.0,-42.0,0.53,159.0,
2025-03-24 07:43:02,165.0,48.0,266.0,17.0,163.0,36.0,267.4,10.0,215.5,101.0,84.0,27.0,1.631609634702697,111,57.0,-41.0,0.51,165.0,2.0
2025-03-24 07:43:03,165.0,28.0,255.23,13.0,163.0,52.0,263.7,23.0,210.12,90.23,80.0,36.0,3.424533544886434,116,44.0,5.0,0.38,165.0,2.0
2025-03-24 07:43:04,163.55,29.0,253.57,40.0,162.25,65.0,267.62,40.0,208.56,90.01999999999998,94.0,80.0,4.130693646356495,174,14.0,58.0,0.08,164.33,3.0
2025-03-24 07:43:05,163.11,37.0,215.26,47.0,162.03,87.0,216.56,32.0,189.18,52.14999999999998,124.0,79.0,10.991843339496905,203,45.0,29.0,0.22,164.33,
2025-03-24 07:43:06,162.62,48.0,214.52,33.0,162.2,30.0,214.91,32.0,188.57,51.900000000000006,78.0,65.0,12.60149118160368,143,13.0,-60.0,0.09,164.0,4.0
2025-03-24 07:43:07,162.0,98.0,208.35,17.0,161.0,28.0,212.78,23.0,185.18,46.35,126.0,40.0,11.993740867637069,166,86.0,23.0,0.52,164.0,
2025-03-24 07:43:08,162.0,59.0,205.26,31.0,161.0,28.0,206.88,25.0,183.63,43.25999999999999,87.0,56.0,10.07170938818336,143,31.0,-23.0,0.22,162.0,3.0
2025-03-24 07:43:09,161.86,28.0,194.18,11.0,160.75,16.0,195.11,19.0,178.02,32.31999999999999,44.0,30.0,4.494766957252956,74,14.0,-69.0,0.19,161.8,5.0
2025-03-24 07:43:10,161.0,11.0,191.61,23.0,160.0,11.0,192.23,31.0,176.3,30.610000000000014,22.0,54.0,5.091330867269337,76,-32.0,2.0,-0.42,161.8,
2025-03-24 07:43:11,162.68,19.0,185.05,39.0,160.73,11.0,189.04,27.0,173.87,22.370000000000005,30.0,66.0,4.832095818586969,96,-36.0,20.0,-0.38,161.8,
2025-03-24 07:43:12,161.54,13.0,186.18,11.0,160.09,11.0,188.87,47.0,173.86,24.64000000000001,24.0,58.0,4.032719925807219,82,-34.0,-14.0,-0.41,163.0,2.0
2025-03-24 07:43:13,159.63,57.0,180.58,55.0,158.0,30.0,181.28,36.0,170.11,20.950000000000017,87.0,91.0,2.9868829906775454,178,-4.0,96.0,-0.02,160.2,5.0
2025-03-24 07:43:14,162.0,39.0,175.0,26.0,158.28,25.0,176.06,17.0,168.5,13.0,64.0,43.0,3.157320066131434,107,21.0,-71.0,0.2,160.2,
2025-03-24 07:43:15,162.67,27.0,171.28,18.0,160.69,16.0,172.81,31.0,166.97,8.610000000000014,43.0,49.0,3.1276300932165197,92,-6.0,-15.0,-0.07,160.2,
2025-03-24 07:43:16,165.0,25.0,166.68,25.0,161.0,36.0,168.29,17.0,165.84,1.6800000000000068,61.0,42.0,3.1301964794548147,103,19.0,11.0,0.18,165.0,1.0
2025-03-24 07:43:17,163.4,20.0,165.17,36.0,160.75,32.0,170.75,32.0,164.28,1.7699999999999818,52.0,68.0,2.2676529716842966,120,-16.0,17.0,-0.13,165.0,1.0
2025-03-24 07:43:18,161.04,23.0,164.12,32.0,159.71,17.0,196.81,21.0,162.58,3.0800000000000125,40.0,53.0,2.302255415888184,93,-13.0,-27.0,-0.14,163.0,2.0
2025-03-24 07:43:19,159.9,39.0,161.2,60.0,158.52,25.0,206.46,37.0,160.55,1.299999999999983,64.0,97.0,2.5590095740313767,161,-33.0,68.0,-0.2,160.0,3.0
2025-03-24 07:43:20,159.0,9.0,189.89,27.0,158.0,27.0,301.58,24.0,174.44,30.889999999999983,36.0,51.0,5.35138486748863,87,-15.0,-74.0,-0.17,160.0,
2025-03-24 07:43:21,160.73,74.0,230.6,30.0,159.35,26.0,309.69,32.0,195.66,69.87,100.0,62.0,14.525378480438802,162,38.0,75.0,0.23,160.0,
2025-03-24 07:43:22,162.11,44.0,229.25,16.0,160.79,19.0,367.75,16.0,195.68,67.13999999999999,63.0,32.0,17.16954338356159,95,31.0,-67.0,0.33,162.0,3.0
2025-03-24 07:43:23,162.0,36.0,227.6,30.0,161.0,48.0,262.5,36.0,194.8,65.6,84.0,66.0,16.04726394124596,150,18.0,55.0,0.12,162.0,
2025-03-24 07:43:24,162.87,45.0,208.06,32.0,161.0,60.0,224.86,44.0,185.46,45.19,105.0,76.0,9.312986631581724,181,29.0,31.0,0.16,162.0,
2025-03-24 07:43:25,164.0,33.0,214.64,22.0,161.0,44.0,217.14,28.0,189.32,50.63999999999999,77.0,50.0,4.597899520435839,127,27.0,-54.0,0.21,162.0,
2025-03-24 07:43:26,164.0,33.0,207.25,24.0,161.0,44.0,213.64,22.0,185.62,43.25,77.0,46.0,4.883797702610258,123,31.0,-4.0,0.25,162.0,
2025-03-24 07:43:27,164.67,27.0,211.0,25.0,161.0,36.0,212.05,19.0,187.83,46.33000000000001,63.0,44.0,3.817431073381538,107,19.0,-16.0,0.18,162.0,
2025-03-24 07:43:28,161.0,48.0,186.94,35.0,159.0,12.0,199.34,38.0,173.97,25.94,60.0,73.0,6.0696004810871,133,-13.0,26.0,-0.1,160.6,5.0
2025-03-24 07:43:29,158.29,136.0,165.84,37.0,157.33,36.0,167.04,46.0,162.07,7.550000000000011,172.0,83.0,11.590063416565323,255,89.0,122.0,0.35,160.6,
2025-03-24 07:43:30,159.0,70.0,161.81,21.0,158.0,21.0,163.32,25.0,160.4,2.8100000000000023,91.0,46.0,12.78257290219764,137,45.0,-118.0,0.33,160.6,
2025-03-24 07:43:31,159.76,110.0,161.14,44.0,157.33,36.0,176.25,48.0,160.45,1.3799999999999957,146.0,92.0,11.982711713130293,238,54.0,101.0,0.23,160.33,9.0
2025-03-24 07:43:32,157.16,19.0,163.69,16.0,156.2,30.0,289.16,19.0,160.42,6.530000000000001,49.0,35.0,5.917294145129289,84,14.0,-154.0,0.17,164.0,1.0
2025-03-24 07:43:35,161.57,69.0,327.0,20.0,154.0,27.0,383.0,30.0,244.28,165.43,96.0,50.0,40.97094885403614,146,46.0,73.0,0.32,166.0,1.0
2025-03-24 07:43:36,162.0,92.0,360.33,27.0,157.75,48.0,466.77,26.0,261.17,198.33,140.0,53.0,38.39344123675394,193,87.0,47.0,0.45,162.0,1.0
2025-03-24 07:43:37,163.11,18.0,357.22,27.0,161.76,84.0,570.54,26.0,260.17,194.11,102.0,53.0,15.682293518491148,155,49.0,-38.0,0.32,162.0,
2025-03-24 07:43:41,164.0,4.0,263.33,9.0,162.0,40.0,366.91,11.0,213.67,99.32999999999998,44.0,20.0,63.296386705721,64,24.0,-18.0,0.38,162.0,
2025-03-24 07:43:42,164.0,5.0,350.0,15.0,162.0,50.0,0.0,0.0,257.0,186.0,55.0,15.0,63.610820856204754,70,40.0,6.0,0.57,162.0,
2025-03-24 07:43:43,164.0,7.0,411.88,17.0,162.0,70.0,412.0,6.0,287.94,247.88,77.0,23.0,36.57232532940911,100,54.0,30.0,0.54,162.0,
2025-03-24 07:43:44,162.0,55.0,261.56,18.0,161.0,24.0,349.06,17.0,211.78,99.56,79.0,35.0,32.454139643504725,114,44.0,14.0,0.39,162.33,6.0
2025-03-24 07:43:45,162.75,48.0,353.05,22.0,161.29,34.0,485.7,10.0,257.9,190.3,82.0,32.0,32.54698941530699,114,50.0,0.0,0.44,162.33,
2025-03-24 07:43:46,164.0,54.0,409.5,10.0,162.0,30.0,410.14,14.0,286.75,245.5,84.0,24.0,30.961302944161307,108,60.0,-6.0,0.56,162.33,
2025-03-24 07:43:47,164.62,26.0,285.35,23.0,163.76,82.0,329.89,19.0,224.98,120.73000000000002,108.0,42.0,34.872268351802404,150,66.0,42.0,0.44,162.33,
2025-03-24 07:43:48,164.87,157.0,232.08,39.0,163.63,107.0,238.73,33.0,198.47,67.21000000000001,264.0,72.0,35.957333466208055,336,192.0,168.0,0.57,164.5,4.0
2025-03-24 07:43:49,165.0,182.0,218.89,37.0,164.0,84.0,219.04,28.0,191.95,53.88999999999999,266.0,65.0,40.14323043802128,331,201.0,-5.0,0.61,164.5,
2025-03-24 07:43:50,165.0,143.0,214.11,27.0,164.0,66.0,215.53,17.0,189.56,49.110000000000014,209.0,44.0,40.75400311625904,253,165.0,-78.0,0.65,164.5,
2025-03-24 07:43:51,165.0,143.0,211.06,32.0,164.0,66.0,212.85,20.0,188.03,46.06,209.0,52.0,15.277354810307084,261,157.0,8.0,0.6,164.5,
2025-03-24 07:43:56,164.17,48.0,188.46,37.0,162.46,52.0,189.73,33.0,176.31,24.29000000000002,100.0,70.0,2.621631171613569,170,30.0,65.0,0.18,165.33,3.0
2025-03-24 07:43:57,164.0,65.0,185.92,39.0,162.0,65.0,188.0,52.0,174.96,21.919999999999987,130.0,91.0,2.30452381197782,221,39.0,51.0,0.18,165.33,
2025-03-24 07:43:58,164.0,64.0,183.31,45.0,162.0,54.0,184.51,45.0,173.66,19.31,118.0,90.0,2.0674210988499424,208,28.0,-13.0,0.13,165.33,
2025-03-24 07:43:59,164.0,84.0,180.14,49.0,161.56,36.0,181.21,56.0,172.07,16.139999999999986,120.0,105.0,2.219475163178752,225,15.0,17.0,0.07,165.33,
2025-03-24 07:44:02,164.0,78.0,167.31,39.0,162.08,39.0,170.0,39.0,165.65,3.3100000000000023,117.0,78.0,3.2050787821766065,195,39.0,-90.0,0.2,165.33,
2025-03-24 07:44:03,164.0,58.0,165.56,27.0,163.0,36.0,167.0,36.0,164.78,1.5600000000000025,94.0,63.0,3.4505724162746185,157,31.0,-38.0,0.2,164.0,4.0
2025-03-24 07:44:04,163.29,21.0,165.71,21.0,162.38,24.0,181.0,24.0,164.5,2.420000000000016,45.0,45.0,3.257603413546884,90,0.0,-67.0,0.0,164.0,2.0
2025-03-24 07:44:05,163.0,21.0,166.0,21.0,162.0,16.0,266.6,15.0,164.5,3.0,37.0,36.0,1.8683629197640717,73,1.0,-17.0,0.01,164.0,
2025-03-24 07:44:06,162.9,29.0,166.0,36.0,161.9,30.0,267.0,36.0,164.45,3.0999999999999943,59.0,72.0,0.505598655009614,131,-13.0,58.0,-0.1,162.6,5.0
2025-03-24 07:44:07,162.0,14.0,164.62,24.0,161.0,14.0,267.0,42.0,163.31,2.6200000000000045,28.0,66.0,0.5728612396964705,94,-38.0,-37.0,-0.4,164.0,2.0
2025-03-24 07:44:08,162.0,12.0,163.5,12.0,160.45,101.0,315.72,32.0,162.75,1.5,113.0,44.0,0.8205303162868282,157,69.0,63.0,0.44,164.0,
2025-03-24 07:44:09,161.01,91.0,431.34,29.0,160.1,89.0,555.67,21.0,296.18,270.33,180.0,50.0,59.22811891323242,230,130.0,73.0,0.57,162.0,1.0
2025-03-24 07:44:10,161.0,108.0,344.67,39.0,160.0,96.0,362.02,43.0,252.83,183.67,204.0,82.0,62.70318237537898,286,122.0,56.0,0.43,162.0,
2025-03-24 07:44:11,161.47,76.0,322.79,39.0,160.32,94.0,341.67,49.0,242.13,161.32000000000002,170.0,88.0,58.74327365750116,258,82.0,-28.0,0.32,161.0,4.0
2025-03-24 07:44:12,160.39,92.0,323.57,46.0,159.39,66.0,332.67,49.0,241.98,163.18,158.0,95.0,48.20116627219824,253,63.0,-5.0,0.25,161.86,7.0
2025-03-24 07:44:13,160.0,75.0,304.97,58.0,158.0,45.0,306.28,47.0,232.48,144.97000000000003,120.0,105.0,25.12537064403489,225,15.0,-28.0,0.07,160.0,5.0
2025-03-24 07:44:15,159.43,28.0,245.04,28.0,157.23,78.0,287.25,28.0,202.23,85.60999999999999,106.0,56.0,16.773226582863437,162,50.0,52.0,0.31,163.2,5.0
2025-03-24 07:44:16,158.0,27.0,200.44,27.0,151.18,77.0,289.67,27.0,179.22,42.44,104.0,54.0,25.071982969044356,158,50.0,-4.0,0.32,163.2,
2025-03-24 07:44:17,159.9,29.0,195.25,55.0,152.89,44.0,196.67,54.0,177.58,35.349999999999994,73.0,109.0,24.555511194027765,182,-36.0,24.0,-0.2,163.2,
2025-03-24 07:44:18,160.25,8.0,191.75,24.0,159.0,8.0,192.7,23.0,176.0,31.5,16.0,47.0,19.88915709626729,63,-31.0,-119.0,-0.49,163.2,
2025-03-24 07:44:19,162.83,48.0,188.1,40.0,160.5,12.0,189.41,37.0,175.47,25.269999999999985,60.0,77.0,11.348002026787814,137,-17.0,74.0,-0.12,163.2,
2025-03-24 07:44:20,162.27,26.0,185.24,37.0,158.73,22.0,186.6,30.0,173.76,22.97,48.0,67.0,2.0820134485561628,115,-19.0,-22.0,-0.17,162.75,4.0
2025-03-24 07:44:21,160.75,40.0,182.15,52.0,158.33,36.0,183.12,50.0,171.45,21.40000000000001,76.0,102.0,2.340292716727022,178,-26.0,63.0,-0.15,162.75,
2025-03-24 07:44:22,160.18,28.0,176.77,53.0,157.64,56.0,177.71,48.0,168.48,16.590000000000003,84.0,101.0,3.102671429584797,185,-17.0,7.0,-0.09,162.75,
2025-03-24 07:44:23,160.5,20.0,171.42,50.0,157.71,111.0,172.39,38.0,165.96,10.919999999999987,131.0,88.0,3.8584362117258713,219,43.0,34.0,0.2,161.0,1.0
2025-03-24 07:44:24,158.2,46.0,166.18,44.0,141.99,76.0,167.42,36.0,162.19,7.980000000000018,122.0,80.0,4.542881244315314,202,42.0,-17.0,0.21,158.54,13.0
2025-03-24 07:44:25,158.28,50.0,161.25,12.0,127.5,52.0,162.1,30.0,159.76,2.969999999999999,102.0,42.0,4.700401046713557,144,60.0,-58.0,0.42,158.54,
2025-03-24 07:44:26,159.95,123.0,161.63,19.0,147.56,52.0,162.36,33.0,160.79,1.6800000000000068,175.0,52.0,3.67012670080221,227,123.0,83.0,0.54,160.5,2.0
2025-03-24 07:44:27,160.61,114.0,170.58,31.0,151.38,71.0,250.39,33.0,165.59,9.97,185.0,64.0,2.8020831536448183,249,121.0,22.0,0.49,162.38,8.0
2025-03-24 07:44:29,163.65,34.0,322.0,10.0,162.26,76.0,535.0,40.0,242.82,158.35,110.0,50.0,67.79530610595425,160,60.0,-20.0,0.38,162.38,
2025-03-24 07:44:30,163.02,55.0,322.0,7.0,161.84,50.0,509.29,28.0,242.51,158.98,105.0,35.0,62.94250773523465,140,70.0,-20.0,0.5,164.0,3.0
2025-03-24 07:44:38,163.28,36.0,193.17,36.0,161.88,78.0,408.63,27.0,178.22,29.889999999999983,114.0,63.0,61.54975361445442,177,51.0,111.0,0.29,163.2,5.0
2025-03-24 07:44:39,163.0,14.0,191.0,21.0,162.0,47.0,195.5,20.0,177.0,28.0,61.0,41.0,8.942154662047784,102,20.0,-75.0,0.2,163.2,
2025-03-24 07:44:40,163.0,18.0,190.0,27.0,162.0,63.0,192.0,27.0,176.5,27.0,81.0,54.0,1.742176799286849,135,27.0,33.0,0.2,163.2,
2025-03-24 07:44:41,163.0,18.0,188.78,27.0,162.0,63.0,190.0,27.0,175.89,25.78,81.0,54.0,1.5643433126942918,135,27.0,0.0,0.2,163.2,
2025-03-24 07:44:42,162.0,63.0,187.11,27.0,159.56,9.0,188.33,27.0,174.56,25.110000000000014,72.0,54.0,1.3529892830207506,126,18.0,-9.0,0.14,163.0,2.0
2025-03-24 07:44:43,162.29,49.0,183.74,38.0,161.81,54.0,184.84,38.0,173.01,21.450000000000017,103.0,76.0,1.614580440847319,179,27.0,53.0,0.15,163.0,
2025-03-24 07:44:44,163.0,26.0,177.89,37.0,162.0,91.0,178.64,33.0,170.45,14.889999999999986,117.0,70.0,2.4333454337524407,187,47.0,8.0,0.25,163.0,
2025-03-24 07:44:45,163.0,20.0,172.17,24.0,162.0,70.0,173.92,26.0,167.58,9.169999999999987,90.0,50.0,3.324179598030146,140,40.0,-47.0,0.29,163.0,
2025-03-24 07:44:46,163.79,28.0,167.6,50.0,162.37,54.0,168.62,48.0,165.69,3.8100000000000014,82.0,98.0,3.679533937872488,180,-16.0,40.0,-0.09,163.0,
2025-03-24 07:44:47,163.38,32.0,165.58,26.0,162.71,42.0,166.62,40.0,164.48,2.200000000000017,74.0,66.0,3.489723484740744,140,8.0,-40.0,0.06,164.0,2.0
2025-03-24 07:44:48,160.58,119.0,163.66,35.0,159.04,67.0,273.07,29.0,162.12,3.079999999999984,186.0,64.0,3.151956535224816,250,122.0,110.0,0.49,161.38,13.0
2025-03-24 07:44:49,161.0,70.0,162.2,15.0,160.0,10.0,765.2,25.0,161.6,1.1999999999999886,80.0,40.0,2.488228285335298,120,40.0,-130.0,0.33,161.38,
2025-03-24 07:44:51,161.66,64.0,181.75,16.0,160.94,70.0,0.0,0.0,171.7,20.090000000000003,134.0,16.0,72.76831948038938,150,118.0,-50.0,0.79,161.38,
2025-03-24 07:44:52,164.27,33.0,253.75,16.0,161.48,63.0,0.0,0.0,209.01,89.47999999999999,96.0,16.0,70.4083424034399,112,80.0,-38.0,0.71,161.38,
2025-03-24 07:44:55,161.3,47.0,367.0,45.0,160.97,58.0,770.0,18.0,264.15,205.7,105.0,63.0,67.82149673960402,168,42.0,98.0,0.25,162.33,9.0
2025-03-24 07:44:56,161.0,70.0,261.4,25.0,160.0,14.0,400.32,25.0,211.2,100.39999999999998,84.0,50.0,58.88839800843741,134,34.0,-34.0,0.25,162.33,
2025-03-24 07:44:57,161.0,35.0,226.2,25.0,160.0,10.0,420.0,10.0,193.6,65.19999999999999,45.0,35.0,62.06497361636536,80,10.0,-54.0,0.12,161.0,3.0
2025-03-24 07:44:58,161.0,42.0,257.0,30.0,160.0,12.0,422.0,12.0,209.0,96.0,54.0,42.0,64.3190386277665,96,12.0,16.0,0.12,161.0,
2025-03-24 07:44:59,162.11,27.0,288.0,35.0,160.86,29.0,424.0,14.0,225.06,125.89,56.0,49.0,26.77878862084813,105,7.0,9.0,0.07,161.0,2.0
2025-03-24 07:45:00,163.0,21.0,276.0,35.0,161.0,35.0,774.0,14.0,219.5,113.0,56.0,49.0,11.984111147684132,105,7.0,0.0,0.07,161.0,
2025-03-24 07:45:01,161.75,40.0,276.0,50.0,160.71,35.0,371.7,20.0,218.88,114.25,75.0,70.0,12.393664510549344,145,5.0,40.0,0.03,163.0,3.0
2025-03-24 07:45:02,164.4,47.0,286.51,37.0,160.22,18.0,470.93,28.0,225.46,122.11,65.0,65.0,6.652773857577262,130,0.0,-15.0,0.0,161.0,4.0
2025-03-24 07:45:03,165.0,140.0,271.8,20.0,162.81,62.0,331.92,26.0,218.4,106.8,202.0,46.0,3.4936227615567472,248,156.0,118.0,0.63,161.0,
2025-03-24 07:45:04,165.0,65.0,302.33,21.0,163.0,70.0,331.82,17.0,233.67,137.32999999999998,135.0,38.0,6.521489093763089,173,97.0,-75.0,0.56,165.0,9.0
2025-03-24 07:45:05,165.0,8.0,329.5,40.0,163.0,56.0,331.0,8.0,247.25,164.5,64.0,48.0,12.060454800714718,112,16.0,-61.0,0.14,165.0,
2025-03-24 07:45:06,162.62,16.0,327.88,8.0,162.0,30.0,329.0,40.0,245.25,165.26,46.0,48.0,12.43508463984439,94,-2.0,-18.0,-0.02,163.0,9.0
2025-03-24 07:45:07,160.0,14.0,326.71,7.0,159.0,21.0,329.0,35.0,243.36,166.70999999999998,35.0,42.0,11.925880680272698,77,-7.0,-17.0,-0.09,163.0,
2025-03-24 07:45:08,161.71,14.0,310.23,35.0,158.27,33.0,313.53,15.0,235.97,148.52,47.0,50.0,5.9513527874012855,97,-3.0,20.0,-0.03,160.0,2.0
2025-03-24 07:45:09,165.0,9.0,182.65,20.0,159.0,27.0,273.94,34.0,173.82,17.650000000000006,36.0,54.0,31.211630043944897,90,-18.0,-7.0,-0.2,160.0,
2025-03-24 07:45:10,159.19,31.0,166.0,55.0,157.13,47.0,167.0,11.0,162.6,6.810000000000002,78.0,66.0,40.50137466802884,144,12.0,54.0,0.08,165.0,1.0
2025-03-24 07:45:11,159.0,39.0,162.94,18.0,157.0,62.0,165.67,45.0,160.97,3.9399999999999977,101.0,63.0,40.84431453703212,164,38.0,20.0,0.23,165.0,
2025-03-24 07:45:12,157.72,75.0,162.16,19.0,156.74,80.0,165.92,77.0,159.94,4.439999999999998,155.0,96.0,32.51599529462351,251,59.0,87.0,0.24,159.29,7.0
2025-03-24 07:45:13,157.0,42.0,160.0,35.0,155.0,7.0,161.0,7.0,158.5,3.0,49.0,42.0,6.140625375313651,91,7.0,-160.0,0.08,159.29,
2025-03-24 07:45:14,157.0,72.0,238.27,51.0,143.17,12.0,293.62,29.0,197.64,81.27000000000001,84.0,80.0,16.675577951002342,164,4.0,73.0,0.02,160.17,6.0
2025-03-24 07:45:15,157.0,48.0,285.69,26.0,124.5,10.0,442.71,28.0,221.35,128.69,58.0,54.0,28.492431451176284,112,4.0,-52.0,0.04,160.17,
