DateTime,Bid1_Price,Bid1_Volume,Ask1_Price,Ask1_Volume,Bid2_Price,Bid2_Volume,Ask2_Price,Ask2_Volume,Mid-Price,Bid_Ask_Spread,Market_Depth_Bid,Market_Depth_Ask,Historical_Volatility,Total_volume,Cumulative_Volume_Difference,Total_Volume_Change_Corrected,Order_imbalance,Weighted_Avg_Price,Trade_Volume
2025-05-13 07:30:05,172.36,28.0,179.0,18.0,104.5,14.0,181.0,12.0,175.68,6.639999999999986,42.0,30.0,62.15531610409524,72,12.0,50.0,0.17,,
2025-05-13 07:30:06,176.0,38.0,178.0,12.0,167.5,4.0,181.0,6.0,177.0,2.0,42.0,18.0,44.03699376660492,60,24.0,-12.0,0.4,176.0,2.0
2025-05-13 07:30:07,176.0,40.0,177.2,15.0,173.29,7.0,0.0,0.0,176.6,1.1999999999999886,47.0,15.0,42.73158925198079,62,32.0,2.0,0.52,176.0,
2025-05-13 07:30:08,176.0,48.0,177.0,18.0,175.0,12.0,182.0,25.0,176.5,1.0,60.0,43.0,34.97315656328436,103,17.0,41.0,0.17,176.0,
2025-05-13 07:30:09,176.0,18.0,179.27,11.0,175.0,6.0,235.73,11.0,177.64,3.2700000000000102,24.0,22.0,0.7181086268798336,46,2.0,-57.0,0.04,176.0,4.0
2025-05-13 07:30:10,176.0,44.0,182.0,55.0,175.0,22.0,485.79,19.0,179.0,6.0,66.0,74.0,1.0264112236327156,140,-8.0,94.0,-0.06,176.0,
2025-05-13 07:30:11,176.0,16.0,182.0,20.0,175.0,8.0,268.33,6.0,179.0,6.0,24.0,26.0,1.2269963325125344,50,-2.0,-90.0,-0.04,176.0,
2025-05-13 07:30:12,176.0,64.0,182.0,80.0,175.0,32.0,324.61,33.0,179.0,6.0,96.0,113.0,1.1313354940066227,209,-17.0,159.0,-0.08,176.0,
2025-05-13 07:30:13,176.0,20.0,180.36,11.0,175.0,16.0,181.15,33.0,178.18,4.360000000000014,36.0,44.0,0.6268014039543923,80,-8.0,-129.0,-0.1,176.0,2.0
2025-05-13 07:30:14,176.0,24.0,179.7,33.0,175.0,24.0,180.91,43.0,177.85,3.6999999999999886,48.0,76.0,0.5519782604407452,124,-28.0,44.0,-0.23,176.0,
2025-05-13 07:30:15,176.33,18.0,178.0,44.0,175.45,22.0,181.96,27.0,177.17,1.6699999999999875,40.0,71.0,0.7835496155312772,111,-31.0,-13.0,-0.28,177.0,1.0
2025-05-13 07:30:16,173.35,40.0,178.0,44.0,174.62,26.0,183.0,70.0,175.68,4.650000000000006,66.0,114.0,1.2477299387284204,180,-48.0,69.0,-0.27,175.17,6.0
2025-05-13 07:30:17,170.0,99.0,176.62,40.0,168.0,11.0,177.57,37.0,173.31,6.6200000000000045,110.0,77.0,1.9951867080549832,187,33.0,7.0,0.18,175.17,
2025-05-13 07:30:18,170.0,90.0,175.0,30.0,168.0,10.0,177.0,40.0,172.5,5.0,100.0,70.0,2.342214763850517,170,30.0,-17.0,0.18,175.17,
2025-05-13 07:30:19,170.0,90.0,174.1,31.0,168.0,10.0,175.62,39.0,172.05,4.099999999999994,100.0,70.0,2.1965359091076526,170,30.0,0.0,0.18,175.17,
2025-05-13 07:30:20,169.89,74.0,171.28,36.0,161.33,18.0,174.96,57.0,170.58,1.3900000000000148,92.0,93.0,1.879662203694989,185,-1.0,15.0,-0.01,170.1,10.0
2025-05-13 07:30:21,168.0,10.0,169.8,20.0,156.04,28.0,179.9,50.0,168.9,1.8000000000000114,38.0,70.0,1.7449842406164056,108,-32.0,-77.0,-0.3,170.1,
2025-05-13 07:30:22,162.29,14.0,169.9,20.0,151.91,47.0,178.62,32.0,166.09,7.610000000000014,61.0,52.0,2.611710167687016,113,9.0,5.0,0.08,168.0,1.0
2025-05-13 07:30:23,152.0,70.0,174.04,25.0,142.93,28.0,176.81,37.0,163.02,22.039999999999992,98.0,62.0,3.6137058541059774,160,36.0,47.0,0.23,168.0,
2025-05-13 07:30:24,152.0,90.0,168.88,65.0,139.97,37.0,169.92,59.0,160.44,16.879999999999995,127.0,124.0,4.1533215623161,251,3.0,91.0,0.01,168.0,
2025-05-13 07:30:25,152.0,70.0,163.3,44.0,139.0,28.0,165.07,41.0,157.65,11.300000000000011,98.0,85.0,4.452319620153054,183,13.0,-68.0,0.07,168.0,
2025-05-13 07:30:26,152.76,21.0,158.77,66.0,150.89,82.0,160.93,29.0,155.77,6.010000000000019,103.0,95.0,4.124721808801153,198,8.0,15.0,0.04,168.0,
2025-05-13 07:30:27,153.0,12.0,158.0,49.0,151.0,60.0,159.08,12.0,155.5,5.0,72.0,61.0,3.215840481118423,133,11.0,-65.0,0.08,168.0,
2025-05-13 07:30:28,153.0,9.0,158.0,45.0,151.0,45.0,160.0,9.0,155.5,5.0,54.0,54.0,2.136883244353806,108,0.0,-25.0,0.0,168.0,
2025-05-13 07:30:29,154.88,17.0,158.0,64.0,151.0,86.0,160.0,17.0,156.44,3.1200000000000045,103.0,81.0,0.91119152761652,184,22.0,76.0,0.12,158.0,3.0
2025-05-13 07:30:30,156.67,9.0,158.0,18.0,151.0,9.0,160.0,9.0,157.33,1.3300000000000125,18.0,27.0,0.7837537878697194,45,-9.0,-139.0,-0.2,158.0,
2025-05-13 07:30:31,148.29,62.0,158.89,18.0,145.28,64.0,161.0,18.0,153.59,10.599999999999994,126.0,36.0,1.3903848388126885,162,90.0,117.0,0.56,159.5,4.0
2025-05-13 07:30:32,147.11,45.0,162.55,22.0,145.0,45.0,163.73,55.0,154.83,15.439999999999998,90.0,77.0,1.4424181085941048,167,13.0,5.0,0.08,162.0,2.0
2025-05-13 07:30:33,147.0,40.0,163.0,24.0,145.0,40.0,164.0,80.0,155.0,16.0,80.0,104.0,1.4628978091446458,184,-24.0,17.0,-0.13,162.0,
2025-05-13 07:30:34,147.21,38.0,163.0,24.0,145.5,40.0,164.0,80.0,155.11,15.789999999999992,78.0,104.0,1.3518579807066406,182,-26.0,-2.0,-0.14,162.0,
2025-05-13 07:30:35,148.04,107.0,163.52,46.0,146.84,68.0,164.17,109.0,155.78,15.480000000000018,175.0,155.0,0.7972264421105576,330,20.0,148.0,0.06,163.4,5.0
2025-05-13 07:30:36,149.62,26.0,164.0,45.0,148.79,73.0,166.0,30.0,156.81,14.379999999999995,99.0,75.0,0.8132219869138916,174,24.0,-156.0,0.14,164.0,7.0
2025-05-13 07:30:37,153.23,44.0,164.0,14.0,149.69,70.0,166.0,44.0,158.61,10.77000000000001,114.0,58.0,1.4971205696269403,172,56.0,-2.0,0.33,164.0,
2025-05-13 07:30:38,155.42,45.0,164.31,32.0,154.39,72.0,179.25,48.0,159.87,8.890000000000015,117.0,80.0,1.977822034461132,197,37.0,25.0,0.19,162.62,8.0
2025-05-13 07:30:39,157.13,46.0,166.62,65.0,155.41,51.0,191.85,53.0,161.87,9.490000000000007,97.0,118.0,2.421862919324685,215,-21.0,18.0,-0.1,162.62,
2025-05-13 07:30:40,159.71,68.0,165.82,67.0,156.0,75.0,167.53,85.0,162.76,6.109999999999985,143.0,152.0,2.4103070343837563,295,-9.0,80.0,-0.03,165.0,2.0
2025-05-13 07:30:41,159.62,55.0,166.0,27.0,155.85,53.0,169.0,60.0,162.81,6.379999999999996,108.0,87.0,1.867506358757531,195,21.0,-100.0,0.11,164.86,7.0
2025-05-13 07:30:42,159.46,41.0,163.9,20.0,157.74,46.0,167.05,43.0,161.68,4.439999999999998,87.0,63.0,1.1922541675330147,150,24.0,-45.0,0.16,163.0,1.0
2025-05-13 07:30:43,163.48,29.0,165.4,40.0,162.5,28.0,168.14,56.0,164.44,1.920000000000016,57.0,96.0,1.0922316604090214,153,-39.0,3.0,-0.25,163.0,1.0
2025-05-13 07:30:44,163.18,22.0,165.23,26.0,155.0,41.0,166.08,26.0,164.21,2.049999999999983,63.0,52.0,1.1414683526054814,115,11.0,-38.0,0.1,164.5,4.0
2025-05-13 07:30:45,164.12,25.0,166.32,19.0,156.62,39.0,167.21,28.0,165.22,2.1999999999999886,64.0,47.0,1.4130357391092068,111,17.0,-4.0,0.15,166.0,1.0
2025-05-13 07:30:46,165.85,26.0,167.0,26.0,156.0,51.0,168.0,31.0,166.42,1.1500000000000057,77.0,57.0,1.7456173692994523,134,20.0,23.0,0.15,166.0,
2025-05-13 07:30:47,160.0,25.0,167.68,31.0,155.47,34.0,204.29,41.0,163.84,7.680000000000007,59.0,72.0,1.0242948794170428,131,-13.0,-3.0,-0.1,167.0,2.0
2025-05-13 07:30:48,156.43,97.0,164.12,48.0,154.86,51.0,181.75,40.0,160.28,7.689999999999998,148.0,88.0,2.3050336223144137,236,60.0,105.0,0.25,161.0,1.0
2025-05-13 07:30:49,158.11,126.0,160.11,18.0,155.87,67.0,162.0,37.0,159.11,2.0,193.0,55.0,3.156640619392684,248,138.0,12.0,0.56,160.0,2.0
2025-05-13 07:30:50,154.27,97.0,162.0,120.0,153.63,68.0,168.0,30.0,158.13,7.72999999999999,165.0,150.0,3.472165030640077,315,15.0,67.0,0.05,160.0,
2025-05-13 07:30:51,161.1,78.0,163.08,78.0,154.57,147.0,169.37,51.0,162.09,1.9800000000000184,225.0,129.0,2.2967694703648016,354,96.0,39.0,0.27,162.0,8.0
2025-05-13 07:30:52,162.0,32.0,168.0,16.0,155.01,83.0,170.0,40.0,165.0,6.0,115.0,56.0,2.7150082872801367,171,59.0,-172.0,0.35,162.0,
2025-05-13 07:30:53,162.6,60.0,168.0,30.0,156.92,75.0,221.5,34.0,165.3,5.400000000000006,135.0,64.0,3.286324694852889,199,71.0,28.0,0.36,162.0,
2025-05-13 07:30:54,165.0,48.0,166.36,22.0,155.05,114.0,170.0,12.0,165.68,1.3600000000000136,162.0,34.0,3.190979473453272,196,128.0,-3.0,0.65,166.0,1.0
2025-05-13 07:30:55,165.0,44.0,408.88,17.0,155.0,121.0,514.96,26.0,286.94,243.88,165.0,43.0,54.76747228054261,208,122.0,12.0,0.59,168.0,2.0
2025-05-13 07:30:57,161.77,39.0,403.0,9.0,155.96,75.0,463.0,27.0,282.38,241.23,114.0,36.0,71.36158294208452,150,78.0,4.0,0.52,166.25,4.0
2025-05-13 07:31:00,160.17,70.0,273.94,35.0,156.46,26.0,415.59,34.0,217.06,113.77,96.0,69.0,41.32418988921644,165,27.0,19.0,0.16,166.25,
2025-05-13 07:31:01,155.0,173.0,202.75,24.0,154.0,12.0,206.28,47.0,178.88,47.75,185.0,71.0,59.77176524078921,256,114.0,91.0,0.45,166.25,
2025-05-13 07:31:02,155.0,176.0,172.89,19.0,154.0,11.0,186.98,44.0,163.95,17.889999999999986,187.0,63.0,71.2070792126739,250,124.0,-6.0,0.5,161.0,1.0
2025-05-13 07:31:03,155.0,66.0,162.0,30.0,154.0,6.0,200.0,24.0,158.5,7.0,72.0,54.0,61.406630912304685,126,18.0,-124.0,0.14,161.0,
2025-05-13 07:31:04,155.0,121.0,162.0,50.0,153.38,16.0,183.0,11.0,158.5,7.0,137.0,61.0,24.748667034812456,198,76.0,72.0,0.38,162.0,1.0
2025-05-13 07:31:05,155.0,69.0,160.26,47.0,153.0,20.0,161.3,40.0,157.63,5.259999999999991,89.0,87.0,8.961075270301675,176,2.0,-22.0,0.01,162.0,
2025-05-13 07:31:06,155.0,48.0,160.0,40.0,153.0,16.0,161.38,32.0,157.5,5.0,64.0,72.0,2.687755569245865,136,-8.0,-40.0,-0.06,162.0,
2025-05-13 07:31:07,155.0,54.0,159.76,45.0,153.0,18.0,161.78,27.0,157.38,4.759999999999991,72.0,72.0,0.553009945671978,144,0.0,8.0,0.0,159.0,2.0
2025-05-13 07:31:08,155.0,48.0,158.0,24.0,153.0,16.0,160.0,8.0,156.5,3.0,64.0,32.0,0.7126149030241535,96,32.0,-48.0,0.33,159.0,
2025-05-13 07:31:09,155.0,36.0,282.84,19.0,153.0,12.0,474.53,15.0,218.92,127.83999999999996,48.0,34.0,27.582107968754165,82,14.0,-14.0,0.17,160.73,11.0
2025-05-13 07:31:10,156.0,16.0,405.59,41.0,154.94,62.0,577.55,22.0,280.79,249.59,78.0,63.0,55.30098841792987,141,15.0,59.0,0.11,160.73,
2025-05-13 07:31:11,165.23,31.0,209.27,45.0,157.07,58.0,302.96,47.0,187.25,44.04000000000002,89.0,92.0,51.85587305214342,181,-3.0,40.0,-0.02,160.73,
2025-05-13 07:31:12,170.36,22.0,179.79,42.0,167.66,29.0,227.85,40.0,175.07,9.429999999999978,51.0,82.0,48.7150790823541,133,-31.0,-48.0,-0.23,175.0,3.0
2025-05-13 07:31:13,171.5,28.0,364.4,30.0,170.53,34.0,600.25,32.0,267.95,192.9,62.0,62.0,47.18924750406617,124,0.0,-9.0,0.0,175.0,
2025-05-13 07:31:14,172.69,45.0,356.0,42.0,171.65,31.0,624.84,55.0,264.34,183.31,76.0,97.0,49.78678941245373,173,-21.0,49.0,-0.12,172.67,6.0
2025-05-13 07:31:15,171.79,19.0,333.5,24.0,170.5,16.0,564.48,25.0,252.64,161.71,35.0,49.0,44.65244282231392,84,-14.0,-89.0,-0.17,172.67,
2025-05-13 07:31:16,171.17,29.0,322.09,22.0,169.73,11.0,545.62,26.0,246.63,150.92,40.0,48.0,38.02787832630179,88,-8.0,4.0,-0.09,176.0,1.0
2025-05-13 07:31:17,171.0,36.0,199.36,25.0,169.0,9.0,550.43,28.0,185.18,28.360000000000014,45.0,53.0,33.63982565353175,98,-8.0,10.0,-0.08,176.0,
2025-05-13 07:31:18,171.0,42.0,196.0,30.0,169.0,10.0,393.27,11.0,183.5,25.0,52.0,41.0,38.97664582798285,93,11.0,-5.0,0.12,176.0,
2025-05-13 07:31:19,171.0,20.0,213.76,17.0,169.0,5.0,288.93,15.0,192.38,42.75999999999999,25.0,32.0,34.52293266801089,57,-7.0,-36.0,-0.12,176.0,
2025-05-13 07:31:20,167.75,55.0,274.0,21.0,158.39,71.0,363.4,43.0,220.87,106.25,126.0,64.0,27.37117955076131,190,62.0,133.0,0.33,170.0,7.0
2025-05-13 07:31:21,167.51,126.0,331.38,32.0,157.91,138.0,397.97,35.0,249.44,163.87,264.0,67.0,28.42974639352265,331,197.0,141.0,0.6,167.44,9.0
2025-05-13 07:31:22,173.29,42.0,350.43,14.0,169.91,64.0,390.43,42.0,261.86,177.14,106.0,56.0,34.28514255475707,162,50.0,-169.0,0.31,167.44,
2025-05-13 07:31:23,174.59,34.0,447.06,34.0,172.51,49.0,570.53,30.0,310.82,272.47,83.0,64.0,44.62583198104001,147,19.0,-15.0,0.13,176.0,3.0
2025-05-13 07:31:25,172.0,30.0,255.57,7.0,167.0,54.0,373.73,15.0,213.79,83.57,84.0,22.0,48.865668213992656,106,62.0,-6.0,0.58,176.0,
2025-05-13 07:31:26,173.0,45.0,197.0,13.0,172.0,165.0,353.8,25.0,185.0,24.0,210.0,38.0,63.40948769703167,248,172.0,142.0,0.69,176.0,
2025-05-13 07:31:27,174.0,22.0,192.0,10.0,172.0,100.0,360.0,15.0,183.0,18.0,122.0,25.0,72.44731416691725,147,97.0,-101.0,0.66,174.0,3.0
2025-05-13 07:31:28,176.16,118.0,215.0,36.0,174.09,54.0,329.45,33.0,195.58,38.84,172.0,69.0,64.43235623504707,241,103.0,94.0,0.43,174.0,
2025-05-13 07:31:33,177.0,117.0,183.4,30.0,174.0,9.0,187.65,37.0,180.2,6.400000000000006,126.0,67.0,33.590025602848364,193,59.0,-70.0,0.31,177.8,5.0
2025-05-13 07:31:34,177.0,91.0,183.0,21.0,174.0,7.0,211.63,19.0,180.0,6.0,98.0,40.0,35.19884401510947,138,58.0,-55.0,0.42,177.8,
2025-05-13 07:31:35,177.0,195.0,181.13,45.0,173.79,19.0,395.33,36.0,179.07,4.129999999999996,214.0,81.0,37.963598090802826,295,133.0,157.0,0.45,177.8,
2025-05-13 07:31:36,177.0,91.0,180.0,21.0,176.0,7.0,426.64,22.0,178.5,3.0,98.0,43.0,19.59009494617136,141,55.0,-154.0,0.39,177.8,
2025-05-13 07:31:37,177.0,78.0,179.86,14.0,176.0,6.0,202.29,14.0,178.43,2.8600000000000136,84.0,28.0,0.8264078896093946,112,56.0,-29.0,0.5,177.8,
2025-05-13 07:31:38,177.0,135.0,178.03,31.0,176.0,11.0,179.23,13.0,177.52,1.0300000000000011,146.0,44.0,0.9127047715491896,190,102.0,78.0,0.54,177.0,2.0
2025-05-13 07:31:39,177.0,104.0,178.0,42.0,176.0,14.0,179.0,14.0,177.5,1.0,118.0,56.0,0.6804630776233643,174,62.0,-16.0,0.36,177.0,5.0
2025-05-13 07:31:40,177.0,81.0,178.08,39.0,176.0,15.0,291.0,24.0,177.54,1.0800000000000125,96.0,63.0,0.5183820984647046,159,33.0,-15.0,0.21,177.0,3.0
2025-05-13 07:31:41,176.31,16.0,256.42,31.0,172.26,23.0,415.6,40.0,216.37,80.11000000000001,39.0,71.0,17.277006974589337,110,-32.0,-49.0,-0.29,176.75,4.0
2025-05-13 07:31:42,173.8,15.0,402.75,48.0,171.65,34.0,464.58,57.0,288.27,228.95,49.0,105.0,48.21528232832416,154,-56.0,44.0,-0.36,176.75,
2025-05-13 07:31:43,176.0,32.0,385.29,31.0,173.0,8.0,426.75,32.0,280.65,209.29,40.0,63.0,53.935591495783264,103,-23.0,-51.0,-0.22,176.75,
2025-05-13 07:31:44,176.0,38.0,231.96,46.0,173.0,11.0,235.54,35.0,203.98,55.96000000000001,49.0,81.0,48.78311459921361,130,-32.0,27.0,-0.25,176.0,2.0
2025-05-13 07:31:45,176.0,10.0,223.0,25.0,173.0,5.0,234.0,20.0,199.5,47.0,15.0,45.0,43.16613290532299,60,-30.0,-70.0,-0.5,176.0,
2025-05-13 07:31:46,175.8,15.0,223.0,40.0,172.78,9.0,234.0,32.0,199.4,47.19999999999999,24.0,72.0,45.85143890871919,96,-48.0,36.0,-0.5,176.0,2.0
2025-05-13 07:31:47,171.02,129.0,233.33,48.0,169.25,24.0,332.31,42.0,202.17,62.31,153.0,90.0,35.555181760188034,243,63.0,147.0,0.26,171.5,8.0
2025-05-13 07:31:48,171.55,22.0,233.0,32.0,170.85,52.0,545.94,35.0,202.27,61.44999999999999,74.0,67.0,1.97457083945058,141,7.0,-102.0,0.05,171.5,
2025-05-13 07:31:50,176.0,16.0,188.91,23.0,173.0,10.0,500.0,40.0,182.46,12.909999999999997,26.0,63.0,55.86064025769852,89,-37.0,-96.0,-0.42,171.5,
2025-05-13 07:31:51,176.0,16.0,188.0,16.0,173.0,16.0,526.0,40.0,182.0,12.0,32.0,56.0,58.06336133914406,88,-24.0,-1.0,-0.27,171.5,
2025-05-13 07:31:52,176.0,18.0,187.44,18.0,173.0,18.0,297.33,45.0,181.72,11.439999999999998,36.0,63.0,60.12363994303746,99,-27.0,11.0,-0.27,171.5,
2025-05-13 07:31:53,176.0,24.0,186.58,24.0,173.0,24.0,230.55,55.0,181.29,10.580000000000013,48.0,79.0,61.82986107052166,127,-31.0,28.0,-0.24,171.5,
2025-05-13 07:31:54,176.78,9.0,185.19,31.0,175.62,16.0,213.6,25.0,180.99,8.409999999999997,25.0,56.0,0.5787659285162691,81,-31.0,-46.0,-0.38,171.5,
2025-05-13 07:31:55,177.0,7.0,185.5,20.0,176.0,14.0,304.5,24.0,181.25,8.5,21.0,44.0,0.4039183085864278,65,-23.0,-16.0,-0.35,171.5,
2025-05-13 07:31:56,177.0,4.0,186.0,8.0,176.0,8.0,352.0,16.0,181.5,9.0,12.0,24.0,0.2750454508101013,36,-12.0,-29.0,-0.33,171.5,
2025-05-13 07:31:57,173.74,19.0,181.04,45.0,172.04,54.0,225.98,47.0,177.39,7.299999999999983,73.0,92.0,1.7390744664940143,165,-19.0,129.0,-0.12,175.0,5.0
2025-05-13 07:31:58,171.82,44.0,178.21,28.0,170.3,46.0,317.82,33.0,175.02,6.390000000000015,90.0,61.0,2.891392398138233,151,29.0,-14.0,0.19,173.0,3.0
2025-05-13 07:31:59,171.0,36.0,176.75,24.0,169.0,24.0,349.3,37.0,173.88,5.75,60.0,61.0,3.4948204531866467,121,-1.0,-30.0,-0.01,173.0,
2025-05-13 07:32:00,171.0,35.0,173.11,19.0,169.0,34.0,174.29,21.0,172.05,2.1100000000000136,69.0,40.0,3.6480912817543216,109,29.0,-12.0,0.27,171.0,2.0
2025-05-13 07:32:01,168.03,29.0,174.07,28.0,155.46,56.0,234.43,40.0,171.05,6.039999999999992,85.0,68.0,2.498873746312952,153,17.0,44.0,0.11,171.0,2.0
2025-05-13 07:32:02,157.77,87.0,171.94,36.0,148.17,72.0,375.08,39.0,164.86,14.169999999999987,159.0,75.0,3.954980404504222,234,84.0,81.0,0.36,167.67,6.0
2025-05-13 07:32:03,155.57,83.0,173.73,22.0,112.08,24.0,296.64,22.0,164.65,18.16,107.0,44.0,4.270172127679692,151,63.0,-83.0,0.42,167.67,
2025-05-13 07:32:04,137.29,21.0,163.88,16.0,71.75,16.0,171.88,16.0,150.58,26.590000000000003,37.0,32.0,8.569251425883872,69,5.0,-82.0,0.07,167.67,
2025-05-13 07:32:07,151.29,56.0,179.54,37.0,124.09,44.0,248.6,35.0,165.41,28.25,100.0,72.0,12.433954318719891,172,28.0,34.0,0.16,163.8,5.0
2025-05-13 07:32:08,168.23,57.0,235.57,28.0,140.53,17.0,346.14,21.0,201.9,67.34,74.0,49.0,25.729078296744586,123,25.0,-49.0,0.2,163.8,
2025-05-13 07:32:09,175.46,91.0,321.62,48.0,174.38,26.0,494.58,48.0,248.54,146.16,117.0,96.0,46.17011316858572,213,21.0,90.0,0.1,175.0,5.0
2025-05-13 07:32:10,176.0,42.0,429.0,23.0,175.0,18.0,476.53,19.0,302.5,253.0,60.0,42.0,64.41843501669389,102,18.0,-111.0,0.18,175.0,
2025-05-13 07:32:13,177.0,32.0,218.0,16.0,176.0,56.0,750.93,14.0,197.5,41.0,88.0,30.0,87.63919254534477,118,58.0,-24.0,0.49,175.0,
2025-05-13 07:32:14,177.0,52.0,218.0,26.0,176.0,91.0,424.86,21.0,197.5,41.0,143.0,47.0,97.6479156459574,190,96.0,72.0,0.51,175.0,
2025-05-13 07:32:16,177.0,20.0,370.0,10.0,176.0,35.0,421.0,10.0,273.5,193.0,55.0,20.0,97.56301450857292,75,35.0,-89.0,0.47,175.0,
2025-05-13 07:32:17,177.0,24.0,298.03,29.0,176.0,84.0,357.3,20.0,237.52,121.02999999999996,108.0,49.0,31.683855194720344,157,59.0,82.0,0.38,177.0,3.0
2025-05-13 07:32:18,177.0,6.0,292.0,24.0,176.0,42.0,293.0,6.0,234.5,115.0,48.0,30.0,27.35453673524756,78,18.0,-79.0,0.23,177.0,
2025-05-13 07:32:19,176.06,52.0,286.73,30.0,175.5,42.0,291.31,26.0,231.4,110.67000000000002,94.0,56.0,19.173979242713514,150,38.0,72.0,0.25,177.0,1.0
2025-05-13 07:32:20,176.57,28.0,279.57,28.0,175.64,25.0,284.27,11.0,228.07,103.0,53.0,39.0,18.50645346899316,92,14.0,-58.0,0.15,176.0,3.0
2025-05-13 07:32:21,177.0,16.0,266.33,12.0,176.0,16.0,271.67,9.0,221.67,89.32999999999998,32.0,21.0,6.121214748724949,53,11.0,-39.0,0.21,176.0,
2025-05-13 07:32:22,177.0,52.0,245.44,48.0,176.0,52.0,249.8,41.0,211.22,68.44,104.0,89.0,9.232013323214346,193,15.0,140.0,0.08,176.0,
2025-05-13 07:32:23,177.0,30.0,242.65,37.0,176.0,40.0,245.74,31.0,209.82,65.65,70.0,68.0,9.716533847005664,138,2.0,-55.0,0.01,177.0,2.0
2025-05-13 07:32:24,177.0,18.0,234.52,29.0,176.0,36.0,240.52,25.0,205.76,57.52000000000001,54.0,54.0,9.23766583071752,108,0.0,-30.0,0.0,177.0,
2025-05-13 07:32:25,176.14,42.0,178.71,28.0,175.31,39.0,216.76,29.0,177.43,2.5700000000000216,81.0,57.0,16.585612741168305,138,24.0,30.0,0.17,177.0,2.0
2025-05-13 07:32:26,175.69,29.0,177.05,22.0,173.62,48.0,178.25,16.0,176.37,1.3600000000000136,77.0,38.0,17.66357976175847,115,39.0,-23.0,0.34,176.0,4.0
2025-05-13 07:32:27,176.25,16.0,227.0,20.0,173.2,49.0,452.64,11.0,201.62,50.75,65.0,31.0,16.060947979493715,96,34.0,-19.0,0.35,175.6,5.0
2025-05-13 07:32:28,177.0,20.0,342.0,20.0,175.1,10.0,497.0,10.0,259.5,165.0,30.0,30.0,33.75759662653732,60,0.0,-36.0,0.0,175.6,
2025-05-13 07:32:29,177.0,10.0,325.31,13.0,176.0,9.0,357.2,10.0,251.15,148.31,19.0,23.0,39.85577034759214,42,-4.0,-18.0,-0.1,175.6,
2025-05-13 07:32:30,177.0,16.0,227.95,21.0,176.0,24.0,299.21,19.0,202.48,50.94999999999999,40.0,40.0,35.57791913532894,80,0.0,38.0,0.0,175.6,
2025-05-13 07:32:31,173.5,92.0,237.0,48.0,172.6,91.0,346.96,27.0,205.25,63.5,183.0,75.0,28.778941085453543,258,108.0,172.0,0.42,174.7,10.0
2025-05-13 07:32:32,175.0,48.0,237.0,36.0,172.21,62.0,346.78,23.0,206.0,62.0,110.0,59.0,27.983068630870456,169,51.0,-89.0,0.3,174.7,
2025-05-13 07:32:33,177.0,30.0,237.0,30.0,173.0,51.0,438.33,18.0,207.0,60.0,81.0,48.0,20.625763743435154,129,33.0,-40.0,0.26,174.7,
2025-05-13 07:32:34,177.0,27.0,236.44,27.0,173.0,47.0,584.33,9.0,206.72,59.44,74.0,36.0,1.814579841175958,110,38.0,-19.0,0.35,174.7,
2025-05-13 07:32:35,177.0,39.0,233.85,39.0,173.32,56.0,274.46,13.0,205.42,56.85,95.0,52.0,0.7724765368619744,147,43.0,37.0,0.29,174.7,
2025-05-13 07:32:36,175.17,29.0,231.25,16.0,173.58,36.0,235.69,32.0,203.21,56.08000000000001,65.0,48.0,1.5078461459983872,113,17.0,-34.0,0.15,176.0,6.0
2025-05-13 07:32:37,173.0,28.0,228.0,7.0,172.0,7.0,233.0,21.0,200.5,55.0,35.0,28.0,2.723251732763979,63,7.0,-50.0,0.11,176.0,
2025-05-13 07:32:38,173.0,36.0,227.07,15.0,172.0,9.0,229.85,26.0,200.03,54.06999999999999,45.0,41.0,2.943421478484144,86,4.0,23.0,0.05,176.0,
2025-05-13 07:32:39,173.0,36.0,225.54,13.0,172.0,9.0,226.97,33.0,199.27,52.53999999999999,45.0,46.0,2.5618021000853086,91,-1.0,5.0,-0.01,176.0,
2025-05-13 07:32:40,173.7,80.0,214.03,37.0,172.73,22.0,217.5,12.0,193.86,40.33000000000001,102.0,49.0,3.4215537406273606,151,53.0,60.0,0.35,174.0,4.0
2025-05-13 07:32:41,174.76,106.0,211.79,48.0,173.58,62.0,214.27,41.0,193.28,37.03,168.0,89.0,3.518844980956209,257,79.0,106.0,0.31,174.0,1.0
2025-05-13 07:32:42,177.0,57.0,207.69,61.0,175.0,171.0,208.1,60.0,192.34,30.69,228.0,121.0,3.605888240087366,349,107.0,92.0,0.31,174.0,
2025-05-13 07:32:43,177.0,27.0,200.42,26.0,175.0,81.0,202.77,13.0,188.71,23.419999999999987,108.0,39.0,3.8000092105151295,147,69.0,-172.0,0.47,174.0,
2025-05-13 07:32:50,177.0,11.0,181.48,50.0,176.0,11.0,182.31,39.0,179.24,4.47999999999999,22.0,89.0,2.456786519011545,111,-67.0,-42.0,-0.6,174.0,
2025-05-13 07:32:51,173.0,6.0,179.56,27.0,172.0,6.0,180.44,27.0,176.28,6.560000000000002,12.0,54.0,3.3821265499676816,66,-42.0,-45.0,-0.64,174.4,5.0
2025-05-13 07:32:52,173.0,9.0,176.57,40.0,172.0,9.0,178.57,23.0,174.79,3.569999999999993,18.0,63.0,3.7466878706393074,81,-45.0,15.0,-0.56,174.4,
2025-05-13 07:32:53,172.04,23.0,174.74,61.0,171.12,17.0,175.62,29.0,173.39,2.700000000000017,40.0,90.0,3.3355464319950627,130,-50.0,49.0,-0.38,171.75,4.0
2025-05-13 07:32:54,171.0,94.0,172.61,31.0,169.0,72.0,174.23,26.0,171.81,1.6100000000000136,166.0,57.0,2.8450079085995985,223,109.0,93.0,0.49,171.0,5.0
2025-05-13 07:32:55,171.0,62.0,200.51,39.0,169.0,83.0,329.55,22.0,185.76,29.50999999999999,145.0,61.0,5.485073381459417,206,84.0,-17.0,0.41,171.2,5.0
2025-05-13 07:32:56,171.62,16.0,335.14,14.0,169.93,27.0,642.73,26.0,253.38,163.51999999999998,43.0,40.0,34.84409175168726,83,3.0,-123.0,0.04,172.0,1.0
2025-05-13 07:32:57,172.0,5.0,318.69,13.0,171.0,10.0,319.33,9.0,245.35,146.69,15.0,22.0,40.110140488410224,37,-7.0,-46.0,-0.19,172.0,
2025-05-13 07:32:58,169.78,27.0,289.71,35.0,169.45,29.0,316.97,29.0,229.75,119.92999999999998,56.0,64.0,36.42678478811997,120,-8.0,83.0,-0.07,170.75,4.0
2025-05-13 07:32:59,172.78,73.0,314.7,20.0,168.92,39.0,316.0,30.0,243.74,141.92,112.0,50.0,26.997863433983326,162,62.0,42.0,0.38,170.75,
2025-05-13 07:33:00,175.68,84.0,312.6,30.0,172.86,112.0,315.31,35.0,244.14,136.92000000000002,196.0,65.0,8.519194210723075,261,131.0,99.0,0.5,176.0,3.0
2025-05-13 07:33:01,176.0,54.0,311.25,48.0,173.0,126.0,312.11,38.0,243.62,135.25,180.0,86.0,6.503933425244832,266,94.0,5.0,0.35,176.0,4.0
2025-05-13 07:33:02,175.41,82.0,307.68,50.0,172.75,56.0,308.71,49.0,241.55,132.27,138.0,99.0,6.126348831075225,237,39.0,-29.0,0.16,176.38,8.0
2025-05-13 07:33:03,177.0,98.0,288.3,50.0,173.0,120.0,304.27,55.0,232.65,111.3,218.0,105.0,4.851767719091355,323,113.0,86.0,0.35,177.0,1.0
2025-05-13 07:33:04,177.0,84.0,178.41,68.0,174.59,85.0,179.33,54.0,177.71,1.4099999999999966,169.0,122.0,28.455102002980293,291,47.0,-32.0,0.16,177.0,
2025-05-13 07:33:05,177.0,22.0,178.48,50.0,176.0,60.0,179.67,36.0,177.74,1.4799999999999898,82.0,86.0,33.9624149612481,168,-4.0,-123.0,-0.02,177.0,5.0
2025-05-13 07:33:06,177.0,9.0,178.0,36.0,176.0,45.0,179.0,36.0,177.5,1.0,54.0,72.0,32.71391982016226,126,-18.0,-42.0,-0.14,177.0,1.0
2025-05-13 07:33:07,174.65,49.0,177.5,40.0,172.83,93.0,229.15,26.0,176.08,2.8499999999999943,142.0,66.0,24.781778184787328,208,76.0,82.0,0.37,176.0,5.0
2025-05-13 07:33:08,173.0,65.0,180.0,14.0,169.43,14.0,213.5,20.0,176.5,7.0,79.0,34.0,0.7651666485140382,113,45.0,-95.0,0.4,173.0,4.0
2025-05-13 07:33:09,173.0,70.0,180.0,20.0,169.9,20.0,408.0,10.0,176.5,7.0,90.0,30.0,0.7161564074963946,120,60.0,7.0,0.5,173.0,
2025-05-13 07:33:10,174.05,38.0,179.64,28.0,172.59,78.0,498.45,22.0,176.85,5.589999999999975,116.0,50.0,0.5305468876528153,166,66.0,46.0,0.4,177.0,1.0
2025-05-13 07:33:11,173.0,56.0,177.36,28.0,169.0,26.0,554.14,57.0,175.18,4.360000000000014,82.0,85.0,0.6432106964268901,167,-3.0,1.0,-0.02,173.0,5.0
2025-05-13 07:33:12,173.29,21.0,450.14,28.0,170.24,29.0,508.0,45.0,311.71,276.85,50.0,73.0,60.57956231271404,123,-23.0,-44.0,-0.19,175.6,5.0
2025-05-13 07:33:15,173.0,54.0,301.5,30.0,172.0,54.0,521.0,18.0,237.25,128.5,108.0,48.0,90.5179475573768,156,60.0,-51.0,0.38,175.6,
2025-05-13 07:33:16,173.6,20.0,267.92,26.0,172.86,63.0,339.11,27.0,220.76,94.32000000000002,83.0,53.0,77.02806871524187,136,30.0,-20.0,0.22,173.67,3.0
2025-05-13 07:33:17,173.0,63.0,240.0,18.0,172.0,81.0,283.03,29.0,206.5,67.0,144.0,47.0,87.2965139624717,191,97.0,55.0,0.51,173.0,1.0
2025-05-13 07:33:18,173.0,42.0,237.67,12.0,172.0,54.0,296.43,7.0,205.33,64.66999999999999,96.0,19.0,50.24443123371992,115,77.0,-76.0,0.67,173.0,
2025-05-13 07:33:19,173.09,54.0,232.82,22.0,172.36,98.0,443.14,14.0,202.96,59.72999999999999,152.0,36.0,14.474050918799648,188,116.0,73.0,0.62,173.0,
2025-05-13 07:33:20,174.82,11.0,220.05,22.0,173.0,77.0,277.62,13.0,197.43,45.23000000000002,88.0,35.0,8.652556269681424,123,53.0,-65.0,0.43,173.0,
2025-05-13 07:33:21,173.13,47.0,220.0,30.0,172.23,93.0,572.89,19.0,196.56,46.870000000000005,140.0,49.0,4.539860130004269,189,91.0,66.0,0.48,173.33,6.0
2025-05-13 07:33:22,172.5,28.0,214.89,18.0,171.82,77.0,236.88,17.0,193.69,42.38999999999999,105.0,35.0,4.800440604778043,140,70.0,-49.0,0.5,172.5,4.0
2025-05-13 07:33:23,172.0,76.0,202.79,38.0,171.0,91.0,214.62,26.0,187.39,30.789999999999992,167.0,64.0,5.689730222075645,231,103.0,91.0,0.45,172.0,3.0
2025-05-13 07:33:24,172.0,52.0,189.92,26.0,171.0,91.0,328.5,32.0,180.96,17.919999999999987,143.0,58.0,6.948311305633895,201,85.0,-30.0,0.42,172.0,
2025-05-13 07:33:25,174.15,33.0,186.67,30.0,171.6,58.0,619.16,51.0,180.41,12.519999999999982,91.0,81.0,7.29718233292816,172,10.0,-29.0,0.06,174.8,5.0
2025-05-13 07:33:26,173.0,11.0,182.95,40.0,172.0,22.0,253.84,31.0,177.97,9.949999999999989,33.0,71.0,6.400068749630559,104,-38.0,-68.0,-0.37,174.8,
2025-05-13 07:33:27,173.89,9.0,180.0,45.0,172.0,18.0,182.0,18.0,176.94,6.110000000000014,27.0,63.0,4.077147287012887,90,-36.0,-14.0,-0.4,174.8,
2025-05-13 07:33:28,173.2,10.0,177.38,26.0,171.13,62.0,178.36,44.0,175.29,4.180000000000007,72.0,70.0,2.374095617281614,142,2.0,52.0,0.01,173.5,2.0
2025-05-13 07:33:29,171.2,44.0,175.06,36.0,170.61,36.0,176.54,48.0,173.13,3.8600000000000136,80.0,84.0,2.7457275902746003,164,-4.0,22.0,-0.02,171.2,5.0
2025-05-13 07:33:30,171.23,52.0,173.5,40.0,170.58,38.0,174.14,58.0,172.37,2.2700000000000102,90.0,98.0,2.397102417502129,188,-8.0,24.0,-0.04,172.0,2.0
2025-05-13 07:33:31,171.0,42.0,172.25,16.0,169.0,11.0,174.0,55.0,171.62,1.25,53.0,71.0,2.1966679312071835,124,-18.0,-64.0,-0.15,171.5,2.0
2025-05-13 07:33:32,171.0,26.0,173.84,38.0,169.0,10.0,272.5,26.0,172.42,2.8400000000000034,36.0,64.0,1.404717053357608,100,-28.0,-24.0,-0.28,171.0,1.0
2025-05-13 07:33:33,171.12,32.0,189.19,32.0,170.25,16.0,496.2,10.0,180.16,18.069999999999997,48.0,42.0,3.5178899925941542,90,6.0,-10.0,0.07,173.0,1.0
2025-05-13 07:33:35,171.0,40.0,333.38,16.0,169.0,8.0,667.0,8.0,252.19,162.38,48.0,24.0,68.32752754197985,72,24.0,27.0,0.33,173.0,
2025-05-13 07:33:36,171.0,42.0,340.13,30.0,169.0,10.0,386.06,17.0,255.57,169.13,52.0,47.0,63.39528349964232,99,5.0,27.0,0.05,171.0,2.0
2025-05-13 07:33:37,171.0,30.0,275.3,40.0,169.0,10.0,511.4,20.0,223.15,104.3,40.0,60.0,53.70033547381269,100,-20.0,1.0,-0.2,171.0,
2025-05-13 07:33:38,167.0,24.0,227.33,18.0,131.1,20.0,270.62,39.0,197.17,60.33000000000001,44.0,57.0,48.66104992702096,101,-13.0,1.0,-0.13,168.5,6.0
2025-05-13 07:33:39,152.29,14.0,225.0,28.0,120.82,11.0,255.33,12.0,188.64,72.71000000000001,25.0,40.0,30.6597876704979,65,-15.0,-36.0,-0.23,172.0,2.0
2025-05-13 07:33:40,143.43,7.0,210.46,26.0,94.43,7.0,289.5,14.0,176.95,67.03,14.0,40.0,31.41731337972756,54,-26.0,-11.0,-0.48,172.0,
2025-05-13 07:33:41,132.91,11.0,161.48,31.0,72.27,11.0,195.16,38.0,147.2,28.569999999999997,22.0,69.0,27.82655691960469,91,-47.0,37.0,-0.52,161.0,5.0
2025-05-13 07:33:43,136.17,6.0,161.0,12.0,0.0,0.0,162.0,18.0,148.58,24.830000000000013,6.0,30.0,21.64972355481681,36,-24.0,-23.0,-0.67,161.0,
2025-05-13 07:33:49,164.46,28.0,373.73,22.0,92.88,16.0,605.42,19.0,269.1,209.27,44.0,41.0,73.5435054916475,85,3.0,15.0,0.04,166.0,3.0
2025-05-13 07:33:53,173.0,25.0,292.33,27.0,169.0,10.0,467.86,21.0,232.67,119.32999999999998,35.0,48.0,75.74288151371088,83,-13.0,35.0,-0.16,173.4,5.0
2025-05-13 07:33:54,165.18,11.0,205.0,18.0,144.23,13.0,425.33,30.0,185.09,39.81999999999999,24.0,48.0,98.64789693652897,72,-24.0,-11.0,-0.33,165.0,4.0
2025-05-13 07:33:55,167.78,9.0,237.0,18.0,166.67,9.0,436.0,30.0,202.39,69.22,18.0,48.0,96.41778222921346,66,-30.0,-6.0,-0.45,165.0,
2025-05-13 07:33:56,169.64,11.0,237.0,27.0,168.88,16.0,457.44,45.0,203.32,67.36000000000001,27.0,72.0,69.55162521465634,99,-45.0,33.0,-0.45,165.0,
2025-05-13 07:33:57,171.46,24.0,279.78,50.0,170.57,21.0,368.0,58.0,225.62,108.31999999999996,45.0,108.0,19.240518963895244,153,-63.0,54.0,-0.41,165.0,
2025-05-13 07:33:58,174.44,9.0,220.0,18.0,171.0,18.0,221.53,30.0,197.22,45.56,27.0,48.0,14.713475796018114,75,-21.0,-78.0,-0.28,165.0,
2025-05-13 07:33:59,176.0,9.0,217.78,18.0,171.0,18.0,219.0,18.0,196.89,41.78,27.0,36.0,11.843570829779829,63,-9.0,-12.0,-0.14,165.0,
2025-05-13 07:34:01,173.89,35.0,203.57,63.0,170.05,80.0,206.33,58.0,188.73,29.680000000000007,115.0,121.0,14.183281355173442,236,-6.0,132.0,-0.03,178.0,1.0
2025-05-13 07:34:02,176.0,15.0,196.14,28.0,170.8,40.0,197.33,36.0,186.07,20.139999999999983,55.0,64.0,5.345022918567173,119,-9.0,-117.0,-0.08,176.0,1.0
2025-05-13 07:34:03,176.0,10.0,192.64,22.0,171.0,26.0,193.62,26.0,184.32,16.639999999999986,36.0,48.0,5.973036916009113,84,-12.0,-35.0,-0.14,176.0,
2025-05-13 07:34:04,176.0,11.0,191.55,22.0,171.0,22.0,193.0,22.0,183.77,15.550000000000011,33.0,44.0,5.359437470482038,77,-11.0,-7.0,-0.14,176.0,
2025-05-13 07:34:05,176.0,12.0,188.0,30.0,171.0,24.0,189.95,42.0,182.0,12.0,36.0,72.0,2.551013524073524,108,-36.0,31.0,-0.33,176.0,
2025-05-13 07:34:06,172.14,28.0,182.5,36.0,170.22,23.0,182.81,53.0,177.32,10.360000000000014,51.0,89.0,3.3376833282990632,140,-38.0,32.0,-0.27,171.6,5.0
2025-05-13 07:34:07,170.0,108.0,176.13,78.0,165.0,18.0,177.16,70.0,173.06,6.129999999999996,126.0,148.0,4.800445812630849,274,-22.0,134.0,-0.08,171.6,
2025-05-13 07:34:08,171.38,39.0,174.9,40.0,169.82,56.0,175.85,53.0,173.14,3.5200000000000102,95.0,93.0,4.941600955156607,188,2.0,-86.0,0.01,171.6,
2025-05-13 07:34:09,170.16,77.0,175.51,53.0,167.71,24.0,179.54,35.0,172.83,5.349999999999994,101.0,88.0,4.002186902182873,189,13.0,1.0,0.07,172.0,7.0
2025-05-13 07:34:10,170.0,75.0,175.5,52.0,167.2,25.0,180.0,40.0,172.75,5.5,100.0,92.0,1.9630970429409889,192,8.0,3.0,0.04,176.0,1.0
2025-05-13 07:34:11,162.27,37.0,171.97,59.0,93.15,34.0,174.52,42.0,167.12,9.699999999999989,71.0,101.0,2.6099329493308936,172,-30.0,-20.0,-0.17,169.33,6.0
2025-05-13 07:34:12,144.52,27.0,172.46,52.0,77.93,43.0,327.26,46.0,158.49,27.94,70.0,98.0,6.320121043144842,168,-28.0,-4.0,-0.17,165.33,6.0
2025-05-13 07:34:13,172.0,10.0,173.0,40.0,155.27,44.0,299.8,30.0,172.5,1.0,54.0,70.0,6.21756946081041,124,-16.0,-44.0,-0.13,165.33,
2025-05-13 07:34:14,170.18,33.0,175.14,21.0,165.15,39.0,184.88,24.0,172.66,4.95999999999998,72.0,45.0,6.190002423263032,117,27.0,-7.0,0.23,172.0,1.0
2025-05-13 07:34:15,170.21,114.0,277.73,33.0,158.88,51.0,334.63,49.0,223.97,107.52,165.0,82.0,25.81921513137076,247,83.0,130.0,0.34,172.0,
2025-05-13 07:34:16,174.0,24.0,368.89,27.0,173.0,54.0,405.61,23.0,271.44,194.89,78.0,50.0,47.18279209627181,128,28.0,-119.0,0.22,174.0,1.0
2025-05-13 07:34:17,174.0,13.0,396.0,30.0,170.43,70.0,419.8,20.0,285.0,222.0,83.0,50.0,53.0410103599094,133,33.0,5.0,0.25,174.0,1.0
2025-05-13 07:34:18,176.71,28.0,340.37,46.0,172.58,24.0,432.55,33.0,258.54,163.66,52.0,79.0,45.060745888189885,131,-27.0,-2.0,-0.21,174.0,
2025-05-13 07:34:19,177.0,14.0,395.0,24.0,176.0,8.0,486.17,23.0,286.0,218.0,22.0,47.0,25.53265360278927,69,-25.0,-62.0,-0.36,177.0,2.0
2025-05-13 07:34:33,176.0,210.0,203.69,45.0,172.0,45.0,204.56,63.0,189.84,27.69,255.0,108.0,3.146246970601322,363,147.0,55.0,0.4,177.0,
2025-05-13 07:34:34,176.0,154.0,200.29,35.0,172.0,33.0,201.62,45.0,188.14,24.289999999999992,187.0,80.0,3.6374482814217095,267,107.0,-96.0,0.4,177.0,
2025-05-13 07:34:35,176.0,235.0,194.45,31.0,172.0,51.0,196.7,33.0,185.23,18.44999999999999,286.0,64.0,3.939564696767592,350,222.0,83.0,0.63,177.0,
2025-05-13 07:34:36,176.0,139.0,189.72,25.0,174.18,55.0,190.22,27.0,182.86,13.72,194.0,52.0,3.898298346717095,246,142.0,-104.0,0.58,176.0,10.0
2025-05-13 07:34:37,175.52,52.0,187.0,48.0,174.25,60.0,188.23,44.0,181.26,11.47999999999999,112.0,92.0,3.564390550994244,204,20.0,-42.0,0.1,176.0,3.0
2025-05-13 07:34:38,172.95,88.0,182.54,74.0,171.37,57.0,183.63,75.0,177.75,9.590000000000003,145.0,149.0,3.936708015590787,294,-4.0,90.0,-0.01,173.56,9.0
2025-05-13 07:34:39,170.75,96.0,179.58,36.0,169.66,87.0,180.95,40.0,175.17,8.830000000000013,183.0,76.0,4.015000622667001,259,107.0,-35.0,0.41,173.56,
2025-05-13 07:34:40,170.36,198.0,175.03,74.0,169.81,226.0,176.32,65.0,172.7,4.669999999999988,424.0,139.0,4.19508879524808,563,285.0,172.0,0.51,170.0,2.0
2025-05-13 07:34:41,170.13,104.0,172.13,46.0,169.81,154.0,173.47,40.0,171.13,2.0,258.0,86.0,4.038374673060379,344,172.0,-172.0,0.5,171.0,4.0
2025-05-13 07:34:42,169.78,116.0,176.0,30.0,167.45,33.0,266.79,38.0,172.89,6.219999999999999,149.0,68.0,2.577037058331758,217,81.0,-127.0,0.37,170.0,6.0
2025-05-13 07:34:43,169.0,68.0,176.7,30.0,168.0,30.0,357.17,24.0,172.85,7.699999999999989,98.0,54.0,1.4419500684888424,152,44.0,-65.0,0.29,169.0,4.0
2025-05-13 07:34:44,170.33,36.0,175.31,29.0,169.41,51.0,335.24,29.0,172.82,4.97999999999999,87.0,58.0,0.7568817609209966,145,29.0,-7.0,0.2,175.0,1.0
2025-05-13 07:34:45,170.37,41.0,183.67,21.0,169.25,48.0,487.56,27.0,177.02,13.299999999999985,89.0,48.0,2.187434570453505,137,41.0,-8.0,0.3,175.0,2.0
2025-05-13 07:34:46,171.92,50.0,399.61,18.0,170.0,44.0,469.05,38.0,285.77,227.69000000000003,94.0,56.0,50.064547835769176,150,38.0,13.0,0.25,170.0,2.0
2025-05-13 07:34:47,176.0,20.0,302.81,16.0,172.0,30.0,564.63,38.0,239.41,126.81,50.0,54.0,51.125553591135066,104,-4.0,-46.0,-0.04,170.0,
2025-05-13 07:34:48,170.16,74.0,232.91,22.0,165.23,91.0,562.04,56.0,201.54,62.75,165.0,78.0,47.451445394213486,243,87.0,139.0,0.36,173.6,5.0
2025-05-13 07:34:49,170.0,64.0,231.12,16.0,165.21,43.0,475.5,16.0,200.56,61.120000000000005,107.0,32.0,42.61662997000145,139,75.0,-104.0,0.54,173.6,
2025-05-13 07:34:50,170.0,31.0,231.0,24.0,168.0,12.0,329.0,12.0,200.5,61.0,43.0,36.0,37.57336330434137,79,7.0,-60.0,0.09,170.0,7.0
2025-05-13 07:34:51,168.44,9.0,230.78,18.0,165.14,44.0,338.48,29.0,199.61,62.34,53.0,47.0,17.391021534114184,100,6.0,21.0,0.06,170.0,1.0
2025-05-13 07:34:52,169.0,112.0,229.75,16.0,168.0,8.0,478.75,20.0,199.38,60.75,120.0,36.0,0.8611155555564087,156,84.0,56.0,0.54,170.0,
2025-05-13 07:34:53,169.0,98.0,229.0,14.0,168.0,7.0,588.53,15.0,199.0,60.0,105.0,29.0,0.6927481504999472,134,76.0,-22.0,0.57,170.0,
2025-05-13 07:34:54,169.92,182.0,228.17,24.0,168.0,13.0,361.27,15.0,199.04,58.25,195.0,39.0,0.6099016314300311,234,156.0,100.0,0.67,170.0,
2025-05-13 07:34:55,170.84,88.0,226.67,6.0,168.0,6.0,228.0,12.0,198.75,55.829999999999984,94.0,18.0,0.3387181719673634,112,76.0,-122.0,0.68,170.0,
2025-05-13 07:34:56,171.0,149.0,225.1,20.0,168.0,11.0,226.62,13.0,198.05,54.1,160.0,33.0,0.4973228327965762,193,127.0,81.0,0.66,171.0,3.0
2025-05-13 07:34:57,171.06,134.0,224.69,26.0,168.23,13.0,226.0,13.0,197.88,53.63,147.0,39.0,0.5434427292923633,186,108.0,-7.0,0.58,171.0,3.0
2025-05-13 07:34:58,173.76,103.0,222.38,21.0,173.67,72.0,224.19,27.0,198.07,48.620000000000005,175.0,48.0,0.506231172509837,223,127.0,37.0,0.57,175.0,3.0
2025-05-13 07:34:59,175.84,57.0,187.19,27.0,174.33,36.0,205.42,12.0,181.51,11.349999999999994,93.0,39.0,7.465836858652872,132,54.0,-91.0,0.41,175.0,
2025-05-13 07:35:00,176.67,108.0,184.04,23.0,175.92,117.0,185.31,16.0,180.36,7.370000000000003,225.0,39.0,9.356015711830471,264,186.0,132.0,0.7,175.0,
2025-05-13 07:35:04,176.06,98.0,211.93,27.0,175.8,45.0,263.06,33.0,193.99,35.870000000000005,143.0,60.0,6.45513206681449,203,83.0,-57.0,0.41,176.67,3.0
2025-05-13 07:35:05,176.0,62.0,311.0,8.0,175.0,5.0,761.9,21.0,243.5,135.0,67.0,29.0,27.76686640584453,96,38.0,-107.0,0.4,176.0,3.0
2025-05-13 07:35:09,175.0,7.0,257.92,26.0,173.0,14.0,338.9,20.0,216.46,82.92000000000002,21.0,46.0,72.69630403259875,67,-25.0,-49.0,-0.37,176.0,
2025-05-13 07:35:10,173.29,14.0,255.8,30.0,172.25,16.0,257.5,32.0,214.54,82.51000000000002,30.0,62.0,79.6937185730471,92,-32.0,25.0,-0.35,175.0,1.0
2025-05-13 07:35:11,173.0,30.0,252.78,55.0,172.0,30.0,253.68,50.0,212.89,79.78,60.0,105.0,77.5706602395521,165,-45.0,73.0,-0.27,173.0,1.0
2025-05-13 07:35:12,173.0,18.0,247.6,68.0,172.0,36.0,248.8,64.0,210.3,74.6,54.0,132.0,49.01870132918688,186,-78.0,21.0,-0.42,173.0,
2025-05-13 07:35:13,173.0,8.0,243.84,25.0,172.0,37.0,244.9,31.0,208.42,70.84,45.0,56.0,3.2202204893495163,101,-11.0,-85.0,-0.11,173.0,
2025-05-13 07:35:14,173.0,12.0,242.7,47.0,172.0,60.0,243.78,37.0,207.85,69.69999999999999,72.0,84.0,2.8710886437075387,156,-12.0,55.0,-0.08,173.0,
2025-05-13 07:35:15,173.0,12.0,238.19,43.0,172.0,60.0,239.12,43.0,205.59,65.19,72.0,86.0,2.743565198792684,158,-14.0,2.0,-0.09,173.0,
2025-05-13 07:35:16,173.0,5.0,235.4,20.0,172.0,25.0,236.4,20.0,204.2,62.400000000000006,30.0,40.0,2.402450831968545,70,-10.0,-88.0,-0.14,173.0,
2025-05-13 07:35:17,174.14,7.0,233.05,20.0,172.04,26.0,234.45,22.0,203.6,58.910000000000025,33.0,42.0,2.146152371111219,75,-9.0,5.0,-0.12,173.0,
2025-05-13 07:35:18,172.24,42.0,231.26,46.0,171.18,11.0,232.26,38.0,201.75,59.01999999999998,53.0,84.0,2.281725224479567,137,-31.0,62.0,-0.23,174.75,4.0
2025-05-13 07:35:19,172.0,60.0,199.19,47.0,171.0,15.0,218.31,51.0,185.6,27.19,75.0,98.0,8.248652617247657,173,-23.0,36.0,-0.13,174.75,
2025-05-13 07:35:20,172.0,45.0,176.76,41.0,171.0,12.0,178.35,43.0,174.38,4.759999999999991,57.0,84.0,13.3390659343159,141,-27.0,-32.0,-0.19,174.75,
2025-05-13 07:35:21,171.07,44.0,173.53,47.0,168.36,50.0,174.58,57.0,172.3,2.460000000000008,94.0,104.0,14.739856851408938,198,-10.0,57.0,-0.05,172.22,9.0
2025-05-13 07:35:22,169.0,22.0,171.96,23.0,166.0,72.0,187.43,23.0,170.48,2.960000000000008,94.0,46.0,13.056217675882529,140,48.0,-58.0,0.34,169.33,3.0
2025-05-13 07:35:23,168.7,43.0,173.43,42.0,161.96,45.0,226.0,28.0,171.06,4.730000000000018,88.0,70.0,6.239189049870793,158,18.0,18.0,0.11,166.75,4.0
2025-05-13 07:35:24,171.92,25.0,201.55,22.0,170.54,39.0,271.55,22.0,186.73,29.630000000000024,64.0,44.0,6.730913756692146,108,20.0,-50.0,0.19,171.83,6.0
2025-05-13 07:35:25,171.0,9.0,311.0,16.0,165.0,24.0,371.14,28.0,241.0,140.0,33.0,44.0,30.20978285257984,77,-11.0,-31.0,-0.14,171.0,1.0
2025-05-13 07:35:26,171.93,54.0,224.84,31.0,167.73,22.0,310.9,49.0,198.38,52.91,76.0,80.0,28.980022429253346,156,-4.0,79.0,-0.03,171.0,
2025-05-13 07:35:27,172.0,35.0,282.9,20.0,171.0,7.0,366.86,21.0,227.45,110.89999999999998,42.0,41.0,28.850972773894917,83,1.0,-73.0,0.01,171.0,
2025-05-13 07:35:28,172.0,50.0,204.0,20.0,171.0,10.0,330.55,33.0,188.0,32.0,60.0,53.0,24.55490317635208,113,7.0,30.0,0.06,171.0,
2025-05-13 07:35:29,172.49,37.0,317.2,30.0,171.67,18.0,439.86,28.0,244.84,144.70999999999998,55.0,58.0,25.51926096108632,113,-3.0,0.0,-0.03,172.0,1.0
2025-05-13 07:35:30,173.0,16.0,384.0,28.0,171.84,19.0,598.2,15.0,278.5,211.0,35.0,43.0,36.43446417885165,78,-8.0,-35.0,-0.1,172.0,
2025-05-13 07:35:31,176.0,8.0,326.0,24.0,172.0,32.0,489.29,28.0,251.0,150.0,40.0,52.0,33.419041278888045,92,-12.0,14.0,-0.13,172.0,
2025-05-13 07:35:32,176.64,14.0,300.82,22.0,172.8,25.0,360.26,38.0,238.73,124.18,39.0,60.0,32.909191421243136,99,-21.0,7.0,-0.21,177.0,1.0
2025-05-13 07:35:33,177.0,5.0,308.57,7.0,176.0,9.0,335.86,14.0,242.79,131.57,14.0,21.0,15.906010499179922,35,-7.0,-64.0,-0.2,177.0,
2025-05-13 07:35:34,176.6,10.0,307.62,8.0,175.25,40.0,448.57,28.0,242.11,131.02,50.0,36.0,16.221434276907267,86,14.0,51.0,0.16,176.25,4.0
2025-05-13 07:35:35,176.0,28.0,280.42,26.0,173.0,70.0,340.55,44.0,228.21,104.42000000000002,98.0,70.0,8.249849695601885,168,28.0,82.0,0.17,176.25,
2025-05-13 07:35:36,176.0,26.0,274.29,28.0,173.0,65.0,275.86,37.0,225.14,98.29000000000002,91.0,65.0,8.180597777670206,156,26.0,-12.0,0.17,176.25,
2025-05-13 07:35:37,176.0,28.0,270.05,64.0,173.06,67.0,270.92,49.0,223.02,94.05,95.0,113.0,9.491808573713593,208,-18.0,52.0,-0.09,176.25,
2025-05-13 07:35:38,176.86,14.0,263.18,55.0,175.92,26.0,268.98,41.0,220.02,86.32,40.0,96.0,8.592825495727416,136,-56.0,-72.0,-0.41,176.25,
2025-05-13 07:35:39,176.58,19.0,190.5,24.0,173.94,70.0,230.87,45.0,183.54,13.919999999999987,89.0,69.0,18.382839280155384,158,20.0,22.0,0.13,177.0,1.0
2025-05-13 07:35:40,173.79,61.0,189.54,52.0,172.83,116.0,191.0,13.0,181.66,15.75,177.0,65.0,22.06344669357043,242,112.0,84.0,0.46,174.2,5.0
2025-05-13 07:35:41,173.0,90.0,187.18,45.0,172.0,40.0,188.69,29.0,180.09,14.180000000000009,130.0,74.0,21.83562639358039,204,56.0,-38.0,0.27,174.2,
2025-05-13 07:35:42,173.0,108.0,182.11,28.0,172.0,48.0,182.52,44.0,177.55,9.110000000000014,156.0,72.0,17.716533803202733,228,84.0,24.0,0.37,174.2,
2025-05-13 07:35:43,173.0,93.0,177.06,31.0,172.0,44.0,178.84,31.0,175.03,4.060000000000002,137.0,62.0,3.357503536859728,199,75.0,-29.0,0.38,173.0,3.0
2025-05-13 07:35:44,173.0,47.0,174.38,37.0,172.0,36.0,176.59,17.0,173.69,1.3799999999999957,83.0,54.0,3.338379846576148,137,29.0,-62.0,0.21,173.0,1.0
2025-05-13 07:35:45,172.33,24.0,180.67,36.0,171.8,20.0,208.08,24.0,176.5,8.339999999999975,44.0,60.0,2.450595845917051,104,-16.0,-33.0,-0.15,173.0,3.0
2025-05-13 07:35:46,172.0,25.0,188.29,28.0,171.0,7.0,259.0,35.0,180.14,16.289999999999992,32.0,63.0,2.468576512896832,95,-31.0,-9.0,-0.33,172.0,1.0
2025-05-13 07:35:47,173.0,13.0,188.0,28.0,172.0,21.0,230.06,17.0,180.5,15.0,34.0,45.0,3.043381343181593,79,-11.0,-16.0,-0.14,173.0,2.0
2025-05-13 07:35:48,173.0,24.0,187.18,40.0,172.0,36.0,194.0,40.0,180.09,14.180000000000009,60.0,80.0,2.993932196965334,140,-20.0,61.0,-0.14,173.0,
2025-05-13 07:35:49,173.0,44.0,184.84,38.0,172.0,33.0,186.31,39.0,178.92,11.840000000000003,77.0,77.0,1.6378034070136531,154,0.0,14.0,0.0,173.0,
2025-05-13 07:35:50,173.0,48.0,181.1,40.0,172.0,36.0,182.82,44.0,177.05,8.099999999999994,84.0,84.0,1.4114354395527602,168,0.0,14.0,0.0,173.0,
2025-05-13 07:35:51,173.0,60.0,176.36,53.0,172.0,45.0,177.81,42.0,174.68,3.3600000000000136,105.0,95.0,2.4021802596861037,200,10.0,32.0,0.05,173.0,
2025-05-13 07:35:52,173.0,36.0,174.0,48.0,172.0,36.0,175.0,12.0,173.5,1.0,72.0,60.0,2.772809044998547,132,12.0,-68.0,0.09,173.0,3.0
2025-05-13 07:35:53,173.86,14.0,176.8,40.0,171.25,32.0,289.62,26.0,175.33,2.9399999999999977,46.0,66.0,2.1222700111026973,112,-20.0,-20.0,-0.18,173.5,8.0
2025-05-13 07:35:54,176.0,21.0,206.41,27.0,172.0,7.0,374.65,23.0,191.2,30.41,28.0,50.0,7.295962582142646,78,-22.0,-34.0,-0.28,173.5,
2025-05-13 07:35:55,176.0,28.0,217.92,24.0,172.0,9.0,254.08,39.0,196.96,41.91999999999999,37.0,63.0,10.933950795573637,100,-26.0,22.0,-0.26,173.5,
2025-05-13 07:35:56,176.0,36.0,229.16,25.0,172.0,9.0,238.57,42.0,202.58,53.16,45.0,67.0,12.979213381404328,112,-22.0,12.0,-0.2,173.5,
2025-05-13 07:35:57,171.33,42.0,229.0,27.0,169.1,105.0,284.89,45.0,200.17,57.66999999999999,147.0,72.0,10.886095259551285,219,75.0,107.0,0.34,173.5,8.0
2025-05-13 07:35:58,176.24,55.0,213.18,17.0,170.48,23.0,228.56,16.0,194.71,36.94,78.0,33.0,4.471971600985954,111,45.0,-108.0,0.41,173.5,
2025-05-13 07:35:59,177.0,81.0,226.03,31.0,172.0,26.0,228.14,21.0,201.52,49.03,107.0,52.0,3.2758464555019606,159,55.0,48.0,0.35,177.0,1.0
2025-05-13 07:36:01,177.0,92.0,218.58,24.0,172.0,28.0,220.35,26.0,197.79,41.58000000000001,120.0,50.0,2.704329861541442,170,70.0,-24.0,0.41,177.0,2.0
2025-05-13 07:36:02,177.0,30.0,215.68,22.0,172.0,16.0,216.5,10.0,196.34,38.68000000000001,46.0,32.0,2.795555400993652,78,14.0,-92.0,0.18,177.0,2.0
2025-05-13 07:36:03,177.0,35.0,211.7,33.0,172.0,30.0,212.76,25.0,194.35,34.69999999999999,65.0,58.0,2.908155772998552,123,7.0,45.0,0.06,177.0,
2025-05-13 07:36:04,171.48,46.0,198.18,40.0,168.67,141.0,201.1,48.0,184.83,26.700000000000017,187.0,88.0,5.94235475211846,275,99.0,152.0,0.36,173.0,9.0
2025-05-13 07:36:05,169.0,59.0,170.92,37.0,168.0,210.0,196.67,43.0,169.96,1.9199999999999875,269.0,80.0,11.608984882410049,349,189.0,74.0,0.54,169.2,5.0
2025-05-13 07:36:06,169.0,8.0,171.62,16.0,168.0,112.0,356.18,34.0,170.31,2.6200000000000045,120.0,50.0,12.659777644177852,170,70.0,-172.0,0.41,169.2,
2025-05-13 07:36:07,168.05,62.0,348.14,28.0,145.72,86.0,444.39,41.0,258.1,180.08999999999995,148.0,69.0,36.47176510672367,217,79.0,47.0,0.36,168.17,6.0
2025-05-13 07:36:08,168.0,99.0,268.81,32.0,143.57,28.0,368.3,40.0,218.41,100.81,127.0,72.0,37.841928729915786,199,55.0,-18.0,0.28,168.17,
2025-05-13 07:36:09,170.44,45.0,239.48,42.0,166.97,105.0,272.98,53.0,204.96,69.03999999999999,150.0,95.0,36.83921782557314,245,55.0,46.0,0.22,170.5,4.0
2025-05-13 07:36:10,177.0,33.0,265.36,22.0,169.96,23.0,420.93,30.0,221.18,88.36000000000001,56.0,52.0,31.640938197215743,108,4.0,-137.0,0.04,170.5,
2025-05-13 07:36:11,177.0,33.0,264.0,22.0,173.0,11.0,482.43,49.0,220.5,87.0,44.0,71.0,19.841859791864945,115,-27.0,7.0,-0.23,170.5,
2025-05-13 07:36:12,177.0,42.0,237.53,34.0,175.33,45.0,405.04,48.0,207.26,60.53,87.0,82.0,7.735187134130983,169,5.0,54.0,0.03,170.5,
2025-05-13 07:36:13,177.0,18.0,227.33,12.0,176.0,60.0,228.5,16.0,202.17,50.33000000000001,78.0,28.0,8.973454184427828,106,50.0,-63.0,0.47,170.5,
2025-05-13 07:36:14,177.0,19.0,226.78,18.0,176.0,90.0,228.0,18.0,201.89,49.78,109.0,36.0,9.592067034796273,145,73.0,39.0,0.5,177.0,1.0
2025-05-13 07:36:15,177.0,24.0,223.92,24.0,176.0,120.0,226.5,24.0,200.46,46.91999999999999,144.0,48.0,8.262120187943584,192,96.0,47.0,0.5,177.0,
2025-05-13 07:36:16,177.0,24.0,220.08,24.0,176.0,120.0,222.75,24.0,198.54,43.08000000000001,144.0,48.0,3.241578319279731,192,96.0,0.0,0.5,177.0,
2025-05-13 07:36:17,177.0,8.0,218.5,8.0,176.0,40.0,219.5,8.0,197.75,41.5,48.0,16.0,1.9720218051594047,64,32.0,-128.0,0.5,177.0,
2025-05-13 07:36:18,177.0,24.0,216.5,24.0,176.0,120.0,217.5,24.0,196.75,39.5,144.0,48.0,2.079055073831387,192,96.0,128.0,0.5,176.5,4.0
2025-05-13 07:36:19,176.0,80.0,204.9,20.0,173.0,10.0,216.7,20.0,190.45,28.90000000000001,90.0,40.0,3.796386439763983,130,50.0,-62.0,0.38,176.5,
2025-05-13 07:36:20,176.0,66.0,177.6,20.0,173.0,10.0,247.06,32.0,176.8,1.5999999999999943,76.0,52.0,9.107994839701178,128,24.0,-2.0,0.19,176.0,2.0
2025-05-13 07:36:21,172.67,36.0,287.79,57.0,171.91,22.0,358.36,33.0,230.23,115.12000000000003,58.0,90.0,19.65996134279068,148,-32.0,20.0,-0.22,174.27,11.0
2025-05-13 07:36:22,172.0,22.0,193.92,48.0,171.0,11.0,223.79,48.0,182.96,21.919999999999987,33.0,96.0,20.857614197218805,129,-63.0,-19.0,-0.49,174.27,
2025-05-13 07:36:23,170.88,16.0,184.64,44.0,169.36,11.0,289.09,55.0,177.76,13.759999999999993,27.0,99.0,22.242001933279816,126,-72.0,-3.0,-0.57,171.67,3.0
2025-05-13 07:36:24,169.0,12.0,183.17,48.0,168.0,102.0,316.0,58.0,176.08,14.169999999999987,114.0,106.0,23.33572754383336,220,8.0,94.0,0.04,171.67,
2025-05-13 07:36:25,169.0,11.0,182.0,44.0,168.0,47.0,316.79,19.0,175.5,13.0,58.0,63.0,23.50897871027201,121,-5.0,-99.0,-0.04,171.67,
2025-05-13 07:36:26,169.0,10.0,181.3,40.0,168.0,10.0,564.64,14.0,175.15,12.300000000000011,20.0,54.0,3.217825352628936,74,-34.0,-47.0,-0.46,171.67,
2025-05-13 07:36:27,174.25,12.0,180.5,48.0,168.75,12.0,490.18,22.0,177.38,6.25,24.0,70.0,1.1490778911898771,94,-46.0,20.0,-0.49,171.67,
2025-05-13 07:36:28,171.1,10.0,330.82,33.0,168.3,10.0,573.24,25.0,250.96,159.72,20.0,58.0,33.52157484367377,78,-38.0,-16.0,-0.49,176.0,1.0
2025-05-13 07:36:30,173.36,33.0,295.29,21.0,168.91,33.0,299.64,33.0,234.32,121.93,66.0,54.0,60.52134334265907,120,12.0,-50.0,0.1,176.0,
2025-05-13 07:36:31,177.0,42.0,241.83,58.0,169.0,70.0,284.76,62.0,209.41,64.83000000000001,112.0,120.0,54.08272478342807,232,-8.0,112.0,-0.03,176.0,
2025-05-13 07:36:35,175.18,33.0,206.12,41.0,172.82,66.0,226.06,35.0,190.65,30.94,99.0,76.0,10.393776022217368,175,23.0,66.0,0.13,174.5,4.0
2025-05-13 07:36:36,173.0,27.0,238.07,41.0,171.0,18.0,242.95,41.0,205.54,65.07,45.0,82.0,9.791178172213016,127,-37.0,-48.0,-0.29,174.5,
2025-05-13 07:36:37,173.0,33.0,188.29,41.0,171.0,22.0,209.51,37.0,180.65,15.289999999999992,55.0,78.0,11.553003938371184,133,-23.0,6.0,-0.17,174.5,
2025-05-13 07:36:38,173.0,51.0,186.94,53.0,171.0,22.0,188.71,35.0,179.97,13.939999999999998,73.0,88.0,10.340087040253566,161,-15.0,28.0,-0.09,174.5,
2025-05-13 07:36:39,173.0,50.0,183.39,46.0,171.0,20.0,185.0,40.0,178.2,10.389999999999986,70.0,86.0,11.448116438961458,156,-16.0,-5.0,-0.1,174.5,
2025-05-13 07:36:40,174.14,35.0,179.8,69.0,172.67,60.0,180.88,69.0,176.97,5.660000000000025,95.0,138.0,11.980631452474418,233,-43.0,77.0,-0.18,177.0,1.0
2025-05-13 07:36:41,171.86,43.0,176.24,68.0,170.02,51.0,177.24,55.0,174.05,4.379999999999996,94.0,123.0,2.62686505173349,217,-29.0,-16.0,-0.13,172.83,6.0
2025-05-13 07:36:42,170.1,49.0,172.22,41.0,154.39,62.0,182.75,57.0,171.16,2.1200000000000045,111.0,98.0,3.490895300638308,209,13.0,-8.0,0.06,170.5,10.0
2025-05-13 07:36:43,160.48,27.0,169.33,36.0,118.36,55.0,253.35,37.0,164.91,8.850000000000023,82.0,73.0,5.308490369212175,155,9.0,-54.0,0.06,163.67,3.0
2025-05-13 07:36:44,158.73,49.0,166.54,41.0,82.54,65.0,169.62,37.0,162.64,7.810000000000002,114.0,78.0,6.049630567234518,192,36.0,37.0,0.19,167.0,1.0
2025-05-13 07:36:45,125.77,71.0,163.26,65.0,54.72,43.0,165.63,57.0,144.52,37.49,114.0,122.0,11.542708954141474,236,-8.0,44.0,-0.03,167.0,
2025-05-13 07:36:46,122.57,83.0,160.62,56.0,94.65,62.0,161.94,66.0,141.6,38.05000000000001,145.0,122.0,13.112855524256243,267,23.0,31.0,0.09,160.0,3.0
2025-05-13 07:36:47,153.56,59.0,161.0,50.0,116.12,43.0,163.0,40.0,157.28,7.439999999999998,102.0,90.0,10.581658660154243,192,12.0,-75.0,0.06,160.0,
2025-05-13 07:36:48,136.0,30.0,161.0,30.0,96.33,6.0,163.0,24.0,148.5,25.0,36.0,54.0,8.824484120900049,90,-18.0,-102.0,-0.2,160.0,
2025-05-13 07:36:49,138.97,31.0,165.44,39.0,69.23,35.0,206.27,33.0,152.2,26.47,66.0,72.0,6.199128971074645,138,-6.0,48.0,-0.04,163.22,9.0
2025-05-13 07:36:50,129.62,16.0,314.98,41.0,60.4,48.0,371.31,74.0,222.3,185.36,64.0,115.0,32.880813250283495,179,-51.0,41.0,-0.28,167.0,4.0
2025-05-13 07:36:51,124.14,7.0,264.57,14.0,73.86,7.0,277.53,34.0,194.36,140.43,14.0,48.0,32.20311351406909,62,-34.0,-117.0,-0.55,176.0,1.0
2025-05-13 07:36:52,161.0,30.0,232.0,14.0,166.55,55.0,270.0,14.0,196.5,71.0,85.0,28.0,31.600710751500824,113,57.0,51.0,0.5,176.0,
2025-05-13 07:36:53,173.71,14.0,254.09,22.0,172.77,52.0,412.35,43.0,213.9,80.38,66.0,65.0,27.08029763499693,131,1.0,18.0,0.01,176.0,
2025-05-13 07:36:54,174.0,15.0,218.47,30.0,173.0,60.0,376.61,51.0,196.23,44.47,75.0,81.0,12.651953208893106,156,-6.0,25.0,-0.04,176.0,
2025-05-13 07:36:55,174.11,9.0,216.22,18.0,172.53,49.0,312.33,45.0,195.17,42.10999999999999,58.0,63.0,8.244123361523664,121,-5.0,-35.0,-0.04,174.0,5.0
2025-05-13 07:36:56,175.81,48.0,205.09,45.0,172.2,45.0,217.21,33.0,190.45,29.28,93.0,78.0,8.97485097369423,171,15.0,50.0,0.09,174.0,
2025-05-13 07:36:57,176.0,55.0,203.94,32.0,173.0,11.0,214.43,23.0,189.97,27.94,66.0,55.0,9.769487192274736,121,11.0,-50.0,0.09,174.0,
2025-05-13 07:36:58,176.0,52.0,201.42,24.0,173.0,12.0,204.0,36.0,188.71,25.419999999999987,64.0,60.0,3.3627786129954083,124,4.0,3.0,0.03,176.0,2.0
2025-05-13 07:36:59,176.0,33.0,200.21,24.0,173.64,11.0,203.48,31.0,188.1,24.210000000000008,44.0,55.0,2.7863237428588787,99,-11.0,-25.0,-0.11,176.0,
2025-05-13 07:37:00,176.0,27.0,196.7,20.0,174.0,9.0,197.84,25.0,186.35,20.69999999999999,36.0,45.0,1.6245553237790502,81,-9.0,-18.0,-0.11,176.0,
2025-05-13 07:37:01,173.11,76.0,195.03,31.0,172.25,12.0,195.79,29.0,184.07,21.919999999999987,88.0,60.0,2.290982322065944,148,28.0,67.0,0.19,174.6,5.0
2025-05-13 07:37:02,172.0,135.0,192.88,25.0,171.0,22.0,193.94,35.0,182.44,20.879999999999995,157.0,60.0,2.657692608263498,217,97.0,69.0,0.45,174.6,
2025-05-13 07:37:03,172.0,108.0,189.52,21.0,171.0,27.0,212.35,23.0,180.76,17.52000000000001,135.0,44.0,2.9443556171118663,179,91.0,-38.0,0.51,174.6,
2025-05-13 07:37:04,172.0,120.0,186.05,42.0,171.0,36.0,302.17,24.0,179.02,14.050000000000011,156.0,66.0,2.8471512077896204,222,90.0,43.0,0.41,172.0,4.0
2025-05-13 07:37:05,172.06,64.0,184.0,50.0,171.21,34.0,187.0,20.0,178.03,11.939999999999998,98.0,70.0,2.459924795602026,168,28.0,-54.0,0.17,174.0,2.0
2025-05-13 07:37:06,172.0,104.0,184.0,60.0,171.0,36.0,187.0,24.0,178.0,12.0,140.0,84.0,1.9209372712344184,224,56.0,56.0,0.25,174.0,
2025-05-13 07:37:07,172.0,52.0,183.0,12.0,171.0,18.0,184.0,30.0,177.5,11.0,70.0,42.0,1.2959243805166274,112,28.0,-112.0,0.25,172.0,4.0
2025-05-13 07:37:08,171.84,37.0,182.19,31.0,169.9,40.0,183.6,25.0,177.02,10.349999999999994,77.0,56.0,0.7440967679121543,133,21.0,21.0,0.16,172.0,6.0
2025-05-13 07:37:09,171.0,18.0,181.93,27.0,169.0,66.0,182.67,15.0,176.46,10.930000000000009,84.0,42.0,0.6698656581862086,126,42.0,-7.0,0.33,172.0,
2025-05-13 07:37:10,171.94,32.0,178.38,37.0,169.81,74.0,179.82,61.0,175.16,6.439999999999998,106.0,98.0,1.0931239637009056,204,8.0,78.0,0.04,172.0,
2025-05-13 07:37:11,172.8,30.0,175.03,67.0,170.24,58.0,182.31,35.0,173.91,2.2299999999999898,88.0,102.0,1.4641721210353271,190,-14.0,-14.0,-0.07,174.0,2.0
2025-05-13 07:37:12,171.0,24.0,173.94,33.0,168.62,53.0,191.33,33.0,172.47,2.9399999999999977,77.0,66.0,1.8592014414842204,143,11.0,-47.0,0.08,174.0,
2025-05-13 07:37:13,159.21,43.0,170.7,20.0,123.86,77.0,173.83,48.0,164.95,11.48999999999998,120.0,68.0,4.519629409588441,188,52.0,45.0,0.28,171.0,3.0
2025-05-13 07:37:14,123.86,77.0,168.2,10.0,119.55,40.0,170.0,20.0,146.03,44.33999999999999,117.0,30.0,12.113710414237914,147,87.0,-41.0,0.59,171.0,
2025-05-13 07:37:15,135.73,22.0,172.51,37.0,119.56,27.0,229.8,41.0,154.12,36.78,49.0,78.0,12.009045757262134,127,-29.0,-20.0,-0.23,169.17,6.0
2025-05-13 07:37:16,169.0,8.0,171.7,20.0,136.0,14.0,228.76,37.0,170.35,2.6999999999999886,22.0,57.0,11.228489658009025,79,-35.0,-48.0,-0.44,169.17,
2025-05-13 07:37:17,138.0,31.0,168.2,49.0,115.06,16.0,250.13,31.0,153.1,30.19999999999999,47.0,80.0,9.781996217542474,127,-33.0,48.0,-0.26,169.0,1.0
2025-05-13 07:37:18,126.0,7.0,164.8,10.0,108.33,27.0,191.08,25.0,145.4,38.80000000000001,34.0,35.0,10.067618884324876,69,-1.0,-58.0,-0.01,164.2,5.0
2025-05-13 07:37:19,164.16,25.0,325.71,45.0,131.52,50.0,379.42,57.0,244.94,161.54999999999998,75.0,102.0,40.911235864979886,177,-27.0,108.0,-0.15,164.2,
2025-05-13 07:37:20,177.0,7.0,238.85,13.0,176.0,21.0,290.29,28.0,207.92,61.85,28.0,41.0,41.58232100304188,69,-13.0,-108.0,-0.19,164.2,
2025-05-13 07:37:21,174.23,26.0,261.5,56.0,174.33,36.0,367.45,58.0,217.87,87.27000000000001,62.0,114.0,42.99150590523689,176,-52.0,107.0,-0.3,176.25,4.0
2025-05-13 07:37:23,173.0,6.0,447.0,24.0,172.0,6.0,533.67,24.0,310.0,274.0,12.0,48.0,61.52296424913243,60,-36.0,-77.0,-0.6,176.25,
2025-05-13 07:37:24,173.0,28.0,335.08,53.0,169.95,21.0,370.03,61.0,254.04,162.07999999999998,49.0,114.0,60.86926917583311,163,-65.0,103.0,-0.4,172.5,2.0
2025-05-13 07:37:25,172.43,14.0,402.33,36.0,168.39,23.0,576.0,36.0,287.38,229.9,37.0,72.0,50.80849860013608,109,-35.0,-54.0,-0.32,172.5,
2025-05-13 07:37:27,176.0,32.0,299.24,75.0,172.5,96.0,387.08,51.0,237.62,123.24,128.0,126.0,39.2293476876691,254,2.0,146.0,0.01,172.5,
2025-05-13 07:37:28,176.0,22.0,207.0,44.0,173.0,132.0,334.26,19.0,191.5,31.0,154.0,63.0,53.2300264888157,217,91.0,-37.0,0.42,172.5,
2025-05-13 07:37:29,176.0,30.0,200.03,62.0,173.0,180.0,293.35,43.0,188.02,24.03,210.0,105.0,62.66254766605023,315,105.0,98.0,0.33,172.5,
2025-05-13 07:37:30,174.93,28.0,177.0,50.0,172.89,114.0,204.0,40.0,175.96,2.069999999999993,142.0,90.0,64.73186695901802,232,52.0,-83.0,0.22,174.5,4.0
2025-05-13 07:37:31,173.0,110.0,175.52,46.0,171.0,66.0,256.17,29.0,174.26,2.5200000000000102,176.0,75.0,25.779982932500182,251,101.0,19.0,0.4,174.5,
2025-05-13 07:37:32,173.0,55.0,208.67,12.0,171.25,56.0,302.24,17.0,190.83,35.66999999999999,111.0,29.0,8.34421236546615,140,82.0,-111.0,0.59,173.0,5.0
2025-05-13 07:37:33,173.0,39.0,280.15,20.0,172.0,56.0,302.38,13.0,226.57,107.14999999999998,95.0,33.0,21.097875959441986,128,62.0,-12.0,0.48,173.0,1.0
2025-05-13 07:37:34,173.0,44.0,284.0,55.0,172.0,77.0,287.0,11.0,228.5,111.0,121.0,66.0,26.64470923091491,187,55.0,59.0,0.29,173.0,
2025-05-13 07:37:35,173.54,37.0,248.75,56.0,172.26,76.0,278.94,17.0,211.15,75.21000000000001,113.0,73.0,23.41532980762826,186,40.0,-1.0,0.22,173.0,
2025-05-13 07:37:36,174.39,18.0,241.43,42.0,172.6,42.0,261.97,35.0,207.91,67.04000000000002,60.0,77.0,15.372329686810849,137,-17.0,-49.0,-0.12,177.5,2.0
2025-05-13 07:37:37,173.0,32.0,242.62,40.0,172.0,56.0,294.0,32.0,207.81,69.62,88.0,72.0,10.28674972962826,160,16.0,23.0,0.1,177.5,
2025-05-13 07:37:38,173.0,58.0,241.2,50.0,172.0,70.0,315.25,16.0,207.1,68.19999999999999,128.0,66.0,9.083591250161277,194,62.0,34.0,0.32,177.5,
2025-05-13 07:37:39,172.9,67.0,240.11,45.0,171.92,61.0,247.22,41.0,206.5,67.21000000000001,128.0,86.0,1.8015632101055503,214,42.0,20.0,0.2,173.0,4.0
2025-05-13 07:37:40,172.19,80.0,240.0,60.0,171.11,62.0,241.0,60.0,206.09,67.81,142.0,120.0,0.7966617852047695,262,22.0,48.0,0.08,173.0,
2025-05-13 07:37:41,177.0,39.0,239.52,58.0,172.35,86.0,240.46,65.0,208.26,62.52000000000001,125.0,123.0,0.8966995037389393,248,2.0,-14.0,0.01,173.0,
2025-05-13 07:37:42,177.0,36.0,227.83,54.0,172.0,84.0,233.52,52.0,202.42,50.83000000000001,120.0,106.0,2.200268165475626,226,14.0,-22.0,0.06,173.0,
2025-05-13 07:37:43,177.0,24.0,202.06,34.0,172.0,56.0,227.0,34.0,189.53,25.06,80.0,68.0,7.587407330571148,148,12.0,-78.0,0.08,173.0,
2025-05-13 07:37:44,176.23,39.0,200.69,52.0,171.95,96.0,201.28,58.0,188.46,24.460000000000008,135.0,110.0,9.333716837359274,245,25.0,97.0,0.1,175.75,4.0
2025-05-13 07:37:45,174.84,83.0,196.42,38.0,171.75,80.0,196.87,46.0,185.63,21.579999999999984,163.0,84.0,9.890341247904605,247,79.0,2.0,0.32,176.0,1.0
2025-05-13 07:37:46,176.69,48.0,192.57,14.0,175.01,73.0,196.0,70.0,184.63,15.879999999999995,121.0,84.0,7.153546672805206,205,37.0,-42.0,0.18,176.0,
2025-05-13 07:37:47,176.73,45.0,189.63,54.0,175.75,63.0,190.76,21.0,183.18,12.900000000000006,108.0,75.0,2.6490432235057715,183,33.0,-22.0,0.18,176.6,5.0
2025-05-13 07:37:48,176.0,33.0,186.09,45.0,174.0,22.0,186.62,26.0,181.04,10.090000000000003,55.0,71.0,2.7681528137011564,126,-16.0,-57.0,-0.13,176.6,
2025-05-13 07:37:49,176.0,42.0,181.22,50.0,174.0,28.0,182.16,49.0,178.61,5.219999999999999,70.0,99.0,2.8279975247516163,169,-29.0,43.0,-0.17,176.6,
2025-05-13 07:37:50,175.86,28.0,178.05,42.0,172.26,23.0,179.5,16.0,176.95,2.1899999999999977,51.0,58.0,3.1613240896815764,109,-7.0,-60.0,-0.06,176.0,3.0
2025-05-13 07:37:51,171.03,61.0,175.02,47.0,169.75,53.0,176.42,31.0,173.03,3.990000000000009,114.0,78.0,3.8945564574160136,192,36.0,83.0,0.19,171.17,6.0
2025-05-13 07:37:52,169.92,39.0,171.67,21.0,168.36,33.0,172.72,43.0,170.79,1.75,72.0,64.0,4.154693731191324,136,8.0,-56.0,0.06,171.0,5.0
2025-05-13 07:37:53,169.09,11.0,175.4,15.0,168.12,17.0,174.96,26.0,172.25,6.310000000000002,28.0,41.0,3.3064603430254977,69,-13.0,-67.0,-0.19,171.8,10.0
2025-05-13 07:37:54,169.39,23.0,219.7,27.0,168.22,27.0,273.4,10.0,194.55,50.31,50.0,37.0,9.792491000761796,87,13.0,18.0,0.15,171.8,
2025-05-13 07:37:55,177.0,10.0,221.32,19.0,173.67,12.0,225.87,31.0,199.16,44.31999999999999,22.0,50.0,13.721752074717031,72,-28.0,-15.0,-0.39,171.8,
2025-05-13 07:37:56,172.29,14.0,213.4,20.0,169.84,25.0,218.32,44.0,192.84,41.110000000000014,39.0,64.0,13.355211342393712,103,-25.0,31.0,-0.24,176.5,2.0
2025-05-13 07:37:57,170.73,15.0,172.3,47.0,168.69,29.0,285.62,21.0,171.52,1.5700000000000216,44.0,68.0,13.15091365647275,112,-24.0,9.0,-0.21,171.0,1.0
2025-05-13 07:37:58,167.33,27.0,171.27,44.0,137.11,53.0,467.64,28.0,169.3,3.9399999999999977,80.0,72.0,13.966484167463236,152,8.0,40.0,0.05,169.0,2.0
2025-05-13 07:37:59,166.0,27.0,170.25,24.0,145.0,36.0,218.82,22.0,168.12,4.25,63.0,46.0,14.657159342792188,109,17.0,-43.0,0.16,169.8,5.0
2025-05-13 07:38:00,166.05,22.0,382.33,27.0,149.38,24.0,593.6,25.0,274.19,216.28,46.0,52.0,45.30416183972509,98,-6.0,-11.0,-0.06,169.0,2.0
2025-05-13 07:38:01,168.62,24.0,336.0,30.0,149.33,18.0,572.0,12.0,252.31,167.38,42.0,42.0,51.86334996893283,84,0.0,-14.0,0.0,173.0,1.0
2025-05-13 07:38:02,173.0,52.0,255.38,40.0,166.62,24.0,361.09,22.0,214.19,82.38,76.0,62.0,47.90730184429099,138,14.0,54.0,0.1,173.0,4.0
2025-05-13 07:38:03,171.0,15.0,250.75,16.0,166.0,15.0,474.63,19.0,210.88,79.75,30.0,35.0,40.96162191613034,65,-5.0,-73.0,-0.08,173.0,4.0
2025-05-13 07:38:04,171.0,21.0,287.0,14.0,166.0,21.0,413.43,35.0,229.0,116.0,42.0,49.0,26.83336412006537,91,-7.0,26.0,-0.08,173.0,
2025-05-13 07:38:05,171.0,28.0,249.86,14.0,166.0,12.0,441.29,14.0,210.43,78.86000000000001,40.0,28.0,17.867122599904274,68,12.0,-23.0,0.18,173.0,
2025-05-13 07:38:06,174.16,38.0,299.96,23.0,170.4,50.0,485.72,47.0,237.06,125.79999999999998,88.0,70.0,12.042344871328414,158,18.0,90.0,0.11,173.0,
2025-05-13 07:38:07,150.0,16.0,205.41,27.0,152.12,16.0,316.47,15.0,177.7,55.41,32.0,42.0,22.869586353933236,74,-10.0,-84.0,-0.14,171.0,10.0
2025-05-13 07:38:08,156.82,22.0,247.4,25.0,154.16,50.0,447.68,31.0,202.11,90.58,72.0,56.0,23.40423359138276,128,16.0,54.0,0.12,173.2,5.0
2025-05-13 07:38:09,173.82,67.0,237.86,58.0,165.58,43.0,247.0,40.0,205.84,64.04000000000002,110.0,98.0,21.203916383536523,208,12.0,80.0,0.06,173.2,
2025-05-13 07:38:10,177.0,28.0,180.57,35.0,174.0,21.0,182.0,14.0,178.79,3.569999999999993,49.0,49.0,24.28325245925693,98,0.0,-110.0,0.0,173.2,
2025-05-13 07:38:11,177.0,36.0,178.89,45.0,174.0,27.0,310.33,24.0,177.94,1.8899999999999864,63.0,69.0,14.215682537254647,132,-6.0,34.0,-0.05,173.2,
2025-05-13 07:38:12,175.92,25.0,195.75,24.0,173.03,31.0,364.94,17.0,185.83,19.830000000000013,56.0,41.0,13.095822616392098,97,15.0,-35.0,0.15,177.0,4.0
2025-05-13 07:38:13,174.11,37.0,250.94,16.0,172.1,58.0,438.88,32.0,212.52,76.82999999999998,95.0,48.0,15.989866478492152,143,47.0,46.0,0.33,175.0,4.0
2025-05-13 07:38:14,174.0,27.0,181.77,39.0,172.58,24.0,210.57,21.0,177.88,7.77000000000001,51.0,60.0,14.870012441151705,111,-9.0,-32.0,-0.08,175.0,
2025-05-13 07:38:15,173.07,43.0,177.1,29.0,172.05,42.0,178.03,29.0,175.09,4.030000000000001,85.0,58.0,15.436611350941192,143,27.0,32.0,0.19,175.0,
2025-05-13 07:38:16,172.08,53.0,174.14,22.0,171.17,58.0,177.56,64.0,173.11,2.059999999999974,111.0,86.0,16.188336233226885,197,25.0,54.0,0.13,172.56,9.0
2025-05-13 07:38:17,172.0,5.0,177.82,22.0,171.0,20.0,218.2,10.0,174.91,5.819999999999993,25.0,32.0,16.755813021157948,57,-7.0,-140.0,-0.12,174.0,5.0
2025-05-13 07:38:18,172.0,8.0,215.14,21.0,171.0,32.0,224.25,16.0,193.57,43.13999999999999,40.0,37.0,8.369720425438699,77,3.0,20.0,0.04,174.0,
2025-05-13 07:38:19,172.0,7.0,209.0,19.0,171.0,28.0,240.12,16.0,190.5,37.0,35.0,35.0,9.76694322702892,70,0.0,-7.0,0.0,174.0,
2025-05-13 07:38:20,172.0,10.0,212.9,30.0,171.0,40.0,305.0,20.0,192.45,40.900000000000006,50.0,50.0,10.02914851819468,100,0.0,30.0,0.0,174.0,
2025-05-13 07:38:21,175.21,24.0,212.0,27.0,169.93,45.0,324.0,18.0,193.6,36.78999999999999,69.0,45.0,7.98005827046441,114,24.0,14.0,0.21,171.25,4.0
2025-05-13 07:38:22,177.0,192.0,210.76,34.0,171.0,12.0,260.54,26.0,193.88,33.75999999999999,204.0,60.0,1.3974798746344257,264,144.0,150.0,0.55,171.25,
2025-05-13 07:38:26,177.0,180.0,198.56,36.0,171.0,120.0,199.81,37.0,187.78,21.56,300.0,73.0,2.2653653127051725,373,227.0,51.0,0.61,178.5,4.0
2025-05-13 07:38:27,177.0,282.0,196.82,78.0,171.08,154.0,199.0,38.0,186.91,19.819999999999997,436.0,116.0,1.935161491971041,552,320.0,172.0,0.58,177.0,3.0
2025-05-13 07:38:28,177.0,114.0,194.89,35.0,174.0,10.0,196.09,33.0,185.94,17.889999999999986,124.0,68.0,1.8812044014427072,192,56.0,-172.0,0.29,177.0,3.0
2025-05-13 07:38:29,177.0,117.0,191.88,50.0,171.09,103.0,193.54,41.0,184.44,14.879999999999995,220.0,91.0,1.9975910492408808,311,129.0,119.0,0.41,177.0,
2025-05-13 07:38:30,177.0,95.0,189.3,43.0,171.5,80.0,190.76,34.0,183.15,12.300000000000011,175.0,77.0,1.86564466070234,252,98.0,-59.0,0.39,177.0,1.0
2025-05-13 07:38:31,177.0,96.0,185.78,46.0,176.0,36.0,186.74,46.0,181.39,8.780000000000001,132.0,92.0,2.1960259561323627,224,40.0,-28.0,0.18,177.0,
2025-05-13 07:38:32,177.0,88.0,183.83,52.0,176.0,33.0,184.71,35.0,180.41,6.8300000000000125,121.0,87.0,2.23708068696839,208,34.0,-16.0,0.16,177.0,
2025-05-13 07:38:33,177.0,72.0,181.17,36.0,176.0,27.0,182.56,27.0,179.08,4.169999999999988,99.0,63.0,2.135094845670064,162,36.0,-46.0,0.22,177.0,
2025-05-13 07:38:34,176.86,88.0,179.06,36.0,174.88,43.0,180.71,41.0,177.96,2.1999999999999886,131.0,77.0,2.014862278173583,208,54.0,46.0,0.26,177.0,9.0
2025-05-13 07:38:35,176.0,51.0,177.95,41.0,173.0,56.0,179.79,29.0,176.98,1.9499999999999889,107.0,70.0,1.784244938344175,177,37.0,-31.0,0.21,177.0,
2025-05-13 07:38:36,173.32,50.0,177.75,32.0,171.37,84.0,276.86,28.0,175.53,4.430000000000007,134.0,60.0,1.878635142864839,194,74.0,17.0,0.38,174.5,8.0
2025-05-13 07:38:37,171.0,88.0,178.0,24.0,169.68,22.0,326.38,16.0,174.5,7.0,110.0,40.0,1.8356742630452652,150,70.0,-44.0,0.47,174.5,
2025-05-13 07:38:38,171.0,88.0,177.12,24.0,169.0,8.0,354.74,19.0,174.06,6.1200000000000045,96.0,43.0,1.646839397150425,139,53.0,-11.0,0.38,174.5,
2025-05-13 07:38:39,171.22,92.0,177.0,36.0,170.69,52.0,302.0,24.0,174.11,5.780000000000001,144.0,60.0,1.236984235957264,204,84.0,65.0,0.41,174.5,
2025-05-13 07:38:40,171.15,68.0,260.11,18.0,170.57,28.0,370.4,20.0,215.63,88.96000000000001,96.0,38.0,18.381034519308383,134,58.0,-70.0,0.43,176.0,1.0
2025-05-13 07:38:41,171.0,69.0,300.71,14.0,169.0,7.0,438.45,11.0,235.86,129.70999999999998,76.0,25.0,29.112373142703536,101,51.0,-33.0,0.5,171.0,2.0
2025-05-13 07:38:42,171.0,122.0,276.04,23.0,169.0,14.0,279.76,50.0,223.52,105.04000000000002,136.0,73.0,28.80598948135623,209,63.0,108.0,0.3,171.0,3.0
2025-05-13 07:38:43,171.31,72.0,182.1,50.0,170.91,115.0,213.81,26.0,176.7,10.789999999999992,187.0,76.0,28.121497648596275,263,111.0,54.0,0.42,171.0,
2025-05-13 07:38:44,172.0,18.0,177.79,19.0,171.0,90.0,180.1,20.0,174.89,5.789999999999992,108.0,39.0,27.90751242945179,147,69.0,-116.0,0.47,171.0,
2025-05-13 07:38:45,172.0,23.0,174.43,35.0,171.0,120.0,175.0,37.0,173.21,2.430000000000007,143.0,72.0,30.332250658334047,215,71.0,68.0,0.33,173.38,8.0
2025-05-13 07:38:46,172.0,12.0,175.08,24.0,171.0,100.0,239.0,48.0,173.54,3.0800000000000125,112.0,72.0,21.927472950616227,184,40.0,-31.0,0.22,173.38,
2025-05-13 07:38:47,171.4,20.0,173.5,28.0,170.86,44.0,239.0,56.0,172.45,2.0999999999999943,64.0,84.0,1.6729823669143478,148,-20.0,-36.0,-0.14,171.33,3.0
2025-05-13 07:38:48,171.0,18.0,172.44,18.0,170.0,21.0,241.91,33.0,171.72,1.4399999999999975,39.0,51.0,1.1955626290606505,90,-12.0,-58.0,-0.13,171.33,
2025-05-13 07:38:49,171.0,18.0,172.0,12.0,170.0,27.0,173.0,27.0,171.5,1.0,45.0,39.0,0.89377290180811,84,6.0,-6.0,0.07,172.0,1.0
2025-05-13 07:38:50,171.0,17.0,209.67,12.0,170.0,27.0,255.09,32.0,190.33,38.66999999999999,44.0,44.0,8.101374574725346,88,0.0,4.0,0.0,171.0,1.0
2025-05-13 07:38:51,171.0,5.0,285.0,20.0,170.0,15.0,303.6,15.0,228.0,114.0,20.0,35.0,24.37888328041309,55,-15.0,-33.0,-0.27,171.0,
2025-05-13 07:38:52,169.53,15.0,287.68,38.0,168.7,43.0,374.45,38.0,228.61,118.15,58.0,76.0,28.673525594178408,134,-18.0,79.0,-0.13,169.83,6.0
2025-05-13 07:38:53,169.0,14.0,376.5,24.0,168.0,28.0,574.0,24.0,272.75,207.5,42.0,48.0,39.171833886097325,90,-6.0,-44.0,-0.07,169.83,
2025-05-13 07:38:54,168.3,20.0,398.89,38.0,167.46,26.0,615.59,32.0,283.6,230.59,46.0,70.0,37.78954445345963,116,-24.0,26.0,-0.21,168.5,4.0
2025-05-13 07:38:57,171.5,36.0,262.0,30.0,170.72,50.0,358.0,40.0,216.75,90.5,86.0,70.0,47.05096885293646,156,16.0,43.0,0.1,168.5,
2025-05-13 07:38:58,176.2,10.0,358.0,28.0,171.48,29.0,561.0,21.0,267.1,181.8,39.0,49.0,47.532378648664285,88,-10.0,-68.0,-0.11,178.0,2.0
2025-05-13 07:38:59,172.57,23.0,321.33,24.0,170.84,76.0,375.11,37.0,246.95,148.76,99.0,61.0,50.62001451995047,160,38.0,72.0,0.24,173.0,2.0
2025-05-13 07:39:00,171.0,42.0,224.33,18.0,168.0,12.0,268.82,17.0,197.67,53.33000000000001,54.0,35.0,52.29131218472143,89,19.0,-71.0,0.21,173.0,
2025-05-13 07:39:01,171.06,66.0,206.73,73.0,168.31,29.0,476.36,44.0,188.89,35.66999999999999,95.0,117.0,33.020683215221254,212,-22.0,123.0,-0.1,171.0,4.0
2025-05-13 07:39:02,175.0,10.0,204.3,50.0,171.0,30.0,306.11,47.0,189.65,29.30000000000001,40.0,97.0,36.446270316727805,137,-57.0,-75.0,-0.42,171.0,
2025-05-13 07:39:03,175.98,86.0,202.73,55.0,173.4,15.0,205.0,55.0,189.35,26.75,101.0,110.0,25.111792448966952,211,-9.0,74.0,-0.04,176.0,3.0
2025-05-13 07:39:04,176.0,72.0,200.61,49.0,175.0,11.0,203.16,49.0,188.31,24.610000000000014,83.0,98.0,3.888017489671756,181,-15.0,-30.0,-0.08,176.0,4.0
2025-05-13 07:39:05,176.0,24.0,197.17,30.0,175.0,6.0,199.0,30.0,186.58,21.169999999999987,30.0,60.0,1.2148991727684764,90,-30.0,-91.0,-0.33,176.0,
2025-05-13 07:39:06,171.54,37.0,195.19,42.0,168.3,23.0,195.83,60.0,183.37,23.65000000000001,60.0,102.0,2.578414241349435,162,-42.0,72.0,-0.26,175.8,5.0
2025-05-13 07:39:07,171.0,18.0,192.56,18.0,168.0,12.0,193.17,24.0,181.78,21.56,30.0,42.0,3.2228046791565976,72,-12.0,-90.0,-0.17,175.8,
2025-05-13 07:39:08,171.0,28.0,189.14,35.0,168.0,20.0,189.66,47.0,180.07,18.139999999999983,48.0,82.0,3.39117531248294,130,-34.0,58.0,-0.26,171.0,1.0
2025-05-13 07:39:09,167.95,59.0,186.43,42.0,145.87,31.0,188.43,42.0,177.19,18.480000000000015,90.0,84.0,3.519896305289949,174,6.0,44.0,0.03,169.0,5.0
2025-05-13 07:39:10,167.69,64.0,185.16,38.0,151.09,55.0,186.05,74.0,176.42,17.47,119.0,112.0,2.9567262301393065,231,7.0,57.0,0.03,169.0,
2025-05-13 07:39:11,171.0,12.0,181.77,30.0,169.0,8.0,183.96,24.0,176.38,10.77000000000001,20.0,54.0,2.4327494733313078,74,-34.0,-157.0,-0.46,171.0,1.0
2025-05-13 07:39:12,169.61,46.0,177.31,49.0,165.29,138.0,178.11,54.0,173.46,7.699999999999989,184.0,103.0,2.359836858766658,287,81.0,172.0,0.28,172.0,5.0
2025-05-13 07:39:13,167.78,73.0,173.53,17.0,165.15,130.0,175.2,20.0,170.66,5.75,203.0,37.0,2.7278966256061867,240,166.0,-47.0,0.69,168.0,4.0
2025-05-13 07:39:14,169.18,51.0,174.7,46.0,167.29,84.0,179.78,50.0,171.94,5.519999999999982,135.0,96.0,2.595750373204932,231,39.0,-9.0,0.17,171.5,2.0
2025-05-13 07:39:15,171.0,60.0,173.0,44.0,170.0,30.0,174.0,46.0,172.0,2.0,90.0,90.0,2.189319528984631,180,0.0,-51.0,0.0,171.5,
2025-05-13 07:39:16,170.89,27.0,199.09,44.0,169.85,26.0,414.17,35.0,184.99,28.200000000000017,53.0,79.0,5.886645904077601,132,-26.0,-48.0,-0.2,171.0,6.0
2025-05-13 07:39:19,172.0,36.0,378.47,30.0,170.0,36.0,454.41,32.0,275.23,206.47000000000003,72.0,62.0,73.02409513304495,134,10.0,58.0,0.07,171.0,
2025-05-13 07:39:20,172.0,37.0,205.64,22.0,170.0,30.0,210.78,37.0,188.82,33.639999999999986,67.0,59.0,68.46240888253932,126,8.0,-8.0,0.06,171.0,
2025-05-13 07:39:21,174.9,87.0,204.07,30.0,171.75,48.0,207.0,60.0,189.48,29.169999999999987,135.0,90.0,67.27071561979997,225,45.0,99.0,0.2,171.0,
2025-05-13 07:39:22,175.0,44.0,202.78,18.0,172.0,27.0,207.0,42.0,188.89,27.78,71.0,60.0,62.535087510932605,131,11.0,-94.0,0.08,175.0,2.0
2025-05-13 07:39:23,175.0,40.0,200.6,20.0,172.0,30.0,290.5,40.0,187.8,25.599999999999994,70.0,60.0,38.68086775138321,130,10.0,-1.0,0.08,175.0,
2025-05-13 07:39:24,175.0,28.0,200.0,14.0,172.0,21.0,208.0,28.0,187.5,25.0,49.0,42.0,0.8223259694283293,91,7.0,-39.0,0.08,175.0,
2025-05-13 07:39:25,175.0,48.0,199.0,24.0,172.0,36.0,426.63,38.0,187.0,24.0,84.0,62.0,1.0225849597936756,146,22.0,55.0,0.15,175.0,
2025-05-13 07:39:26,174.42,33.0,197.0,18.0,171.46,26.0,272.32,25.0,185.71,22.580000000000013,59.0,43.0,1.1623467640924603,102,16.0,-44.0,0.16,173.25,8.0
2025-05-13 07:39:27,170.63,59.0,194.86,28.0,164.46,35.0,274.07,42.0,182.74,24.230000000000015,94.0,70.0,2.066954281060955,164,24.0,62.0,0.15,168.6,5.0
2025-05-13 07:39:28,175.0,91.0,419.54,35.0,167.25,61.0,468.57,35.0,297.27,244.54,152.0,70.0,49.91313684792807,222,82.0,58.0,0.37,175.0,3.0
2025-05-13 07:39:29,175.46,65.0,239.39,28.0,174.38,40.0,304.19,16.0,207.43,63.92999999999998,105.0,44.0,48.64197004645264,149,61.0,-73.0,0.41,175.0,
2025-05-13 07:39:30,176.0,48.0,236.62,24.0,175.0,56.0,278.0,24.0,206.31,60.620000000000005,104.0,48.0,46.89298263066655,152,56.0,3.0,0.37,175.0,
2025-05-13 07:39:31,176.0,60.0,235.27,33.0,175.0,77.0,278.0,33.0,205.64,59.27000000000001,137.0,66.0,44.470542722121074,203,71.0,51.0,0.35,176.0,3.0
2025-05-13 07:39:32,176.0,27.0,235.0,27.0,175.0,63.0,349.11,19.0,205.5,59.0,90.0,46.0,40.72594075033744,136,44.0,-67.0,0.32,176.0,
2025-05-13 07:39:33,176.0,39.0,212.53,38.0,175.0,91.0,243.26,27.0,194.26,36.53,130.0,65.0,5.402783541841687,195,65.0,59.0,0.33,176.0,
2025-05-13 07:39:34,176.0,30.0,193.0,30.0,175.0,70.0,230.71,34.0,184.5,17.0,100.0,64.0,9.64624901192142,164,36.0,-31.0,0.22,176.0,
2025-05-13 07:39:35,176.0,140.0,192.11,54.0,175.0,98.0,200.27,44.0,184.06,16.110000000000014,238.0,98.0,10.650404687146615,336,140.0,172.0,0.42,176.0,
2025-05-13 07:39:36,176.12,57.0,179.02,43.0,175.67,105.0,236.54,35.0,177.57,2.9000000000000057,162.0,78.0,10.897908973743291,240,84.0,-96.0,0.35,177.0,1.0
2025-05-13 07:39:37,176.0,74.0,177.0,33.0,175.0,77.0,480.31,26.0,176.5,1.0,151.0,59.0,7.091926395556744,210,92.0,-30.0,0.44,176.0,6.0
2025-05-13 07:39:38,176.0,22.0,349.58,33.0,175.0,70.0,472.86,35.0,262.79,173.57999999999998,92.0,68.0,36.91123582325572,160,24.0,-50.0,0.15,176.0,3.0
2025-05-13 07:39:39,174.71,24.0,430.67,27.0,173.67,57.0,478.0,30.0,302.69,255.96,81.0,57.0,58.41714705461058,138,24.0,-22.0,0.17,175.12,8.0
2025-05-13 07:39:42,176.0,24.0,358.12,26.0,172.0,48.0,502.07,44.0,267.06,182.12,72.0,70.0,39.54051441243525,142,2.0,-2.0,0.01,175.12,
2025-05-13 07:39:43,172.73,11.0,302.44,18.0,171.04,94.0,303.95,42.0,237.59,129.71,105.0,60.0,46.91843859294553,165,45.0,23.0,0.27,173.6,5.0
2025-05-13 07:39:44,172.0,6.0,301.71,14.0,171.0,60.0,302.09,22.0,236.86,129.70999999999998,66.0,36.0,54.06874466824618,102,30.0,-63.0,0.29,173.6,
2025-05-13 07:39:45,172.0,12.0,183.15,40.0,171.0,105.0,253.45,20.0,177.57,11.150000000000006,117.0,60.0,64.43425447694726,177,57.0,75.0,0.32,173.6,
2025-05-13 07:39:46,172.0,27.0,178.33,45.0,171.0,45.0,181.0,9.0,175.17,6.3300000000000125,72.0,54.0,40.65628057262488,126,18.0,-51.0,0.14,173.6,
2025-05-13 07:39:47,172.0,56.0,177.38,26.0,171.0,70.0,178.16,58.0,174.69,5.379999999999996,126.0,84.0,33.657059883477565,210,42.0,84.0,0.2,173.6,
2025-05-13 07:39:48,172.0,36.0,174.47,17.0,171.0,45.0,177.84,37.0,173.24,2.469999999999999,81.0,54.0,27.633706410830843,135,27.0,-75.0,0.2,173.6,
2025-05-13 07:39:49,172.0,42.0,173.17,60.0,171.0,44.0,214.0,24.0,172.58,1.1699999999999875,86.0,84.0,1.9410950517664864,170,2.0,35.0,0.01,172.0,1.0
2025-05-13 07:39:50,171.05,55.0,215.68,38.0,168.14,63.0,232.08,59.0,193.37,44.63,118.0,97.0,8.761498159561105,215,21.0,45.0,0.1,172.0,3.0
2025-05-13 07:39:51,172.57,92.0,216.74,43.0,170.39,98.0,219.76,55.0,194.65,44.170000000000016,190.0,98.0,11.266957442006818,288,92.0,73.0,0.32,172.0,
2025-05-13 07:39:52,174.09,88.0,212.48,54.0,171.67,192.0,215.43,49.0,193.29,38.38999999999999,280.0,103.0,11.440608812471169,383,177.0,95.0,0.46,172.0,
2025-05-13 07:39:53,174.09,88.0,182.02,53.0,171.67,192.0,185.04,53.0,178.05,7.930000000000007,280.0,106.0,10.3056984236874,386,174.0,3.0,0.45,177.0,3.0
2025-05-13 07:39:54,173.0,60.0,178.1,20.0,171.0,128.0,180.65,34.0,175.55,5.099999999999994,188.0,54.0,9.352364406929029,242,134.0,-144.0,0.55,173.0,1.0
2025-05-13 07:39:55,173.0,121.0,175.73,70.0,171.04,135.0,176.75,56.0,174.36,2.7299999999999898,256.0,126.0,9.95112053991874,382,130.0,140.0,0.34,173.0,
2025-05-13 07:39:56,172.06,35.0,173.77,52.0,171.03,97.0,193.13,31.0,172.91,1.710000000000008,132.0,83.0,8.298880647412176,215,49.0,-167.0,0.23,172.88,8.0
2025-05-13 07:39:57,171.0,116.0,252.94,36.0,169.0,10.0,297.4,42.0,211.97,81.94,126.0,78.0,16.54380911398558,204,48.0,-11.0,0.24,172.29,7.0
2025-05-13 07:39:58,175.42,64.0,290.17,60.0,173.12,98.0,296.55,55.0,232.79,114.75000000000004,162.0,115.0,27.37395623580911,277,47.0,73.0,0.17,172.29,
2025-05-13 07:40:00,176.61,31.0,254.44,48.0,174.28,96.0,300.69,58.0,215.53,77.82999999999998,127.0,106.0,23.958589691381945,233,21.0,56.0,0.09,176.5,6.0
2025-05-13 07:40:01,176.0,48.0,284.5,60.0,171.0,132.0,328.8,54.0,230.25,108.5,180.0,114.0,9.607324289311434,294,66.0,61.0,0.22,176.5,
2025-05-13 07:40:02,173.04,54.0,241.1,61.0,170.93,114.0,303.62,65.0,207.07,68.06,168.0,126.0,11.263231330306295,294,42.0,0.0,0.14,174.12,8.0
2025-05-13 07:40:03,171.64,66.0,210.6,50.0,170.9,59.0,212.0,40.0,191.12,38.96000000000001,125.0,90.0,16.522622975786646,215,35.0,-79.0,0.16,174.12,
2025-05-13 07:40:04,172.0,54.0,209.36,55.0,171.0,88.0,350.55,47.0,190.68,37.360000000000014,142.0,102.0,16.821270760557656,244,40.0,29.0,0.16,172.0,4.0
2025-05-13 07:40:05,171.32,37.0,207.0,55.0,170.81,53.0,210.0,33.0,189.16,35.68000000000001,90.0,88.0,17.568139628315553,178,2.0,-66.0,0.01,171.4,5.0
2025-05-13 07:40:06,172.88,64.0,205.91,44.0,168.66,29.0,323.1,30.0,189.39,33.03,93.0,74.0,7.640159029757846,167,19.0,-11.0,0.11,171.4,
2025-05-13 07:40:07,176.0,132.0,209.77,35.0,171.0,55.0,288.28,47.0,192.89,33.77000000000001,187.0,82.0,1.503918215858181,269,105.0,102.0,0.39,171.4,
2025-05-13 07:40:08,176.12,41.0,209.0,32.0,175.19,72.0,316.84,38.0,192.56,32.879999999999995,113.0,70.0,1.7367584748577072,183,43.0,-86.0,0.23,171.4,
2025-05-13 07:40:09,176.03,68.0,209.0,32.0,174.67,36.0,334.0,36.0,192.51,32.97,104.0,68.0,1.857920880982312,172,36.0,-11.0,0.21,176.5,2.0
2025-05-13 07:40:10,176.0,126.0,208.67,48.0,172.0,24.0,445.08,36.0,192.33,32.66999999999999,150.0,84.0,1.4375604335088494,234,66.0,62.0,0.28,176.0,1.0
2025-05-13 07:40:11,176.0,110.0,206.6,50.0,172.0,22.0,207.49,49.0,191.3,30.599999999999994,132.0,99.0,0.603961919321223,231,33.0,-3.0,0.14,176.0,
2025-05-13 07:40:12,176.21,48.0,204.64,42.0,175.0,40.0,206.67,48.0,190.43,28.42999999999998,88.0,90.0,0.9335577111192048,178,-2.0,-53.0,-0.01,176.0,4.0
2025-05-13 07:40:13,177.0,14.0,201.88,68.0,176.0,84.0,203.11,64.0,189.44,24.879999999999995,98.0,132.0,1.2935880333359917,230,-34.0,52.0,-0.15,177.0,1.0
2025-05-13 07:40:14,176.5,16.0,196.84,51.0,175.57,56.0,198.5,60.0,186.67,20.340000000000003,72.0,111.0,2.162204893156526,183,-39.0,-47.0,-0.21,176.2,5.0
2025-05-13 07:40:15,176.0,28.0,194.17,63.0,173.0,28.0,195.25,67.0,185.09,18.169999999999987,56.0,130.0,2.6167021229000937,186,-74.0,3.0,-0.4,176.2,
2025-05-13 07:40:16,176.0,26.0,191.72,54.0,173.0,26.0,192.89,63.0,183.86,15.72,52.0,117.0,2.796742748268,169,-65.0,-17.0,-0.38,176.2,
2025-05-13 07:40:17,176.0,24.0,186.29,49.0,173.0,20.0,188.0,41.0,181.14,10.289999999999992,44.0,90.0,3.0992660421444023,134,-46.0,-35.0,-0.34,176.2,
2025-05-13 07:40:18,176.0,40.0,183.56,45.0,173.0,20.0,185.33,45.0,179.78,7.560000000000002,60.0,90.0,2.8253442268136486,150,-30.0,16.0,-0.2,176.2,
2025-05-13 07:40:19,176.0,60.0,181.34,71.0,173.0,30.0,182.18,67.0,178.67,5.340000000000003,90.0,138.0,2.708241126633511,228,-48.0,78.0,-0.21,176.2,
2025-05-13 07:40:20,176.13,46.0,178.86,57.0,174.0,30.0,179.83,60.0,177.5,2.730000000000018,76.0,117.0,2.453874487415568,193,-41.0,-35.0,-0.21,176.2,
2025-05-13 07:40:21,175.0,38.0,176.66,91.0,172.95,44.0,200.79,85.0,175.83,1.6599999999999966,82.0,176.0,2.045147916408207,258,-94.0,65.0,-0.36,175.57,7.0
2025-05-13 07:40:22,171.0,43.0,174.61,57.0,169.78,41.0,231.11,61.0,172.81,3.6100000000000136,84.0,118.0,2.7229891663370127,202,-34.0,-56.0,-0.17,171.0,6.0
2025-05-13 07:40:23,171.24,51.0,173.21,14.0,169.8,45.0,174.13,38.0,172.22,1.9699999999999989,96.0,52.0,2.833201369473881,148,44.0,-54.0,0.3,172.0,4.0
2025-05-13 07:40:24,140.97,60.0,171.05,20.0,130.67,55.0,180.79,29.0,156.01,30.080000000000013,115.0,49.0,8.587259749185911,164,66.0,16.0,0.4,169.4,5.0
2025-05-13 07:40:26,165.67,36.0,254.0,27.0,163.11,18.0,378.89,27.0,209.83,88.33000000000001,54.0,54.0,24.30564378904597,108,0.0,-16.0,0.0,169.4,
2025-05-13 07:40:27,167.31,52.0,252.8,20.0,166.64,88.0,281.11,27.0,210.05,85.49000000000001,140.0,47.0,29.916180905991155,187,93.0,79.0,0.5,169.4,
2025-05-13 07:40:28,174.89,36.0,249.62,21.0,169.55,44.0,252.11,18.0,212.25,74.73000000000002,80.0,39.0,32.91563640581768,119,41.0,-68.0,0.34,169.4,
2025-05-13 07:40:30,173.56,18.0,230.05,21.0,168.24,121.0,238.78,18.0,201.8,56.49000000000001,139.0,39.0,4.170245796112114,178,100.0,66.0,0.56,173.5,4.0
2025-05-13 07:40:31,173.0,16.0,229.0,8.0,167.0,128.0,230.0,16.0,201.0,56.0,144.0,24.0,5.435166050820399,168,120.0,-10.0,0.71,173.5,
2025-05-13 07:40:32,173.0,24.0,221.0,18.0,167.0,210.0,229.86,21.0,197.0,48.0,234.0,39.0,6.749324410634763,273,195.0,105.0,0.71,173.5,
2025-05-13 07:40:33,168.2,60.0,188.53,19.0,166.8,120.0,197.95,19.0,178.36,20.330000000000013,180.0,38.0,12.119590752166072,218,142.0,-55.0,0.65,173.0,2.0
2025-05-13 07:40:34,167.0,128.0,183.0,8.0,163.0,16.0,185.0,16.0,175.0,16.0,144.0,24.0,12.920260059301782,168,120.0,-50.0,0.71,173.0,
2025-05-13 07:40:35,167.0,160.0,182.0,20.0,163.0,20.0,183.0,10.0,174.5,15.0,180.0,30.0,12.788585535546474,210,150.0,42.0,0.71,173.0,
2025-05-13 07:40:36,174.4,246.0,180.3,27.0,166.85,216.0,181.79,28.0,177.35,5.900000000000006,462.0,55.0,9.39395124534869,517,407.0,172.0,0.79,173.0,
2025-05-13 07:40:37,177.0,126.0,178.04,47.0,167.7,160.0,182.43,21.0,177.52,1.039999999999992,286.0,68.0,1.6927728731250524,354,218.0,-163.0,0.62,177.0,6.0
2025-05-13 07:40:38,177.0,78.0,179.0,22.0,168.11,90.0,295.34,47.0,178.0,2.0,168.0,69.0,1.6015242739303173,237,99.0,-117.0,0.42,177.0,2.0
2025-05-13 07:40:39,177.0,43.0,178.62,16.0,168.01,113.0,283.0,36.0,177.81,1.6200000000000043,156.0,52.0,1.43983679630299,208,104.0,-29.0,0.5,177.0,1.0
2025-05-13 07:40:40,170.27,67.0,177.2,20.0,167.8,118.0,220.56,27.0,173.73,6.929999999999978,185.0,47.0,1.7799073009536388,232,138.0,24.0,0.59,176.71,7.0
2025-05-13 07:40:41,176.0,12.0,177.0,24.0,168.6,75.0,200.0,60.0,176.5,1.0,87.0,84.0,1.7645594350964953,171,3.0,-61.0,0.02,176.71,
2025-05-13 07:40:42,170.29,21.0,445.23,22.0,167.96,47.0,506.39,33.0,307.76,274.94000000000005,68.0,55.0,58.72156460790183,123,13.0,-48.0,0.11,172.25,4.0
2025-05-13 07:40:43,167.75,48.0,270.5,32.0,166.4,10.0,278.5,12.0,219.12,102.75,58.0,44.0,57.24794695008711,102,14.0,-21.0,0.14,168.4,5.0
2025-05-13 07:40:44,167.22,83.0,269.94,32.0,166.39,49.0,273.0,16.0,218.58,102.72,132.0,48.0,54.1619240795597,180,84.0,78.0,0.47,167.0,2.0
2025-05-13 07:40:45,169.49,39.0,269.0,9.0,168.04,54.0,461.11,45.0,219.24,99.51,93.0,54.0,48.10911556035913,147,39.0,-33.0,0.27,170.0,3.0
2025-05-13 07:40:46,173.88,24.0,267.31,13.0,170.86,21.0,426.56,41.0,220.59,93.43,45.0,54.0,39.53054919932165,99,-9.0,-48.0,-0.09,172.0,3.0
2025-05-13 07:40:47,177.0,39.0,249.48,21.0,172.0,13.0,379.96,51.0,213.24,72.47999999999999,52.0,72.0,2.844974516580028,124,-20.0,25.0,-0.16,172.0,
2025-05-13 07:40:48,177.0,39.0,262.41,17.0,175.43,49.0,451.54,61.0,219.71,85.41000000000003,88.0,78.0,2.906625190833825,166,10.0,42.0,0.06,172.0,
2025-05-13 07:40:49,176.15,41.0,264.0,9.0,174.67,21.0,425.91,43.0,220.07,87.85,62.0,52.0,3.0202566116126235,114,10.0,-52.0,0.09,176.6,5.0
2025-05-13 07:40:50,176.0,45.0,251.31,13.0,172.8,15.0,375.72,25.0,213.65,75.31,60.0,38.0,3.674087641849291,98,22.0,-16.0,0.22,176.6,
2025-05-13 07:40:51,176.28,25.0,245.47,19.0,175.23,47.0,585.26,47.0,210.88,69.19,72.0,66.0,4.137722803667439,138,6.0,40.0,0.04,176.33,3.0
2025-05-13 07:40:52,176.0,15.0,262.2,5.0,173.0,10.0,670.8,25.0,219.1,86.19999999999999,25.0,30.0,4.16384077505248,55,-5.0,-83.0,-0.09,176.33,
2025-05-13 07:40:53,176.0,24.0,262.0,8.0,173.0,16.0,377.43,35.0,219.0,86.0,40.0,43.0,4.045176139550614,83,-3.0,28.0,-0.04,176.33,
2025-05-13 07:40:54,176.0,36.0,262.0,12.0,173.0,24.0,307.11,54.0,219.0,86.0,60.0,66.0,3.8345638604656993,126,-6.0,43.0,-0.05,176.33,
2025-05-13 07:40:55,176.0,27.0,261.56,9.0,173.0,18.0,301.45,44.0,218.78,85.56,45.0,53.0,3.619850825654245,98,-8.0,-28.0,-0.08,176.33,
2025-05-13 07:40:56,176.0,24.0,257.75,8.0,173.0,16.0,340.9,39.0,216.88,81.75,40.0,47.0,0.9419766451403504,87,-7.0,-11.0,-0.08,176.33,
2025-05-13 07:40:57,171.57,28.0,255.65,20.0,167.38,52.0,464.04,25.0,213.61,84.08000000000001,80.0,45.0,2.326172822468221,125,35.0,38.0,0.28,174.33,6.0
2025-05-13 07:40:58,171.0,50.0,254.7,50.0,167.0,120.0,566.74,47.0,212.85,83.69999999999999,170.0,97.0,2.867338487167096,267,73.0,142.0,0.27,174.33,
2025-05-13 07:40:59,171.44,27.0,252.74,27.0,167.57,70.0,368.71,35.0,212.09,81.30000000000001,97.0,62.0,2.8600996486118344,159,35.0,-108.0,0.22,174.33,
2025-05-13 07:41:00,172.5,8.0,251.75,12.0,168.18,34.0,252.83,18.0,212.12,79.25,42.0,30.0,1.9843764763747345,72,12.0,-87.0,0.17,173.0,3.0
2025-05-13 07:41:01,168.08,72.0,249.17,35.0,166.86,88.0,250.69,39.0,208.63,81.08999999999997,160.0,74.0,1.9102355875622452,234,86.0,162.0,0.37,173.0,
2025-05-13 07:41:02,169.79,56.0,241.19,42.0,167.91,127.0,242.09,54.0,205.49,71.4,183.0,96.0,3.1194358464294614,279,87.0,45.0,0.31,173.0,
2025-05-13 07:41:03,173.0,33.0,233.78,51.0,171.0,90.0,235.3,53.0,203.39,60.78,123.0,104.0,3.9070423596358617,227,19.0,-52.0,0.08,173.0,
2025-05-13 07:41:04,172.1,20.0,224.97,64.0,170.63,81.0,227.04,50.0,198.53,52.870000000000005,101.0,114.0,5.161571466132071,215,-13.0,-12.0,-0.06,172.25,8.0
2025-05-13 07:41:05,167.91,66.0,222.68,37.0,166.88,75.0,223.43,35.0,195.29,54.77000000000001,141.0,72.0,5.35677888287248,213,69.0,-2.0,0.32,169.75,8.0
2025-05-13 07:41:06,165.71,21.0,220.28,32.0,141.72,29.0,221.08,36.0,193.0,54.56999999999999,50.0,68.0,5.274447838398657,118,-18.0,-95.0,-0.15,169.75,
2025-05-13 07:41:07,169.81,53.0,214.32,57.0,150.8,61.0,215.13,77.0,192.06,44.50999999999999,114.0,134.0,4.61004663750682,248,-20.0,130.0,-0.08,169.75,
2025-05-13 07:41:08,175.75,48.0,209.47,51.0,173.0,48.0,211.38,48.0,192.61,33.72,96.0,99.0,2.666302683490328,195,-3.0,-53.0,-0.02,169.75,
2025-05-13 07:41:09,173.0,33.0,206.43,42.0,168.62,13.0,207.7,53.0,189.71,33.43000000000001,46.0,95.0,2.0011321795392334,141,-49.0,-54.0,-0.35,175.4,5.0
2025-05-13 07:41:10,175.83,106.0,202.21,47.0,172.69,32.0,203.22,45.0,189.02,26.379999999999995,138.0,92.0,1.7963991761262967,230,46.0,89.0,0.2,175.4,
2025-05-13 07:41:11,176.0,130.0,197.56,45.0,173.0,39.0,198.77,56.0,186.78,21.56,169.0,101.0,2.369710952835192,270,68.0,40.0,0.25,175.4,
2025-05-13 07:41:12,176.0,140.0,191.68,60.0,173.0,42.0,193.39,49.0,183.84,15.680000000000009,182.0,109.0,3.287943126026787,291,73.0,21.0,0.25,175.4,
2025-05-13 07:41:13,176.38,64.0,183.02,53.0,175.73,132.0,184.87,62.0,179.7,6.640000000000015,196.0,115.0,4.11302808159468,311,81.0,20.0,0.26,175.4,
2025-05-13 07:41:14,176.32,44.0,181.0,30.0,175.66,79.0,184.0,40.0,178.66,4.680000000000007,123.0,70.0,4.44859528390548,193,53.0,-118.0,0.27,177.0,2.0
2025-05-13 07:41:15,176.0,110.0,178.48,42.0,173.0,33.0,180.2,35.0,177.24,2.4799999999999898,143.0,77.0,3.952199387680947,220,66.0,27.0,0.3,177.0,
2025-05-13 07:41:16,176.0,66.0,177.0,36.0,173.0,28.0,191.09,43.0,176.5,1.0,94.0,79.0,2.8810623040790606,173,15.0,-47.0,0.09,176.0,3.0
2025-05-13 07:41:17,175.37,57.0,176.93,56.0,172.8,41.0,208.74,43.0,176.15,1.5600000000000025,98.0,99.0,1.4969301920881568,197,-1.0,24.0,-0.01,176.0,7.0
2025-05-13 07:41:18,173.0,27.0,175.44,36.0,171.0,9.0,363.92,26.0,174.22,2.4399999999999977,36.0,62.0,1.6216904760110522,98,-26.0,-99.0,-0.27,176.0,
2025-05-13 07:41:19,173.0,15.0,174.0,24.0,171.0,6.0,380.0,24.0,173.5,1.0,21.0,48.0,1.587929469461662,69,-27.0,-29.0,-0.39,173.0,1.0
2025-05-13 07:41:20,173.0,22.0,174.0,23.0,171.0,21.0,264.0,44.0,173.5,1.0,43.0,67.0,1.4513373143362178,110,-24.0,41.0,-0.22,174.0,3.0
2025-05-13 07:41:21,173.0,14.0,223.33,15.0,171.5,16.0,302.42,48.0,198.17,50.33000000000001,30.0,63.0,10.71099295116869,93,-33.0,-17.0,-0.35,173.5,2.0
2025-05-13 07:41:22,173.62,13.0,358.84,38.0,172.18,11.0,532.58,38.0,266.23,185.22,24.0,76.0,40.05469173517616,100,-52.0,7.0,-0.52,173.5,
2025-05-13 07:41:23,175.0,26.0,219.78,46.0,173.0,13.0,293.53,38.0,197.39,44.78,39.0,84.0,38.031635121303815,123,-45.0,23.0,-0.37,173.5,
2025-05-13 07:41:24,175.0,24.0,181.53,53.0,173.0,12.0,218.75,48.0,178.26,6.530000000000001,36.0,101.0,37.19788636468462,137,-65.0,14.0,-0.47,175.0,2.0
2025-05-13 07:41:25,173.0,11.0,179.58,45.0,172.0,11.0,181.07,54.0,176.29,6.5800000000000125,22.0,99.0,36.66730996405368,121,-77.0,-16.0,-0.64,175.0,
2025-05-13 07:41:26,173.0,8.0,177.62,32.0,172.0,8.0,181.0,40.0,175.31,4.6200000000000045,16.0,72.0,38.823674220763664,88,-56.0,-33.0,-0.64,175.0,
2025-05-13 07:41:27,173.0,11.0,175.82,45.0,172.0,11.0,177.93,54.0,174.41,2.819999999999993,22.0,99.0,9.642314037614849,121,-77.0,33.0,-0.64,175.0,
2025-05-13 07:41:28,172.0,8.0,173.67,24.0,170.62,13.0,321.33,27.0,172.83,1.6699999999999875,21.0,51.0,2.034871003278415,72,-30.0,-49.0,-0.42,172.5,2.0
2025-05-13 07:41:29,169.22,27.0,172.15,27.0,168.18,22.0,367.4,20.0,170.69,2.930000000000007,49.0,47.0,2.2027891410625133,96,2.0,24.0,0.02,171.0,3.0
2025-05-13 07:41:30,169.0,44.0,171.86,28.0,168.0,33.0,411.07,28.0,170.43,2.8600000000000136,77.0,56.0,2.1760238969236085,133,21.0,37.0,0.16,171.5,4.0
2025-05-13 07:41:31,166.92,25.0,411.0,35.0,131.26,31.0,513.76,34.0,288.96,244.08,56.0,69.0,52.291306925721294,125,-13.0,-8.0,-0.1,168.57,7.0
2025-05-13 07:41:32,143.88,8.0,292.73,22.0,106.9,10.0,368.92,26.0,218.3,148.85000000000002,18.0,48.0,51.55208211120081,66,-30.0,-59.0,-0.45,162.0,1.0
2025-05-13 07:41:39,172.0,8.0,319.4,20.0,159.55,22.0,480.4,20.0,245.7,147.39999999999998,30.0,40.0,45.86661509202506,70,-10.0,-55.0,-0.14,162.0,
2025-05-13 07:41:40,174.0,11.0,255.0,21.0,170.82,11.0,412.65,37.0,214.5,81.0,22.0,58.0,49.03580814058216,80,-36.0,10.0,-0.45,162.0,
2025-05-13 07:41:41,175.33,9.0,222.33,9.0,173.67,9.0,258.78,27.0,198.83,47.0,18.0,36.0,40.49927307989599,54,-18.0,-26.0,-0.33,162.0,
2025-05-13 07:41:42,176.76,21.0,222.0,13.0,173.47,55.0,281.58,36.0,199.38,45.24000000000001,76.0,49.0,22.5758273381064,125,27.0,71.0,0.22,162.0,
2025-05-13 07:41:43,177.0,55.0,221.91,11.0,175.0,33.0,289.36,22.0,199.45,44.91,88.0,33.0,20.19430538542965,121,55.0,-4.0,0.45,162.0,
2025-05-13 07:41:46,177.0,77.0,215.73,15.0,176.0,88.0,340.5,16.0,196.37,38.72999999999999,165.0,31.0,1.289670500550156,196,134.0,34.0,0.68,162.0,
2025-05-13 07:41:47,177.0,63.0,217.44,9.0,176.0,72.0,271.09,11.0,197.22,40.44,135.0,20.0,1.3202916344463946,155,115.0,-41.0,0.74,162.0,
2025-05-13 07:41:48,177.0,56.0,214.25,8.0,176.0,64.0,216.0,8.0,195.62,37.25,120.0,16.0,1.4841731704854544,136,104.0,-19.0,0.76,177.0,3.0
2025-05-13 07:41:49,177.0,35.0,210.78,9.0,176.0,72.0,212.22,9.0,193.89,33.78,107.0,18.0,1.7481618918133657,125,89.0,-11.0,0.71,177.0,1.0
2025-05-13 07:41:50,177.0,27.0,196.22,9.0,176.0,72.0,208.11,9.0,186.61,19.22,99.0,18.0,4.278348980621788,117,81.0,-8.0,0.69,177.0,
2025-05-13 07:41:51,177.0,39.0,184.8,30.0,176.0,104.0,185.39,46.0,180.9,7.800000000000011,143.0,76.0,6.883884804380899,219,67.0,102.0,0.31,177.0,
2025-05-13 07:41:52,177.0,45.0,181.27,63.0,175.88,97.0,182.77,35.0,179.13,4.27000000000001,142.0,98.0,7.429855314875575,240,44.0,21.0,0.18,177.0,
2025-05-13 07:41:53,177.0,39.0,179.71,17.0,176.0,65.0,180.98,61.0,178.35,2.710000000000008,104.0,78.0,6.511964373365659,182,26.0,-58.0,0.14,177.0,
2025-05-13 07:41:54,176.25,40.0,177.81,54.0,175.66,53.0,179.04,57.0,177.03,1.5600000000000025,93.0,111.0,3.741200342133863,204,-18.0,22.0,-0.09,177.0,3.0
2025-05-13 07:41:55,174.92,53.0,181.87,46.0,173.19,103.0,252.93,42.0,178.4,6.950000000000017,156.0,88.0,1.414839213473352,244,68.0,40.0,0.28,175.62,8.0
2025-05-13 07:41:56,173.0,130.0,297.2,15.0,172.0,100.0,340.56,25.0,235.1,124.2,230.0,40.0,25.44542336059641,270,190.0,26.0,0.7,175.62,
2025-05-13 07:41:57,173.0,65.0,200.74,19.0,172.0,50.0,272.67,6.0,186.87,27.74000000000001,115.0,25.0,24.87819225747695,140,90.0,-130.0,0.64,175.62,
2025-05-13 07:41:58,173.0,117.0,191.9,20.0,172.0,90.0,193.15,20.0,182.45,18.90000000000001,207.0,40.0,24.41406254599972,247,167.0,107.0,0.68,175.62,
2025-05-13 07:41:59,173.16,178.0,187.4,35.0,172.43,211.0,187.63,38.0,180.28,14.240000000000007,389.0,73.0,23.955822882964934,462,316.0,172.0,0.68,173.8,5.0
2025-05-13 07:42:00,173.0,128.0,183.25,24.0,172.0,110.0,184.07,29.0,178.12,10.25,238.0,53.0,23.99766509475425,291,185.0,-171.0,0.64,173.0,2.0
2025-05-13 07:42:01,173.0,120.0,180.79,28.0,172.0,120.0,181.78,18.0,176.89,7.789999999999992,240.0,46.0,3.9444226446950528,286,194.0,-5.0,0.68,173.0,
2025-05-13 07:42:02,173.0,130.0,177.85,39.0,172.0,130.0,180.0,13.0,175.42,4.849999999999994,260.0,52.0,2.779688831502966,312,208.0,26.0,0.67,173.0,
2025-05-13 07:42:03,173.0,89.0,174.75,28.0,172.0,110.0,222.72,29.0,173.88,1.75,199.0,57.0,2.460796618979673,256,142.0,-56.0,0.55,173.0,3.0
2025-05-13 07:42:04,173.0,84.0,174.42,36.0,172.0,120.0,360.67,15.0,173.71,1.4199999999999875,204.0,51.0,1.9090128338964365,255,153.0,-1.0,0.6,173.0,
2025-05-13 07:42:05,172.62,69.0,221.0,32.0,171.79,114.0,426.62,13.0,196.81,48.38,183.0,45.0,9.849851267911756,228,138.0,-27.0,0.61,172.64,11.0
2025-05-13 07:42:08,176.0,11.0,213.91,11.0,173.0,33.0,343.18,11.0,194.95,37.91,44.0,22.0,81.06019411523765,66,22.0,-43.0,0.33,172.64,
2025-05-13 07:42:09,176.0,10.0,213.91,22.0,173.0,30.0,410.5,10.0,194.95,37.91,40.0,32.0,76.68744897308822,72,8.0,6.0,0.11,172.64,
2025-05-13 07:42:10,173.0,10.0,213.0,15.0,172.0,30.0,224.0,5.0,193.0,40.0,40.0,20.0,77.38135066022052,60,20.0,-12.0,0.33,174.5,2.0
2025-05-13 07:42:11,174.09,11.0,211.8,30.0,172.33,36.0,265.5,10.0,192.95,37.71000000000001,47.0,40.0,59.42388854661058,87,7.0,27.0,0.08,174.0,2.0
2025-05-13 07:42:12,173.0,14.0,209.75,24.0,172.0,48.0,315.0,8.0,191.38,36.75,62.0,32.0,1.5196479855495033,94,30.0,7.0,0.32,174.0,
2025-05-13 07:42:13,173.0,84.0,207.92,36.0,172.0,72.0,359.58,12.0,190.46,34.91999999999999,156.0,48.0,1.7218797867401452,204,108.0,110.0,0.53,173.0,4.0
2025-05-13 07:42:14,175.7,37.0,205.0,27.0,172.38,39.0,244.0,9.0,190.35,29.30000000000001,76.0,36.0,1.2931627894367852,112,40.0,-92.0,0.36,173.0,
2025-05-13 07:42:15,177.0,29.0,203.8,25.0,173.0,27.0,232.82,11.0,190.4,26.80000000000001,56.0,36.0,1.1138536708130542,92,20.0,-20.0,0.22,177.0,2.0
2025-05-13 07:42:16,175.07,29.0,199.83,12.0,172.26,57.0,203.0,36.0,187.45,24.76000000000002,86.0,48.0,1.491700372053084,134,38.0,42.0,0.28,176.0,4.0
2025-05-13 07:42:17,172.33,24.0,198.17,18.0,171.43,56.0,201.57,14.0,185.25,25.83999999999997,80.0,32.0,2.3527367043472616,112,48.0,-22.0,0.43,172.5,4.0
2025-05-13 07:42:18,173.72,50.0,197.35,31.0,171.73,60.0,197.86,21.0,185.54,23.629999999999995,110.0,52.0,2.499753987892089,162,58.0,50.0,0.36,175.0,2.0
2025-05-13 07:42:19,175.29,14.0,196.0,7.0,172.59,34.0,197.0,21.0,185.64,20.710000000000008,48.0,28.0,2.1623205127783502,76,20.0,-86.0,0.26,175.0,
2025-05-13 07:42:20,175.0,16.0,193.64,14.0,171.43,56.0,194.85,26.0,184.32,18.639999999999983,72.0,40.0,1.1380465719738682,112,32.0,36.0,0.29,173.6,5.0
2025-05-13 07:42:21,172.0,14.0,188.9,20.0,171.0,111.0,191.67,36.0,180.45,16.900000000000006,125.0,56.0,2.1817767988455787,181,69.0,69.0,0.38,173.6,
2025-05-13 07:42:22,172.18,62.0,184.41,29.0,171.1,61.0,185.69,35.0,178.3,12.22999999999999,123.0,64.0,3.303165148759617,187,59.0,6.0,0.32,173.5,4.0
2025-05-13 07:42:23,171.0,126.0,179.53,15.0,169.0,27.0,181.33,12.0,175.27,8.530000000000001,153.0,27.0,4.2652467689430456,180,126.0,-7.0,0.7,173.5,
2025-05-13 07:42:24,171.02,82.0,177.27,11.0,169.71,28.0,178.6,10.0,174.15,6.25,110.0,21.0,4.094822340465816,131,89.0,-49.0,0.68,171.0,4.0
2025-05-13 07:42:25,171.74,38.0,174.81,32.0,170.96,143.0,175.9,21.0,173.27,3.069999999999993,181.0,53.0,3.0035845251926534,234,128.0,103.0,0.55,172.0,2.0
2025-05-13 07:42:26,171.0,79.0,172.65,23.0,169.0,27.0,218.69,13.0,171.83,1.6500000000000057,106.0,36.0,2.4380689079629843,142,70.0,-92.0,0.49,171.4,5.0
2025-05-13 07:42:27,171.59,41.0,270.18,11.0,170.47,57.0,531.77,47.0,220.88,98.59,98.0,58.0,21.16825217158896,156,40.0,14.0,0.26,172.0,1.0
2025-05-13 07:42:28,175.0,8.0,200.62,8.0,171.0,56.0,377.38,8.0,187.81,25.620000000000005,64.0,16.0,20.7503378285748,80,48.0,-76.0,0.6,172.0,
2025-05-13 07:42:29,175.86,7.0,229.86,14.0,171.39,31.0,240.15,13.0,202.86,54.0,38.0,27.0,20.766243040087588,65,11.0,-15.0,0.17,172.0,
2025-05-13 07:42:30,177.0,13.0,227.69,26.0,175.0,13.0,235.15,26.0,202.35,50.69,26.0,52.0,18.378621547874307,78,-26.0,13.0,-0.33,172.0,
2025-05-13 07:42:31,177.0,10.0,225.05,19.0,175.0,10.0,308.14,14.0,201.03,48.05000000000001,20.0,33.0,11.77659246131892,53,-13.0,-25.0,-0.25,172.0,
2025-05-13 07:42:32,171.28,65.0,223.94,36.0,169.5,36.0,298.0,18.0,197.61,52.66,101.0,54.0,6.228163453217215,155,47.0,102.0,0.3,172.25,8.0
2025-05-13 07:42:33,171.0,33.0,222.92,49.0,168.23,31.0,223.5,40.0,196.96,51.91999999999999,64.0,89.0,2.7196268126329,153,-25.0,-2.0,-0.16,172.25,
2025-05-13 07:42:34,171.0,36.0,219.0,36.0,169.83,59.0,220.33,36.0,195.0,48.0,95.0,72.0,3.0247561885201018,167,23.0,14.0,0.14,172.25,
2025-05-13 07:42:35,171.0,25.0,214.15,39.0,169.67,42.0,215.07,43.0,192.58,43.150000000000006,67.0,82.0,3.1419945894271093,149,-15.0,-18.0,-0.1,172.25,
2025-05-13 07:42:36,171.0,32.0,210.95,42.0,169.0,22.0,212.17,24.0,190.98,39.94999999999999,54.0,66.0,2.8271505089025144,120,-12.0,-29.0,-0.1,172.25,
2025-05-13 07:42:37,171.4,25.0,207.48,29.0,169.89,18.0,208.82,22.0,189.44,36.079999999999984,43.0,51.0,3.025379315058928,94,-8.0,-26.0,-0.09,172.25,
2025-05-13 07:42:38,173.63,19.0,206.15,39.0,171.75,32.0,207.17,24.0,189.89,32.52000000000001,51.0,63.0,2.263408933442054,114,-12.0,20.0,-0.11,172.25,
2025-05-13 07:42:39,172.42,19.0,202.92,65.0,171.44,36.0,204.0,40.0,187.67,30.5,55.0,105.0,1.824053179045012,160,-50.0,46.0,-0.31,172.29,7.0
2025-05-13 07:42:40,170.54,13.0,199.91,35.0,168.43,14.0,201.0,43.0,185.23,29.370000000000005,27.0,78.0,2.2498377719256006,105,-51.0,-55.0,-0.49,170.33,3.0
2025-05-13 07:42:41,167.98,98.0,196.32,47.0,166.86,14.0,197.4,55.0,182.15,28.340000000000003,112.0,102.0,3.214541958037238,214,10.0,109.0,0.05,170.33,
2025-05-13 07:42:42,168.0,72.0,192.68,47.0,167.0,11.0,193.57,28.0,180.34,24.680000000000007,83.0,75.0,3.90244538718745,158,8.0,-56.0,0.05,168.0,5.0
2025-05-13 07:42:43,168.09,33.0,190.67,45.0,167.0,11.0,191.47,49.0,179.38,22.579999999999984,44.0,94.0,3.4523079236909333,138,-50.0,-20.0,-0.36,168.0,
2025-05-13 07:42:44,169.0,45.0,187.27,56.0,167.0,15.0,188.97,67.0,178.13,18.27000000000001,60.0,123.0,2.761418113936742,183,-63.0,45.0,-0.34,168.0,
2025-05-13 07:42:45,171.42,33.0,184.79,56.0,168.25,24.0,187.0,70.0,178.1,13.370000000000005,57.0,126.0,1.6961279432805243,183,-69.0,0.0,-0.38,173.0,4.0
2025-05-13 07:42:51,141.55,29.0,160.77,69.0,118.32,31.0,161.67,95.0,151.16,19.22,60.0,164.0,8.09558089329898,224,-104.0,119.0,-0.46,160.14,7.0
2025-05-13 07:42:52,144.9,20.0,199.37,43.0,141.8,10.0,199.0,17.0,172.14,54.47,30.0,60.0,16.66225885046661,90,-30.0,-134.0,-0.33,162.09,11.0
2025-05-13 07:42:53,143.83,18.0,224.58,26.0,0.0,0.0,309.94,18.0,184.21,80.75,18.0,44.0,22.91426127982221,62,-26.0,-28.0,-0.42,162.09,
2025-05-13 07:42:54,145.18,11.0,164.0,4.0,145.0,3.0,248.83,12.0,154.59,18.819999999999997,14.0,16.0,19.16140313233773,30,-2.0,-32.0,-0.07,162.09,
2025-05-13 07:42:55,146.0,16.0,163.58,12.0,145.0,24.0,330.42,12.0,154.79,17.580000000000013,40.0,24.0,14.239093018867624,64,16.0,34.0,0.25,162.09,
2025-05-13 07:42:56,147.57,28.0,162.91,46.0,145.0,42.0,163.33,30.0,155.24,15.340000000000003,70.0,76.0,13.459432751790292,146,-6.0,82.0,-0.04,162.8,5.0
2025-05-13 07:42:57,162.0,8.0,279.71,14.0,150.43,14.0,295.83,24.0,220.86,117.70999999999998,22.0,38.0,29.145300993470148,60,-16.0,-86.0,-0.27,163.5,2.0
2025-05-13 07:42:58,176.04,24.0,330.2,30.0,175.0,10.0,362.47,30.0,253.12,154.16,34.0,60.0,46.40137875106709,94,-26.0,34.0,-0.28,176.0,2.0
2025-05-13 07:42:59,177.0,3.0,385.91,11.0,175.0,3.0,674.62,13.0,281.45,208.91000000000005,6.0,24.0,57.1869213194765,30,-18.0,-64.0,-0.6,176.0,
2025-05-13 07:43:03,176.83,18.0,190.75,24.0,175.62,8.0,438.0,24.0,183.79,13.919999999999987,26.0,48.0,40.31881409466319,74,-22.0,15.0,-0.3,176.0,
2025-05-13 07:43:04,177.0,15.0,277.4,15.0,176.0,10.0,462.8,15.0,227.2,100.39999999999998,25.0,30.0,33.11927339178811,55,-5.0,-19.0,-0.09,176.0,
2025-05-13 07:43:05,177.0,21.0,402.57,14.0,176.0,14.0,434.0,21.0,289.79,225.57,35.0,35.0,41.6461022185752,70,0.0,15.0,0.0,176.0,
2025-05-13 07:43:07,171.29,69.0,259.42,19.0,170.82,57.0,500.92,26.0,215.36,88.13000000000002,126.0,45.0,38.8714191919977,171,81.0,112.0,0.47,176.0,
