DateTime,Bid1_Price,Bid1_Volume,Ask1_Price,Ask1_Volume,Bid2_Price,Bid2_Volume,Ask2_Price,Ask2_Volume,Mid-Price,Bid_Ask_Spread,Market_Depth_Bid,Market_Depth_Ask,Historical_Volatility,Total_volume,Cumulative_Volume_Difference,Total_Volume_Change_Corrected,Order_imbalance,Weighted_Avg_Price,Trade_Volume
2025-05-28 07:30:09,91.65,86.0,132.93,15.0,96.0,20.0,143.31,16.0,112.29,41.28,106.0,31.0,21.538439358505126,137,75.0,117.0,0.55,127.0,10.0
2025-05-28 07:30:10,110.88,59.0,236.0,9.0,120.18,143.0,248.89,9.0,173.44,125.12,202.0,18.0,45.59219395905402,220,184.0,83.0,0.84,127.0,
2025-05-28 07:30:13,132.1,78.0,207.0,6.0,130.79,56.0,220.5,6.0,169.55,74.9,134.0,12.0,27.308041489641877,146,122.0,-118.0,0.84,136.0,3.0
2025-05-28 07:30:14,132.0,209.0,199.18,11.0,130.0,11.0,212.73,11.0,165.59,67.18,220.0,22.0,4.429811508405535,242,198.0,96.0,0.82,136.0,
2025-05-28 07:30:15,132.0,152.0,207.0,8.0,130.0,8.0,214.0,8.0,169.5,75.0,160.0,16.0,4.351743328828357,176,144.0,-66.0,0.82,136.0,
2025-05-28 07:30:16,132.0,171.0,187.85,13.0,130.0,9.0,207.32,25.0,159.92,55.85,180.0,38.0,4.606850334013719,218,142.0,42.0,0.65,136.0,
2025-05-28 07:30:17,132.0,190.0,163.3,10.0,130.0,10.0,198.11,18.0,147.65,31.30000000000001,200.0,28.0,9.157137653219069,228,172.0,10.0,0.75,136.0,
2025-05-28 07:30:18,132.0,160.0,136.0,11.0,130.0,29.0,168.91,11.0,134.0,4.0,189.0,22.0,14.500654123176744,211,167.0,-17.0,0.79,132.0,6.0
2025-05-28 07:30:19,132.0,75.0,165.38,13.0,130.0,70.0,181.0,7.0,148.69,33.379999999999995,145.0,20.0,13.442874320620678,165,125.0,-46.0,0.76,132.0,4.0
2025-05-28 07:30:20,132.16,64.0,159.93,30.0,130.86,140.0,163.65,54.0,146.04,27.77000000000001,204.0,84.0,9.216677817956052,288,120.0,123.0,0.42,132.0,3.0
2025-05-28 07:30:21,132.01,67.0,158.0,48.0,130.1,116.0,159.0,12.0,145.01,25.99000000000001,183.0,60.0,5.918485448153386,243,123.0,-45.0,0.51,133.0,1.0
2025-05-28 07:30:22,132.0,96.0,154.28,25.0,130.3,43.0,156.36,28.0,143.14,22.28,139.0,53.0,5.611829469968188,192,86.0,-51.0,0.45,132.0,4.0
2025-05-28 07:30:23,132.0,26.0,151.61,28.0,131.0,13.0,152.92,13.0,141.8,19.610000000000014,39.0,41.0,2.6634995776240147,80,-2.0,-112.0,-0.03,132.0,
2025-05-28 07:30:24,132.0,20.0,148.0,10.0,130.13,46.0,149.6,10.0,140.0,16.0,66.0,20.0,2.426173942651987,86,46.0,6.0,0.53,132.0,
2025-05-28 07:30:25,132.0,22.0,143.62,13.0,130.0,110.0,146.82,11.0,137.81,11.620000000000005,132.0,24.0,2.781738664936665,156,108.0,70.0,0.69,132.0,
2025-05-28 07:30:26,131.44,25.0,141.33,12.0,129.99,91.0,142.31,13.0,136.39,9.890000000000017,116.0,25.0,2.773980893950744,141,91.0,-15.0,0.65,130.8,5.0
2025-05-28 07:30:27,130.0,70.0,140.6,10.0,129.0,10.0,142.0,20.0,135.3,10.599999999999994,80.0,30.0,2.6467054992960475,110,50.0,-31.0,0.45,130.8,
2025-05-28 07:30:28,130.19,47.0,137.29,17.0,129.91,69.0,138.16,55.0,133.74,7.099999999999994,116.0,72.0,2.3940697567122173,188,44.0,78.0,0.23,130.33,3.0
2025-05-28 07:30:29,129.95,58.0,134.83,36.0,128.29,38.0,137.56,27.0,132.39,4.880000000000024,96.0,63.0,2.135329014462242,159,33.0,-29.0,0.21,130.33,
2025-05-28 07:30:30,129.0,11.0,133.0,30.0,128.0,80.0,136.6,10.0,131.0,4.0,91.0,40.0,2.166986386667993,131,51.0,-28.0,0.39,130.33,
2025-05-28 07:30:31,129.0,17.0,132.24,25.0,128.0,88.0,133.37,19.0,130.62,3.240000000000009,105.0,44.0,1.9438106903720145,149,61.0,18.0,0.41,130.33,
2025-05-28 07:30:32,129.88,41.0,131.57,40.0,128.18,49.0,134.44,16.0,130.73,1.6899999999999975,90.0,56.0,1.3448903301030235,146,34.0,-3.0,0.23,130.0,1.0
2025-05-28 07:30:33,129.38,29.0,133.56,25.0,126.74,57.0,193.81,37.0,131.47,4.180000000000007,86.0,62.0,0.7206732963033023,148,24.0,2.0,0.16,129.8,5.0
2025-05-28 07:30:34,130.0,28.0,134.41,34.0,126.76,92.0,321.1,31.0,132.21,4.409999999999997,120.0,65.0,0.6500230765170463,185,55.0,37.0,0.3,129.8,
2025-05-28 07:30:35,130.67,24.0,135.0,20.0,129.33,24.0,390.77,48.0,132.83,4.3300000000000125,48.0,68.0,0.9506944829989608,116,-20.0,-69.0,-0.17,129.8,
2025-05-28 07:30:36,131.36,22.0,135.0,22.0,128.6,60.0,168.2,49.0,133.18,3.6399999999999855,82.0,71.0,0.99798797588179,153,11.0,37.0,0.07,129.8,
2025-05-28 07:30:37,132.0,20.0,135.0,10.0,128.0,214.0,139.0,50.0,133.5,3.0,234.0,60.0,0.8094874921853819,294,174.0,141.0,0.59,129.8,
2025-05-28 07:30:38,128.03,269.0,135.0,18.0,126.72,121.0,139.0,70.0,131.51,6.969999999999999,390.0,88.0,0.7951289203673682,478,302.0,176.0,0.63,130.0,4.0
2025-05-28 07:30:39,128.1,140.0,130.71,14.0,127.82,162.0,134.53,34.0,129.41,2.6100000000000136,302.0,48.0,1.6764933641397468,350,254.0,-128.0,0.73,130.0,1.0
2025-05-28 07:30:48,131.2,45.0,170.33,75.0,128.08,225.0,172.0,45.0,150.77,39.13000000000002,270.0,120.0,11.51066244835654,390,150.0,175.0,0.38,136.0,4.0
2025-05-28 07:30:49,130.0,42.0,169.28,64.0,128.0,252.0,171.06,48.0,149.64,39.28,294.0,112.0,12.192557976077287,406,182.0,16.0,0.45,136.0,
2025-05-28 07:30:50,128.84,93.0,165.38,72.0,127.59,294.0,167.27,56.0,147.11,36.53999999999999,387.0,128.0,10.916279127981577,515,259.0,109.0,0.5,130.0,3.0
2025-05-28 07:30:51,128.12,144.0,140.95,44.0,126.0,164.0,145.45,58.0,134.54,12.829999999999984,308.0,102.0,9.784228635922547,410,206.0,-105.0,0.5,128.0,4.0
2025-05-28 07:30:52,129.0,63.0,130.67,36.0,126.0,10.0,132.59,44.0,129.83,1.6699999999999875,73.0,80.0,9.54516474451894,153,-7.0,-176.0,-0.05,129.0,1.0
2025-05-28 07:30:53,129.0,32.0,130.0,46.0,127.83,47.0,132.74,46.0,129.5,1.0,79.0,92.0,9.609569709409874,171,-13.0,18.0,-0.08,129.4,5.0
2025-05-28 07:30:54,128.01,97.0,132.67,51.0,126.33,48.0,166.59,39.0,130.34,4.659999999999997,145.0,90.0,7.464075964244222,235,55.0,64.0,0.23,129.0,1.0
2025-05-28 07:30:55,128.0,78.0,130.45,22.0,126.0,55.0,133.45,55.0,129.23,2.4499999999999886,133.0,77.0,2.192731173675542,210,56.0,-25.0,0.27,129.0,
2025-05-28 07:30:56,128.0,35.0,129.0,10.0,126.0,25.0,134.0,25.0,128.5,1.0,60.0,35.0,0.6865493427340752,95,25.0,-115.0,0.26,129.0,
2025-05-28 07:30:57,127.83,58.0,130.09,23.0,125.88,51.0,162.08,49.0,128.96,2.260000000000005,109.0,72.0,0.6859154466904737,181,37.0,86.0,0.2,128.0,7.0
2025-05-28 07:30:58,126.0,45.0,134.0,45.0,125.0,54.0,312.56,25.0,130.0,8.0,99.0,70.0,0.7543076295574568,169,29.0,-12.0,0.17,128.0,
2025-05-28 07:30:59,126.8,25.0,133.4,25.0,125.77,26.0,143.88,17.0,130.1,6.6000000000000085,51.0,42.0,0.6844121565318567,93,9.0,-76.0,0.1,133.0,5.0
2025-05-28 07:31:00,128.14,119.0,133.11,95.0,126.05,61.0,416.95,40.0,130.62,4.970000000000027,180.0,135.0,0.87514570215969,315,45.0,176.0,0.14,127.0,3.0
2025-05-28 07:31:01,129.04,92.0,132.93,59.0,126.03,74.0,498.38,26.0,130.99,3.890000000000015,166.0,85.0,0.7691423795426702,251,81.0,-64.0,0.32,130.0,2.0
2025-05-28 07:31:02,129.92,96.0,132.0,24.0,125.19,86.0,133.0,60.0,130.96,2.0800000000000125,182.0,84.0,0.4664547137810446,266,98.0,15.0,0.37,130.0,
2025-05-28 07:31:03,130.0,56.0,132.0,14.0,126.0,56.0,176.06,34.0,131.0,2.0,112.0,48.0,0.3880463889904769,160,64.0,-106.0,0.4,130.0,
2025-05-28 07:31:04,130.0,46.0,206.2,20.0,126.0,40.0,441.86,14.0,168.1,76.19999999999999,86.0,34.0,16.640450114104734,120,52.0,-40.0,0.43,132.0,2.0
2025-05-28 07:31:05,130.0,64.0,133.0,32.0,126.0,64.0,208.38,16.0,131.5,3.0,128.0,48.0,16.542832284708936,176,80.0,56.0,0.45,132.0,
2025-05-28 07:31:06,130.0,36.0,133.0,32.0,128.0,40.0,294.0,16.0,131.5,3.0,76.0,48.0,16.486349504969507,124,28.0,-52.0,0.23,130.0,4.0
2025-05-28 07:31:07,130.0,24.0,132.67,24.0,128.0,30.0,201.75,16.0,131.33,2.6699999999999875,54.0,40.0,16.444192895974197,94,14.0,-30.0,0.15,130.0,
2025-05-28 07:31:08,130.0,28.0,132.0,28.0,128.0,35.0,133.0,28.0,131.0,2.0,63.0,56.0,16.444192895974197,119,7.0,25.0,0.06,130.0,
2025-05-28 07:31:09,130.0,16.0,132.0,16.0,128.0,20.0,133.0,16.0,131.0,2.0,36.0,32.0,0.2525470253399455,68,4.0,-51.0,0.06,130.0,
2025-05-28 07:31:10,130.51,41.0,132.13,39.0,129.06,53.0,146.75,48.0,131.32,1.6200000000000043,94.0,87.0,0.2218107301463428,181,7.0,113.0,0.04,131.0,1.0
2025-05-28 07:31:11,131.0,54.0,133.0,52.0,130.0,52.0,276.45,62.0,132.0,2.0,106.0,114.0,0.4082891132617385,220,-8.0,39.0,-0.04,131.0,2.0
2025-05-28 07:31:12,132.0,12.0,133.0,48.0,129.64,44.0,257.25,48.0,132.5,1.0,56.0,96.0,0.6636866730679941,152,-40.0,-68.0,-0.26,131.0,
2025-05-28 07:31:13,128.56,78.0,131.79,56.0,126.56,125.0,142.29,56.0,130.17,3.2299999999999898,203.0,112.0,0.9012879673046058,315,91.0,163.0,0.29,132.0,1.0
2025-05-28 07:31:14,129.79,97.0,131.0,56.0,128.0,70.0,133.0,56.0,130.4,1.210000000000008,167.0,112.0,1.0018582734139914,279,55.0,-36.0,0.2,132.0,
2025-05-28 07:31:15,130.0,90.0,133.0,36.0,128.0,45.0,156.82,22.0,131.5,3.0,135.0,58.0,1.0069657392424356,193,77.0,-86.0,0.4,130.0,4.0
2025-05-28 07:31:16,130.0,80.0,132.69,29.0,128.0,40.0,133.91,22.0,131.34,2.6899999999999977,120.0,51.0,0.9352646684271048,171,69.0,-22.0,0.4,130.0,
2025-05-28 07:31:17,130.0,107.0,132.11,38.0,128.0,55.0,206.93,54.0,131.05,2.1100000000000136,162.0,92.0,0.5828121481301295,254,70.0,83.0,0.28,130.67,3.0
2025-05-28 07:31:18,130.0,81.0,133.0,54.0,128.05,37.0,287.89,36.0,131.5,3.0,118.0,90.0,0.4618657813781571,208,28.0,-46.0,0.13,130.67,
2025-05-28 07:31:19,130.0,83.0,133.0,90.0,129.0,15.0,279.17,65.0,131.5,3.0,98.0,155.0,0.1960102038366082,253,-57.0,45.0,-0.23,130.0,8.0
2025-05-28 07:31:20,130.0,15.0,131.83,54.0,129.0,35.0,158.4,75.0,130.92,1.8300000000000125,50.0,129.0,0.2651791847186802,179,-79.0,-74.0,-0.44,130.0,
2025-05-28 07:31:21,129.12,33.0,130.53,45.0,128.1,207.0,132.13,60.0,129.83,1.4099999999999966,240.0,105.0,0.6837031519658388,345,135.0,166.0,0.39,129.5,2.0
2025-05-28 07:31:22,128.03,123.0,131.32,38.0,127.91,75.0,133.12,32.0,129.67,3.289999999999992,198.0,70.0,0.8866961148037096,268,128.0,-77.0,0.48,129.0,1.0
2025-05-28 07:31:23,128.0,204.0,131.0,24.0,127.0,12.0,132.0,48.0,129.5,3.0,216.0,72.0,0.8776274836215736,288,144.0,20.0,0.5,129.0,
2025-05-28 07:31:24,128.01,165.0,131.34,32.0,127.4,25.0,132.48,42.0,129.67,3.3300000000000125,190.0,74.0,0.5721625643188057,264,116.0,-24.0,0.44,128.67,6.0
2025-05-28 07:31:25,128.0,177.0,129.12,50.0,126.0,14.0,131.82,44.0,128.56,1.1200000000000043,191.0,94.0,0.5088516483296319,285,97.0,21.0,0.34,128.0,1.0
2025-05-28 07:31:26,128.0,89.0,129.0,45.0,126.0,9.0,132.78,36.0,128.5,1.0,98.0,81.0,0.5977875876996074,179,17.0,-106.0,0.09,128.0,2.0
2025-05-28 07:31:27,128.0,99.0,129.0,45.0,126.0,9.0,133.0,36.0,128.5,1.0,108.0,81.0,0.5869241859113105,189,27.0,10.0,0.14,128.0,
2025-05-28 07:31:28,128.0,99.0,129.0,45.0,126.0,9.0,133.0,36.0,128.5,1.0,108.0,81.0,0.5171846865555852,189,27.0,0.0,0.14,128.0,
2025-05-28 07:31:29,128.0,53.0,129.0,35.0,126.8,15.0,133.0,28.0,128.5,1.0,68.0,63.0,0.0268328158705928,131,5.0,-58.0,0.04,128.0,4.0
2025-05-28 07:31:30,128.0,91.0,131.51,35.0,126.0,13.0,133.13,46.0,129.76,3.509999999999991,104.0,81.0,0.5634891303366952,185,23.0,54.0,0.12,129.0,5.0
2025-05-28 07:31:31,128.0,63.0,130.44,18.0,126.0,9.0,133.0,36.0,129.22,2.4399999999999977,72.0,54.0,0.5748738992228121,126,18.0,-59.0,0.14,129.0,
2025-05-28 07:31:32,128.0,77.0,130.0,22.0,126.0,11.0,132.27,44.0,129.0,2.0,88.0,66.0,0.5305468876618381,154,22.0,28.0,0.14,129.0,
2025-05-28 07:31:33,128.0,54.0,130.75,32.0,126.0,12.0,132.3,40.0,129.38,2.75,66.0,72.0,0.4670331894070262,138,-6.0,-16.0,-0.04,128.0,4.0
2025-05-28 07:31:34,128.0,15.0,132.0,20.0,126.0,5.0,133.0,10.0,130.0,4.0,20.0,30.0,0.4051172669829854,50,-10.0,-88.0,-0.2,128.0,
2025-05-28 07:31:35,128.53,38.0,131.32,37.0,127.43,21.0,133.0,24.0,129.93,2.789999999999992,59.0,61.0,0.4408854726658272,120,-2.0,70.0,-0.02,131.0,1.0
2025-05-28 07:31:36,129.1,30.0,130.64,33.0,128.33,36.0,131.74,19.0,129.87,1.539999999999992,66.0,52.0,0.4311960111223074,118,14.0,-2.0,0.12,129.5,2.0
2025-05-28 07:31:37,128.39,38.0,130.84,32.0,125.53,40.0,132.66,29.0,129.62,2.450000000000017,78.0,61.0,0.256222559521613,139,17.0,21.0,0.12,129.0,3.0
2025-05-28 07:31:38,128.0,11.0,134.0,11.0,124.0,33.0,135.0,22.0,131.0,6.0,44.0,33.0,0.5317236124227208,77,11.0,-62.0,0.14,129.0,
2025-05-28 07:31:39,125.0,8.0,131.6,20.0,123.12,48.0,134.67,12.0,128.3,6.599999999999994,56.0,32.0,0.9654687980498332,88,24.0,11.0,0.27,125.33,3.0
2025-05-28 07:31:40,128.19,37.0,131.0,52.0,123.17,59.0,133.07,15.0,129.59,2.8100000000000023,96.0,67.0,0.961056710089354,163,29.0,75.0,0.18,125.33,
2025-05-28 07:31:41,129.91,174.0,131.0,48.0,128.0,24.0,132.0,12.0,130.46,1.0900000000000034,198.0,60.0,1.0249292658558464,258,138.0,95.0,0.53,130.0,3.0
2025-05-28 07:31:42,129.77,86.0,131.14,28.0,126.83,23.0,132.57,14.0,130.46,1.369999999999976,109.0,42.0,1.0576010590046945,151,67.0,-107.0,0.44,131.0,4.0
2025-05-28 07:31:43,129.24,21.0,131.56,9.0,128.91,44.0,132.83,12.0,130.4,2.319999999999993,65.0,21.0,0.9376139930738148,86,44.0,-65.0,0.51,131.0,
2025-05-28 07:31:44,130.0,14.0,131.62,29.0,128.94,94.0,151.23,22.0,130.81,1.6200000000000043,108.0,51.0,0.4515860936830949,159,57.0,73.0,0.36,131.0,2.0
2025-05-28 07:31:45,130.0,12.0,132.63,30.0,128.0,24.0,248.91,44.0,131.32,2.6299999999999955,36.0,74.0,0.3876854395099647,110,-38.0,-49.0,-0.35,131.0,
2025-05-28 07:31:46,130.32,44.0,132.0,91.0,127.7,27.0,403.77,65.0,131.16,1.6800000000000068,71.0,156.0,0.4096339829751277,227,-85.0,117.0,-0.37,129.0,2.0
2025-05-28 07:31:47,130.07,29.0,132.0,56.0,127.62,21.0,440.0,45.0,131.03,1.9300000000000068,50.0,101.0,0.3568332944220562,151,-51.0,-76.0,-0.34,130.88,8.0
2025-05-28 07:31:48,125.97,29.0,129.68,31.0,124.21,56.0,231.19,31.0,127.82,3.710000000000008,85.0,62.0,1.4698197168387572,147,23.0,-4.0,0.16,128.0,2.0
2025-05-28 07:31:49,125.17,12.0,128.5,18.0,123.0,54.0,129.73,33.0,126.83,3.3299999999999983,66.0,51.0,2.1373511644106946,117,15.0,-30.0,0.13,128.0,1.0
2025-05-28 07:31:50,127.93,46.0,130.39,23.0,124.87,15.0,183.67,30.0,129.16,2.4599999999999795,61.0,53.0,1.9179025001307135,114,8.0,-3.0,0.07,128.0,3.0
2025-05-28 07:31:51,128.0,15.0,131.5,12.0,127.0,6.0,170.4,20.0,129.75,3.5,21.0,32.0,1.641392701338585,53,-11.0,-61.0,-0.21,128.0,3.0
2025-05-28 07:31:52,128.79,39.0,131.22,27.0,126.25,24.0,132.28,25.0,130.01,2.430000000000007,63.0,52.0,1.3509737229152603,115,11.0,62.0,0.1,129.0,1.0
2025-05-28 07:31:53,129.0,19.0,132.0,15.0,128.0,10.0,134.0,10.0,130.5,3.0,29.0,25.0,1.4365409844510764,54,4.0,-61.0,0.07,129.0,2.0
2025-05-28 07:31:54,129.0,18.0,132.0,18.0,128.0,12.0,134.0,12.0,130.5,3.0,30.0,30.0,0.562787704208154,60,0.0,6.0,0.0,129.0,
2025-05-28 07:31:55,130.0,30.0,132.0,30.0,129.0,30.0,134.0,20.0,131.0,2.0,60.0,50.0,0.4855615306096735,110,10.0,50.0,0.09,129.0,
2025-05-28 07:31:56,130.0,27.0,132.0,30.0,129.0,30.0,134.0,20.0,131.0,2.0,57.0,50.0,0.4147529385165286,107,7.0,-3.0,0.07,130.0,1.0
2025-05-28 07:31:57,130.18,22.0,132.0,26.0,128.86,28.0,134.0,20.0,131.09,1.8199999999999927,50.0,46.0,0.2926089540806404,96,4.0,-11.0,0.04,132.0,2.0
2025-05-28 07:31:58,129.0,27.0,131.67,9.0,128.0,18.0,133.6,15.0,130.33,2.6699999999999875,45.0,24.0,0.3441366007970574,69,21.0,-27.0,0.3,132.0,
2025-05-28 07:31:59,129.0,15.0,131.0,5.0,128.0,10.0,133.33,9.0,130.0,2.0,25.0,14.0,0.4893158489239072,39,11.0,-30.0,0.28,132.0,
2025-05-28 07:32:00,129.0,39.0,130.54,13.0,128.0,26.0,134.0,23.0,129.77,1.539999999999992,65.0,36.0,0.5896354806217524,101,29.0,62.0,0.29,132.0,
2025-05-28 07:32:01,128.0,14.0,134.44,16.0,121.0,44.0,311.85,34.0,131.22,6.439999999999998,58.0,50.0,0.6474333942638855,108,8.0,7.0,0.07,128.75,4.0
2025-05-28 07:32:02,123.69,13.0,135.08,24.0,120.76,25.0,244.33,39.0,129.39,11.390000000000017,38.0,63.0,0.6930872960947754,101,-25.0,-7.0,-0.25,122.8,5.0
2025-05-28 07:32:03,120.59,27.0,131.75,32.0,119.96,50.0,133.97,29.0,126.17,11.159999999999997,77.0,61.0,1.884263781960405,138,16.0,37.0,0.12,120.67,3.0
2025-05-28 07:32:04,120.18,57.0,130.45,51.0,119.48,21.0,131.17,36.0,125.31,10.269999999999982,78.0,87.0,2.5162710505840757,165,-9.0,27.0,-0.05,120.67,
2025-05-28 07:32:05,120.0,50.0,127.07,30.0,118.7,10.0,129.86,35.0,123.53,7.069999999999993,60.0,65.0,3.123680521437356,125,-5.0,-40.0,-0.04,124.0,1.0
2025-05-28 07:32:06,120.0,45.0,126.63,51.0,118.0,9.0,127.96,23.0,123.31,6.629999999999996,54.0,74.0,2.464004870126422,128,-20.0,3.0,-0.16,124.75,4.0
2025-05-28 07:32:07,120.0,40.0,125.47,38.0,118.0,8.0,126.33,18.0,122.74,5.469999999999999,48.0,56.0,1.4564408673222546,104,-8.0,-24.0,-0.08,124.75,
2025-05-28 07:32:08,120.0,35.0,125.0,28.0,118.0,7.0,126.0,28.0,122.5,5.0,42.0,56.0,1.105472749553868,98,-14.0,-6.0,-0.14,124.75,
2025-05-28 07:32:09,120.0,45.0,123.78,36.0,118.0,9.0,125.27,22.0,121.89,3.780000000000001,54.0,58.0,0.6546984038517165,112,-4.0,14.0,-0.04,124.75,
2025-05-28 07:32:10,120.0,50.0,123.0,40.0,118.0,10.0,124.0,20.0,121.5,3.0,60.0,60.0,0.7111750839321285,120,0.0,8.0,0.0,124.75,
2025-05-28 07:32:11,120.34,29.0,122.88,32.0,119.88,48.0,124.0,16.0,121.61,2.539999999999992,77.0,48.0,0.5477864547483569,125,29.0,5.0,0.23,124.75,
2025-05-28 07:32:12,119.22,91.0,122.0,38.0,119.22,46.0,125.0,28.0,120.61,2.780000000000001,137.0,66.0,0.6859081571213854,203,71.0,78.0,0.35,122.0,2.0
2025-05-28 07:32:13,119.0,52.0,121.44,9.0,117.0,6.0,123.5,12.0,120.22,2.4399999999999977,58.0,21.0,0.7136035313852691,79,37.0,-124.0,0.47,119.0,1.0
2025-05-28 07:32:14,119.0,64.0,122.0,11.0,117.0,8.0,125.0,16.0,120.5,3.0,72.0,27.0,0.6264742612473774,99,45.0,20.0,0.45,122.0,1.0
2025-05-28 07:32:15,119.05,84.0,122.0,11.0,106.11,56.0,125.0,46.0,120.52,2.950000000000003,140.0,57.0,0.5335447497683733,197,83.0,98.0,0.42,122.0,
2025-05-28 07:32:16,120.0,44.0,122.0,11.0,119.0,84.0,125.0,66.0,121.0,2.0,128.0,77.0,0.2812472222180398,205,51.0,8.0,0.25,122.0,
2025-05-28 07:32:17,121.59,46.0,124.91,131.0,120.27,59.0,126.0,48.0,123.25,3.319999999999993,105.0,179.0,1.2352408672018236,284,-74.0,79.0,-0.26,122.0,1.0
2025-05-28 07:32:18,123.62,13.0,125.0,70.0,121.43,21.0,127.0,20.0,124.31,1.3799999999999957,34.0,90.0,1.753832945296032,124,-56.0,-160.0,-0.45,124.67,9.0
2025-05-28 07:32:19,120.33,24.0,125.0,50.0,117.89,38.0,127.0,20.0,122.67,4.670000000000002,62.0,70.0,1.5752301419176442,132,-8.0,8.0,-0.06,124.67,
2025-05-28 07:32:20,120.3,23.0,125.0,90.0,117.92,50.0,127.0,26.0,122.65,4.700000000000003,73.0,116.0,1.1999083298344109,189,-43.0,57.0,-0.23,125.0,1.0
2025-05-28 07:32:21,118.24,46.0,125.0,78.0,117.1,82.0,127.0,26.0,121.62,6.760000000000005,128.0,104.0,0.982903861018992,232,24.0,43.0,0.1,124.0,1.0
2025-05-28 07:32:22,120.74,39.0,125.0,66.0,118.54,52.0,126.05,42.0,122.87,4.260000000000005,91.0,108.0,0.9635766705384792,199,-17.0,-33.0,-0.09,124.0,
2025-05-28 07:32:23,121.0,40.0,125.0,54.0,118.0,80.0,126.0,36.0,123.0,4.0,120.0,90.0,0.5462325512141729,210,30.0,11.0,0.14,124.0,
2025-05-28 07:32:24,121.87,31.0,125.0,60.0,119.82,44.0,126.0,40.0,123.44,3.1299999999999955,75.0,100.0,0.6771484327723047,175,-25.0,-35.0,-0.14,124.0,
2025-05-28 07:32:25,122.18,33.0,125.0,63.0,120.0,44.0,126.0,44.0,123.59,2.819999999999993,77.0,107.0,0.7773223269699944,184,-30.0,9.0,-0.16,125.0,1.0
2025-05-28 07:32:26,120.46,46.0,125.16,31.0,118.33,48.0,126.09,44.0,122.81,4.700000000000003,94.0,75.0,0.3513829819529108,169,19.0,-15.0,0.11,125.38,8.0
2025-05-28 07:32:27,120.0,48.0,126.17,12.0,118.0,48.0,158.67,30.0,123.08,6.170000000000002,96.0,42.0,0.3220714206602829,138,54.0,-31.0,0.39,126.5,2.0
2025-05-28 07:32:28,120.0,36.0,126.06,36.0,118.0,36.0,156.94,16.0,123.03,6.060000000000002,72.0,52.0,0.3180408778854293,124,20.0,-14.0,0.16,126.5,
2025-05-28 07:32:29,120.0,28.0,126.0,28.0,118.0,28.0,127.0,7.0,123.0,6.0,56.0,35.0,0.2913245612819311,91,21.0,-33.0,0.23,126.0,3.0
2025-05-28 07:32:30,120.86,28.0,124.31,52.0,119.0,56.0,126.0,40.0,122.58,3.450000000000003,84.0,92.0,0.2060339777950558,176,-8.0,85.0,-0.05,126.0,
2025-05-28 07:32:31,119.21,38.0,124.0,32.0,116.96,46.0,126.0,46.0,121.61,4.790000000000006,84.0,78.0,0.6200403212743446,162,6.0,-14.0,0.04,123.0,1.0
2025-05-28 07:32:32,119.0,42.0,123.29,28.0,116.0,42.0,125.92,50.0,121.14,4.290000000000006,84.0,78.0,0.8542657666124098,162,6.0,0.0,0.04,123.0,
2025-05-28 07:32:33,119.14,42.0,122.25,32.0,117.89,54.0,124.52,27.0,120.7,3.1099999999999994,96.0,59.0,0.9656500401313944,155,37.0,-7.0,0.24,122.0,4.0
2025-05-28 07:32:34,121.23,26.0,124.0,20.0,119.52,46.0,125.0,72.0,122.62,2.769999999999996,72.0,92.0,0.8570297544459848,164,-20.0,9.0,-0.12,122.0,
2025-05-28 07:32:35,123.0,16.0,124.36,22.0,120.5,40.0,125.08,61.0,123.68,1.3599999999999994,56.0,83.0,1.2016655108663994,139,-27.0,-25.0,-0.19,124.0,2.0
2025-05-28 07:32:36,124.0,18.0,125.83,46.0,118.17,58.0,164.67,45.0,124.91,1.8299999999999983,76.0,91.0,1.749571376082142,167,-15.0,28.0,-0.09,125.11,9.0
2025-05-28 07:32:37,118.14,56.0,172.4,30.0,118.0,30.0,315.59,32.0,145.27,54.260000000000005,86.0,62.0,10.088450326983189,148,24.0,-19.0,0.16,126.0,4.0
2025-05-28 07:32:38,117.0,92.0,119.56,36.0,15.25,80.0,176.3,33.0,118.28,2.5600000000000023,172.0,69.0,10.540335383658675,241,103.0,93.0,0.43,117.0,4.0
2025-05-28 07:32:39,117.0,32.0,119.0,16.0,53.25,40.0,121.0,16.0,118.0,2.0,72.0,32.0,11.197074171407769,104,40.0,-137.0,0.38,117.0,
2025-05-28 07:32:40,117.0,70.0,119.0,32.0,13.0,80.0,121.0,32.0,118.0,2.0,150.0,64.0,11.768401335780773,214,86.0,110.0,0.4,117.0,
2025-05-28 07:32:41,117.0,70.0,124.04,25.0,10.08,24.0,296.35,34.0,120.52,7.040000000000006,94.0,59.0,11.929383051943905,153,35.0,-61.0,0.23,121.0,10.0
2025-05-28 07:32:42,118.3,20.0,125.0,24.0,117.07,44.0,127.0,32.0,121.65,6.700000000000003,64.0,56.0,1.6904733065048116,120,8.0,-33.0,0.07,121.0,
2025-05-28 07:32:43,120.0,18.0,125.0,33.0,118.0,11.0,143.76,34.0,122.5,5.0,29.0,67.0,2.070816264183165,96,-38.0,-24.0,-0.4,120.0,1.0
2025-05-28 07:32:44,120.0,8.0,124.0,8.0,118.0,8.0,125.0,24.0,122.0,4.0,16.0,32.0,1.7945138617479997,48,-16.0,-48.0,-0.33,120.0,
2025-05-28 07:32:45,123.39,66.0,296.61,38.0,122.35,74.0,330.81,37.0,210.0,173.22000000000003,140.0,75.0,39.5102047577586,215,65.0,167.0,0.3,124.62,8.0
2025-05-28 07:32:46,127.58,76.0,426.09,56.0,125.15,75.0,499.53,38.0,276.83,298.51,151.0,94.0,70.54935385955011,245,57.0,30.0,0.23,128.0,1.0
2025-05-28 07:32:47,132.22,40.0,289.0,28.0,129.59,27.0,525.64,28.0,210.61,156.78,67.0,56.0,66.20324440690217,123,11.0,-122.0,0.09,128.0,
2025-05-28 07:32:48,133.0,102.0,287.17,47.0,130.78,18.0,361.55,29.0,210.09,154.17000000000002,120.0,76.0,55.06093197540365,196,44.0,73.0,0.22,133.0,5.0
2025-05-28 07:32:49,133.0,48.0,347.65,23.0,129.0,8.0,491.05,19.0,240.33,214.65,56.0,42.0,29.458538999754115,98,14.0,-98.0,0.14,133.0,4.0
2025-05-28 07:32:50,133.0,48.0,344.88,24.0,130.0,32.0,471.18,22.0,238.94,211.88,80.0,46.0,27.42450364181703,126,34.0,28.0,0.27,133.0,
2025-05-28 07:32:51,133.0,41.0,343.0,24.0,131.56,18.0,451.0,40.0,238.0,210.0,59.0,64.0,15.764426091679775,123,-5.0,-3.0,-0.04,133.0,3.0
2025-05-28 07:32:52,133.0,15.0,342.6,15.0,130.22,18.0,404.0,10.0,237.8,209.6,33.0,25.0,12.86385906328406,58,8.0,-65.0,0.14,133.0,
2025-05-28 07:32:53,133.0,18.0,341.83,18.0,130.0,24.0,413.5,12.0,237.42,208.83,42.0,30.0,1.1671418080235665,72,12.0,14.0,0.17,133.0,
2025-05-28 07:32:54,133.0,33.0,315.15,26.0,130.0,44.0,389.29,35.0,224.08,182.15,77.0,61.0,6.268151242594234,138,16.0,66.0,0.12,133.0,
2025-05-28 07:32:55,133.0,30.0,338.6,30.0,130.0,36.0,340.0,33.0,235.8,205.6,66.0,63.0,5.955266576739912,129,3.0,-9.0,0.02,133.0,
2025-05-28 07:32:56,133.0,25.0,317.1,40.0,130.91,44.0,337.77,35.0,225.05,184.1,69.0,75.0,6.864415488592948,144,-6.0,15.0,-0.04,133.0,2.0
2025-05-28 07:32:57,132.64,22.0,313.4,20.0,130.86,28.0,337.36,25.0,223.02,180.76,50.0,45.0,6.940430822364983,95,5.0,-49.0,0.05,133.0,3.0
2025-05-28 07:32:58,131.0,36.0,275.15,27.0,130.0,36.0,292.42,31.0,203.07,144.14999999999998,72.0,58.0,11.866403414684342,130,14.0,35.0,0.11,133.0,
2025-05-28 07:32:59,130.84,19.0,263.53,17.0,129.67,24.0,270.6,15.0,197.19,132.68999999999997,43.0,32.0,16.130813060724215,75,11.0,-55.0,0.15,130.8,5.0
2025-05-28 07:33:00,130.0,24.0,262.9,31.0,129.0,64.0,271.76,25.0,196.45,132.89999999999998,88.0,56.0,14.020491432186994,144,32.0,69.0,0.22,130.8,
2025-05-28 07:33:01,130.48,29.0,260.07,29.0,129.08,78.0,261.65,34.0,195.28,129.59,107.0,63.0,11.587302101871146,170,44.0,26.0,0.26,130.8,
2025-05-28 07:33:04,129.22,36.0,151.96,46.0,128.35,68.0,153.69,26.0,140.59,22.74000000000001,104.0,72.0,25.448121148721786,176,32.0,16.0,0.18,129.5,2.0
2025-05-28 07:33:05,129.58,24.0,150.0,36.0,128.04,23.0,151.0,18.0,139.79,20.419999999999987,47.0,54.0,27.35388509883044,101,-7.0,-75.0,-0.07,129.0,4.0
2025-05-28 07:33:06,131.88,16.0,147.16,63.0,130.03,29.0,148.17,48.0,139.52,15.28,45.0,111.0,23.535323027313964,156,-66.0,55.0,-0.42,129.0,
2025-05-28 07:33:07,133.0,15.0,141.76,50.0,132.0,15.0,142.8,50.0,137.38,8.759999999999991,30.0,100.0,9.572714870924129,130,-70.0,-26.0,-0.54,129.0,
2025-05-28 07:33:08,133.0,15.0,137.19,54.0,132.0,15.0,138.35,51.0,135.09,4.189999999999998,30.0,105.0,2.2333674126776897,135,-75.0,5.0,-0.56,129.0,
2025-05-28 07:33:10,129.79,39.0,135.14,29.0,127.93,28.0,138.32,40.0,132.47,5.349999999999994,67.0,69.0,2.7724952660031725,136,-2.0,55.0,-0.01,130.8,5.0
2025-05-28 07:33:11,127.97,58.0,130.47,32.0,124.38,64.0,131.78,41.0,129.22,2.5,122.0,73.0,3.050218024995836,195,49.0,59.0,0.25,129.0,6.0
2025-05-28 07:33:12,125.0,30.0,127.8,20.0,124.0,80.0,132.5,20.0,126.4,2.799999999999997,110.0,40.0,3.600023611034932,150,70.0,-45.0,0.47,127.0,2.0
2025-05-28 07:33:13,124.11,61.0,148.1,20.0,75.61,36.0,262.08,26.0,136.11,23.989999999999995,97.0,46.0,3.875638011993516,143,51.0,-7.0,0.36,125.18,11.0
2025-05-28 07:33:14,124.37,19.0,382.82,33.0,80.54,39.0,573.17,24.0,253.59,258.45,58.0,57.0,54.921381719691055,115,1.0,-28.0,0.01,125.18,
2025-05-28 07:33:15,124.55,11.0,213.5,20.0,104.55,33.0,250.94,16.0,169.02,88.95,44.0,36.0,53.49397601599657,80,8.0,-35.0,0.1,124.4,5.0
2025-05-28 07:33:16,124.0,9.0,125.0,18.0,100.56,54.0,237.33,9.0,124.5,1.0,63.0,27.0,54.27218836568152,90,36.0,10.0,0.4,124.4,
2025-05-28 07:33:17,124.0,6.0,125.0,12.0,108.0,36.0,126.0,6.0,124.5,1.0,42.0,18.0,54.5888288022377,60,24.0,-30.0,0.4,124.4,
2025-05-28 07:33:18,124.0,2.0,125.0,4.0,113.0,12.0,126.0,2.0,124.5,1.0,14.0,6.0,56.16531865840357,20,8.0,-40.0,0.4,124.4,
2025-05-28 07:33:19,124.0,11.0,125.0,16.0,92.0,36.0,126.0,11.0,124.5,1.0,47.0,27.0,19.90994927165842,74,20.0,54.0,0.27,125.0,1.0
2025-05-28 07:33:20,124.0,10.0,125.0,10.0,106.98,43.0,126.0,10.0,124.5,1.0,53.0,20.0,0.0,73,33.0,-1.0,0.45,125.0,1.0
2025-05-28 07:33:21,124.0,9.0,242.17,18.0,103.2,30.0,457.78,32.0,183.08,118.17,39.0,50.0,26.19777242438777,89,-11.0,16.0,-0.12,125.5,2.0
2025-05-28 07:33:22,124.0,7.0,266.71,35.0,87.6,10.0,505.84,32.0,195.36,142.70999999999998,17.0,67.0,35.71348932826385,84,-50.0,-5.0,-0.6,125.5,
2025-05-28 07:33:23,125.0,24.0,267.0,10.0,124.0,2.0,680.0,10.0,196.0,142.0,26.0,20.0,37.04601625006417,46,6.0,-38.0,0.13,125.5,
2025-05-28 07:33:24,125.25,96.0,232.35,31.0,124.0,8.0,348.43,28.0,178.8,107.1,104.0,59.0,29.512728101617792,163,45.0,117.0,0.28,125.5,
2025-05-28 07:33:25,133.0,82.0,187.84,19.0,128.0,108.0,358.48,42.0,160.42,54.84,190.0,61.0,14.568058209659316,251,129.0,88.0,0.51,133.0,5.0
2025-05-28 07:33:26,133.0,39.0,186.0,18.0,129.0,72.0,212.33,15.0,159.5,53.0,111.0,33.0,17.86977000411648,144,78.0,-107.0,0.54,133.0,3.0
2025-05-28 07:33:27,133.0,50.0,185.6,30.0,129.0,120.0,227.5,50.0,159.3,52.6,170.0,80.0,16.330372928993977,250,90.0,106.0,0.36,133.0,
2025-05-28 07:33:28,133.0,35.0,185.0,21.0,129.0,84.0,288.71,34.0,159.0,52.0,119.0,55.0,8.622939174087781,174,64.0,-76.0,0.37,133.0,
2025-05-28 07:33:29,133.0,85.0,184.33,45.0,129.0,132.0,212.33,43.0,158.67,51.33000000000001,217.0,88.0,0.6616041112453169,305,129.0,131.0,0.42,133.0,
2025-05-28 07:33:30,133.0,189.0,181.51,37.0,129.0,108.0,184.35,31.0,157.26,48.50999999999999,297.0,68.0,0.887963963242082,365,229.0,60.0,0.63,133.0,
2025-05-28 07:33:34,133.0,63.0,134.0,45.0,131.0,9.0,136.86,43.0,133.5,1.0,72.0,88.0,9.4421671241306,160,-16.0,-176.0,-0.1,133.0,6.0
2025-05-28 07:33:35,129.37,70.0,132.5,40.0,127.97,80.0,261.2,30.0,130.94,3.1299999999999955,150.0,70.0,3.555598402521262,220,80.0,60.0,0.36,131.75,8.0
2025-05-28 07:33:36,129.0,100.0,130.17,29.0,126.0,49.0,153.67,27.0,129.59,1.1699999999999875,149.0,56.0,3.747906082069194,205,93.0,-15.0,0.45,129.0,5.0
2025-05-28 07:33:37,129.0,48.0,247.79,38.0,126.0,56.0,334.82,17.0,188.39,118.79,104.0,55.0,25.13996161492721,159,49.0,-46.0,0.31,129.0,4.0
2025-05-28 07:33:41,132.55,97.0,173.93,56.0,130.72,64.0,435.48,48.0,153.24,41.38,161.0,104.0,17.135787697098152,265,57.0,-107.0,0.22,137.0,5.0
2025-05-28 07:33:42,131.06,66.0,173.0,44.0,130.47,34.0,392.36,44.0,152.03,41.94,100.0,88.0,21.58323840391008,188,12.0,-77.0,0.06,131.4,5.0
2025-05-28 07:33:43,131.0,44.0,143.93,41.0,130.0,22.0,153.0,14.0,137.46,12.930000000000009,66.0,55.0,24.47633591859729,121,11.0,-67.0,0.09,131.4,
2025-05-28 07:33:44,131.0,18.0,142.33,24.0,130.0,12.0,145.0,6.0,136.67,11.330000000000013,30.0,30.0,20.309904726512457,60,0.0,-61.0,0.0,131.0,3.0
2025-05-28 07:33:45,131.97,33.0,142.0,36.0,130.8,10.0,145.0,9.0,136.98,10.03,43.0,45.0,8.558891867526462,88,-2.0,28.0,-0.02,131.0,
2025-05-28 07:33:46,132.38,32.0,141.75,32.0,131.0,8.0,145.0,8.0,137.06,9.370000000000005,40.0,40.0,6.708528154521651,80,0.0,-8.0,0.0,131.0,
2025-05-28 07:33:53,132.5,28.0,137.09,23.0,130.46,26.0,191.41,17.0,134.79,4.590000000000003,54.0,40.0,1.534770341128869,94,14.0,-19.0,0.15,137.0,4.0
2025-05-28 07:33:54,131.0,42.0,134.25,28.0,130.0,28.0,190.7,23.0,132.62,3.25,70.0,51.0,2.420427648166432,121,19.0,27.0,0.16,134.0,3.0
2025-05-28 07:33:55,131.0,29.0,134.8,10.0,130.0,20.0,287.33,30.0,132.9,3.8000000000000114,49.0,40.0,2.442758686405218,89,9.0,-32.0,0.1,134.0,
2025-05-28 07:33:56,131.0,20.0,219.0,18.0,130.0,24.0,303.17,48.0,175.0,88.0,44.0,66.0,18.237662130876604,110,-22.0,21.0,-0.2,134.0,1.0
2025-05-28 07:33:57,131.27,22.0,304.63,46.0,130.18,67.0,404.67,48.0,217.95,173.36,89.0,94.0,37.72842257502976,183,-5.0,73.0,-0.03,134.0,
2025-05-28 07:33:59,132.11,37.0,222.0,36.0,131.42,24.0,457.72,39.0,177.05,89.88999999999999,61.0,75.0,32.33119437942278,136,-14.0,64.0,-0.1,134.0,1.0
2025-05-28 07:34:00,131.92,26.0,384.0,32.0,130.78,18.0,521.22,36.0,257.96,252.08,44.0,68.0,42.74261491766767,112,-24.0,-24.0,-0.21,132.0,5.0
2025-05-28 07:34:01,131.64,33.0,321.0,36.0,130.19,32.0,497.57,42.0,226.32,189.36,65.0,78.0,42.77022153321198,143,-13.0,31.0,-0.09,132.0,
2025-05-28 07:34:02,132.0,61.0,302.49,37.0,131.0,18.0,522.82,44.0,217.24,170.49,79.0,81.0,42.720532768213815,160,-2.0,17.0,-0.01,132.0,1.0
2025-05-28 07:34:03,132.0,66.0,245.0,50.0,131.0,22.0,334.82,34.0,188.5,113.0,88.0,84.0,32.04916972403548,172,4.0,12.0,0.02,132.0,
2025-05-28 07:34:04,132.12,41.0,382.64,44.0,131.71,42.0,527.94,34.0,257.38,250.52,83.0,78.0,29.27748281529746,161,5.0,-11.0,0.03,133.0,1.0
2025-05-28 07:34:05,132.0,78.0,265.75,48.0,131.0,26.0,354.22,46.0,198.88,133.75,104.0,94.0,26.72005014965417,198,10.0,37.0,0.05,133.0,
2025-05-28 07:34:06,132.0,60.0,153.0,40.0,131.0,44.0,270.8,44.0,142.5,21.0,104.0,84.0,41.908789054326384,188,20.0,-10.0,0.11,133.0,
2025-05-28 07:34:07,132.0,72.0,142.4,40.0,131.0,96.0,186.73,44.0,137.2,10.400000000000006,168.0,84.0,48.823151475504126,252,84.0,64.0,0.33,133.0,
2025-05-28 07:34:08,132.0,48.0,223.74,39.0,131.0,64.0,430.53,30.0,177.87,91.74,112.0,69.0,48.85819255764604,181,43.0,-71.0,0.24,134.67,6.0
2025-05-28 07:34:15,132.2,45.0,328.6,40.0,131.09,67.0,606.8,50.0,230.4,196.40000000000003,112.0,90.0,51.47447785067919,202,22.0,92.0,0.11,134.0,2.0
2025-05-28 07:34:16,132.0,36.0,424.0,24.0,131.0,60.0,676.83,30.0,278.0,292.0,96.0,54.0,48.52344330321231,150,42.0,-52.0,0.28,134.0,
2025-05-28 07:34:17,132.0,33.0,262.67,36.0,131.0,88.0,582.44,45.0,197.33,130.67000000000002,121.0,81.0,32.38272795797237,202,40.0,52.0,0.2,132.0,5.0
2025-05-28 07:34:18,132.0,11.0,369.64,44.0,131.0,88.0,633.62,16.0,250.82,237.64,99.0,60.0,30.5988390302646,159,39.0,-43.0,0.25,132.0,
2025-05-28 07:34:19,132.0,11.0,378.91,44.0,131.0,88.0,409.45,44.0,255.45,246.91000000000005,99.0,88.0,30.347420812979216,187,11.0,28.0,0.06,132.0,
2025-05-28 07:34:20,131.09,35.0,376.6,45.0,130.43,56.0,379.64,44.0,253.84,245.51,91.0,89.0,29.836431924746726,180,2.0,-7.0,0.01,131.2,5.0
2025-05-28 07:34:21,131.0,16.0,320.73,73.0,130.0,64.0,347.55,71.0,225.86,189.73,80.0,144.0,25.060980627262825,224,-64.0,44.0,-0.29,131.0,3.0
2025-05-28 07:34:22,131.0,11.0,165.5,40.0,130.0,84.0,167.38,47.0,148.25,34.5,95.0,87.0,45.55195089126304,182,8.0,-42.0,0.04,131.0,
2025-05-28 07:34:23,131.0,12.0,161.54,48.0,130.0,81.0,163.5,32.0,146.27,30.539999999999992,93.0,80.0,54.84318854698397,173,13.0,-9.0,0.08,131.0,
2025-05-28 07:34:24,130.0,66.0,158.44,54.0,129.0,98.0,159.74,39.0,144.22,28.44,164.0,93.0,52.23375891126377,257,71.0,84.0,0.28,130.5,2.0
2025-05-28 07:34:29,132.0,30.0,149.0,12.0,130.0,36.0,150.0,24.0,140.5,17.0,66.0,36.0,1.6923504365278288,102,30.0,-37.0,0.29,130.5,
2025-05-28 07:34:30,132.0,47.0,144.88,34.0,130.0,66.0,149.78,36.0,138.44,12.879999999999995,113.0,70.0,2.366653755836636,183,43.0,81.0,0.23,132.0,1.0
2025-05-28 07:34:31,132.0,40.0,139.5,28.0,130.0,65.0,140.91,44.0,135.75,7.5,105.0,72.0,2.9615249450266674,177,33.0,-6.0,0.19,132.0,
2025-05-28 07:34:32,132.0,50.0,134.12,48.0,130.0,112.0,137.25,40.0,133.06,2.1200000000000045,162.0,88.0,3.613256149239165,250,74.0,73.0,0.3,132.0,2.0
2025-05-28 07:34:33,130.83,41.0,132.82,44.0,129.52,84.0,139.83,36.0,131.82,1.989999999999981,125.0,80.0,3.6174963718038575,205,45.0,-45.0,0.22,130.86,7.0
2025-05-28 07:34:34,129.54,71.0,177.16,38.0,128.95,117.0,253.18,72.0,153.35,47.620000000000005,188.0,110.0,8.69343602955787,298,78.0,93.0,0.26,129.38,8.0
2025-05-28 07:34:35,129.0,66.0,369.18,55.0,128.0,22.0,602.14,35.0,249.09,240.18,88.0,90.0,50.21778599261444,178,-2.0,-120.0,-0.01,129.38,
2025-05-28 07:34:36,129.0,12.0,132.0,10.0,128.0,4.0,573.0,10.0,130.5,3.0,16.0,20.0,50.91764458417163,36,-4.0,-142.0,-0.11,129.38,
2025-05-28 07:34:39,129.12,42.0,196.56,27.0,126.62,63.0,210.5,40.0,162.84,67.44,105.0,67.0,87.43818702374865,172,38.0,141.0,0.22,129.78,9.0
2025-05-28 07:34:40,128.0,24.0,129.0,12.0,125.32,44.0,251.11,44.0,128.5,1.0,68.0,56.0,98.60813364018225,124,12.0,-48.0,0.1,129.78,
2025-05-28 07:34:41,122.92,50.0,129.0,14.0,113.91,65.0,277.83,42.0,125.96,6.079999999999998,115.0,56.0,99.55340215181016,171,59.0,47.0,0.35,125.75,8.0
2025-05-28 07:34:42,97.2,20.0,119.72,18.0,91.6,20.0,121.8,55.0,108.46,22.52,40.0,73.0,76.75986594568822,113,-33.0,-58.0,-0.29,125.75,
2025-05-28 07:34:43,95.55,22.0,119.63,49.0,85.73,22.0,127.64,53.0,107.59,24.08,44.0,102.0,22.404086680782527,146,-58.0,33.0,-0.4,119.25,4.0
2025-05-28 07:34:45,99.64,22.0,118.13,15.0,64.18,55.0,120.0,77.0,108.88,18.489999999999995,77.0,92.0,8.65285790938534,169,-15.0,75.0,-0.09,119.25,
2025-05-28 07:34:47,118.65,17.0,309.65,54.0,113.02,43.0,519.56,54.0,214.15,191.0,60.0,108.0,48.14391321859928,168,-48.0,67.0,-0.29,132.8,5.0
2025-05-28 07:34:50,129.0,22.0,175.38,39.0,108.5,40.0,380.4,35.0,152.19,46.38,62.0,74.0,94.39422265160115,136,-12.0,32.0,-0.09,132.8,
2025-05-28 07:34:51,129.0,12.0,138.0,6.0,86.17,24.0,200.0,6.0,133.5,9.0,36.0,12.0,86.59429351868434,48,24.0,-88.0,0.5,132.8,
2025-05-28 07:34:52,116.92,26.0,136.7,54.0,99.21,34.0,169.0,14.0,126.81,19.779999999999987,60.0,68.0,97.63520333363395,128,-8.0,80.0,-0.06,129.0,2.0
2025-05-28 07:34:53,111.55,38.0,136.0,50.0,110.04,52.0,186.05,19.0,123.78,24.450000000000003,90.0,69.0,77.45619232830926,159,21.0,31.0,0.13,129.0,
2025-05-28 07:34:54,114.8,80.0,135.6,50.0,112.0,10.0,206.68,19.0,125.2,20.8,90.0,69.0,11.728091490094252,159,21.0,0.0,0.13,129.0,
2025-05-28 07:34:55,115.69,104.0,133.15,65.0,113.38,29.0,294.46,13.0,124.42,17.460000000000008,133.0,78.0,3.943921905922987,211,55.0,52.0,0.26,129.0,
2025-05-28 07:34:56,125.61,124.0,131.27,63.0,125.14,56.0,152.31,16.0,128.44,5.660000000000011,180.0,79.0,1.8914280319427568,259,101.0,48.0,0.39,130.0,4.0
2025-05-28 07:34:57,128.89,38.0,300.88,8.0,126.72,29.0,545.86,22.0,214.88,171.99,67.0,30.0,40.029992255807706,97,37.0,-162.0,0.38,130.0,1.0
2025-05-28 07:34:58,132.28,85.0,293.12,40.0,129.03,64.0,530.42,40.0,212.7,160.84,149.0,80.0,48.10341068988801,229,69.0,132.0,0.3,132.0,1.0
2025-05-28 07:34:59,133.0,60.0,207.79,14.0,128.03,116.0,268.33,27.0,170.39,74.78999999999999,176.0,41.0,43.71009242726484,217,135.0,-12.0,0.62,132.0,
2025-05-28 07:35:00,133.0,78.0,158.93,15.0,128.48,58.0,171.91,23.0,145.97,25.930000000000007,136.0,38.0,38.865660035564005,174,98.0,-43.0,0.56,132.0,
2025-05-28 07:35:06,132.0,24.0,140.42,12.0,130.0,180.0,141.67,12.0,136.21,8.419999999999987,204.0,24.0,2.387599212603289,228,180.0,104.0,0.79,132.0,
2025-05-28 07:35:07,130.36,55.0,139.0,8.0,129.56,96.0,140.0,8.0,134.68,8.639999999999986,151.0,16.0,2.638118647829035,167,135.0,-61.0,0.81,132.0,2.0
2025-05-28 07:35:08,130.62,39.0,137.77,13.0,129.89,132.0,138.77,13.0,134.19,7.150000000000006,171.0,26.0,2.392293878273067,197,145.0,30.0,0.74,132.0,
2025-05-28 07:35:09,131.0,16.0,135.88,8.0,130.0,94.0,137.62,8.0,133.44,4.879999999999996,110.0,16.0,1.72815797889611,126,94.0,-71.0,0.75,132.0,
2025-05-28 07:35:10,130.76,50.0,133.54,13.0,129.68,133.0,176.62,16.0,132.15,2.780000000000001,183.0,29.0,1.502408067078285,212,154.0,86.0,0.73,133.0,1.0
2025-05-28 07:35:11,130.61,18.0,134.0,9.0,129.84,87.0,374.57,23.0,132.31,3.3899999999999864,105.0,32.0,1.1184945239122304,137,73.0,-75.0,0.53,133.0,
2025-05-28 07:35:12,132.0,10.0,391.06,16.0,130.0,100.0,431.53,38.0,261.53,259.06,110.0,54.0,57.47640455004147,164,56.0,27.0,0.34,133.0,
2025-05-28 07:35:14,132.0,11.0,430.2,40.0,130.04,94.0,535.76,34.0,281.1,298.2,105.0,74.0,99.87870033195291,179,31.0,7.0,0.17,133.0,
2025-05-28 07:35:16,132.67,36.0,277.36,45.0,131.18,117.0,371.3,43.0,205.01,144.69000000000003,153.0,88.0,64.22948800979236,241,65.0,87.0,0.27,132.6,5.0
2025-05-28 07:35:17,132.0,98.0,204.85,72.0,130.0,190.0,276.28,58.0,168.42,72.85,288.0,130.0,77.04814488357302,418,158.0,176.0,0.38,132.0,1.0
2025-05-28 07:35:18,132.0,55.0,143.0,17.0,130.0,110.0,155.87,30.0,137.5,11.0,165.0,47.0,53.744985998696215,212,118.0,-176.0,0.56,132.0,2.0
2025-05-28 07:35:19,132.0,51.0,137.7,27.0,130.0,170.0,141.06,34.0,134.85,5.699999999999989,221.0,61.0,34.94463149040274,282,160.0,70.0,0.57,132.0,
2025-05-28 07:35:20,130.15,78.0,132.86,28.0,129.69,29.0,134.71,14.0,131.51,2.710000000000008,107.0,42.0,31.40103612940253,149,65.0,-133.0,0.44,131.2,5.0
2025-05-28 07:35:21,130.0,72.0,131.38,52.0,129.0,13.0,132.57,35.0,130.69,1.3799999999999957,85.0,87.0,15.791302352878947,172,-2.0,23.0,-0.01,130.4,10.0
2025-05-28 07:35:22,130.84,55.0,356.08,52.0,129.46,13.0,605.0,32.0,243.46,225.24,68.0,84.0,49.18939997601155,152,-16.0,-20.0,-0.11,130.86,7.0
2025-05-28 07:35:24,130.0,8.0,249.0,40.0,129.0,8.0,524.5,32.0,189.5,119.0,16.0,72.0,93.03593311188996,88,-56.0,2.0,-0.64,130.86,
2025-05-28 07:35:25,129.8,10.0,277.0,40.0,128.31,26.0,537.8,50.0,203.4,147.2,36.0,90.0,82.92540636017446,126,-54.0,38.0,-0.43,130.0,1.0
2025-05-28 07:35:26,129.0,8.0,193.89,37.0,128.0,72.0,404.87,30.0,161.45,64.88999999999999,80.0,67.0,75.02418476731397,147,13.0,21.0,0.09,130.0,
2025-05-28 07:35:27,128.58,73.0,154.0,55.0,125.87,103.0,377.5,32.0,141.29,25.419999999999987,176.0,87.0,83.92604262086982,263,89.0,116.0,0.34,130.0,
2025-05-28 07:35:28,133.0,20.0,239.05,19.0,129.0,19.0,645.86,14.0,186.03,106.05,39.0,33.0,24.7464124672658,72,6.0,-176.0,0.08,130.0,
2025-05-28 07:35:31,131.8,10.0,307.33,30.0,129.86,14.0,483.79,19.0,219.57,175.52999999999997,24.0,49.0,104.17654726472786,73,-25.0,-32.0,-0.34,133.0,1.0
2025-05-28 07:35:32,130.0,16.0,180.0,32.0,129.0,8.0,396.67,36.0,155.0,50.0,24.0,68.0,100.53165506446254,92,-44.0,19.0,-0.48,133.0,
2025-05-28 07:35:33,130.0,6.0,336.07,14.0,129.0,3.0,527.5,14.0,233.04,206.07,9.0,28.0,94.06613646791324,37,-19.0,-55.0,-0.51,133.0,
2025-05-28 07:35:35,128.15,53.0,227.78,9.0,125.09,86.0,234.05,41.0,177.96,99.63,139.0,50.0,55.490125067439344,189,89.0,100.0,0.47,129.67,3.0
2025-05-28 07:35:36,128.0,62.0,219.56,16.0,125.0,144.0,349.19,16.0,173.78,91.56,206.0,32.0,58.62244211903882,238,174.0,49.0,0.73,128.0,2.0
2025-05-28 07:35:37,128.38,42.0,203.83,18.0,125.28,106.0,205.53,30.0,166.11,75.45000000000002,148.0,48.0,56.28929027799212,196,100.0,-42.0,0.51,128.0,
2025-05-28 07:35:38,129.33,30.0,202.11,18.0,125.88,85.0,203.33,12.0,165.72,72.78,115.0,30.0,57.41949216076412,145,85.0,-51.0,0.59,136.0,1.0
2025-05-28 07:35:39,128.0,45.0,200.44,9.0,125.0,108.0,201.71,14.0,164.22,72.44,153.0,23.0,5.990243734610679,176,130.0,31.0,0.74,136.0,
2025-05-28 07:35:40,127.39,59.0,195.36,14.0,124.97,134.0,196.07,15.0,161.37,67.97000000000001,193.0,29.0,4.608041883494678,222,164.0,46.0,0.74,128.0,5.0
2025-05-28 07:35:41,125.0,162.0,190.07,15.0,123.0,30.0,193.0,30.0,157.53,65.07,192.0,45.0,3.5754789888964305,237,147.0,15.0,0.62,125.0,2.0
2025-05-28 07:35:42,126.46,101.0,187.17,23.0,124.63,86.0,189.05,21.0,156.81,60.71,187.0,44.0,3.946397091023545,231,143.0,-6.0,0.62,125.0,
2025-05-28 07:35:43,132.0,24.0,184.4,15.0,125.0,80.0,185.69,13.0,158.2,52.400000000000006,104.0,28.0,3.1025360594259928,132,76.0,-99.0,0.58,125.0,
2025-05-28 07:35:44,130.25,48.0,154.84,19.0,125.57,111.0,173.3,27.0,142.55,24.590000000000003,159.0,46.0,7.332633906042013,205,113.0,73.0,0.55,132.0,3.0
2025-05-28 07:35:45,126.67,69.0,132.0,30.0,125.14,138.0,133.09,23.0,129.33,5.329999999999998,207.0,53.0,12.71653569176898,260,154.0,55.0,0.59,128.8,5.0
2025-05-28 07:35:46,125.0,142.0,128.59,34.0,123.51,74.0,130.12,34.0,126.79,3.5900000000000034,216.0,68.0,14.75841387141694,284,148.0,24.0,0.52,125.0,4.0
2025-05-28 07:35:47,125.78,27.0,129.22,18.0,124.11,56.0,269.17,29.0,127.5,3.4399999999999977,83.0,47.0,13.541474439662384,130,36.0,-154.0,0.28,126.5,4.0
2025-05-28 07:35:48,132.0,44.0,133.0,9.0,125.0,18.0,386.0,45.0,132.5,1.0,62.0,54.0,6.4366474192725445,116,8.0,-14.0,0.07,126.5,
2025-05-28 07:35:49,132.0,64.0,345.68,41.0,128.0,30.0,515.31,13.0,238.84,213.68,94.0,54.0,49.15810787652464,148,40.0,32.0,0.27,132.0,1.0
2025-05-28 07:35:53,132.0,42.0,193.2,15.0,130.0,51.0,199.0,23.0,162.6,61.19999999999999,93.0,38.0,56.384352173276326,131,55.0,-40.0,0.42,132.0,
2025-05-28 07:35:54,132.0,48.0,191.53,19.0,130.0,72.0,193.43,21.0,161.76,59.53,120.0,40.0,55.00872776205651,160,80.0,29.0,0.5,132.0,
2025-05-28 07:35:55,132.0,54.0,191.0,27.0,130.0,81.0,192.0,18.0,161.5,59.0,135.0,45.0,2.2098257849979124,180,90.0,20.0,0.5,132.0,
2025-05-28 07:35:56,132.0,52.0,177.2,30.0,130.0,99.0,175.53,34.0,154.6,45.19999999999999,151.0,64.0,3.9995149705984616,215,87.0,35.0,0.4,132.0,2.0
2025-05-28 07:35:57,132.0,60.0,154.21,38.0,130.0,135.0,155.77,39.0,143.11,22.210000000000008,195.0,77.0,8.254555106124162,272,118.0,57.0,0.43,132.0,
2025-05-28 07:35:58,130.13,60.0,152.38,16.0,129.24,37.0,154.0,24.0,141.25,22.25,97.0,40.0,9.821869984887796,137,57.0,-135.0,0.42,131.6,5.0
2025-05-28 07:35:59,130.0,38.0,151.75,16.0,128.0,16.0,154.0,24.0,140.88,21.75,54.0,40.0,9.29542737048917,94,14.0,-43.0,0.15,130.0,6.0
2025-05-28 07:36:00,128.83,24.0,146.75,32.0,125.26,115.0,148.29,28.0,137.79,17.919999999999987,139.0,60.0,6.478613277549332,199,79.0,105.0,0.4,130.0,2.0
2025-05-28 07:36:01,128.8,20.0,142.69,26.0,126.04,46.0,143.38,29.0,135.75,13.889999999999986,66.0,55.0,2.943548878486277,121,11.0,-78.0,0.09,130.0,
2025-05-28 07:36:02,129.0,22.0,138.74,23.0,128.0,22.0,141.81,42.0,133.87,9.740000000000007,44.0,65.0,3.200706172087252,109,-21.0,-12.0,-0.19,130.0,
2025-05-28 07:36:03,130.64,66.0,137.25,28.0,129.0,22.0,140.5,32.0,133.94,6.610000000000014,88.0,60.0,2.9524108792708974,148,28.0,39.0,0.19,136.0,3.0
2025-05-28 07:36:04,131.0,80.0,136.47,30.0,129.0,28.0,139.8,40.0,133.73,5.469999999999999,108.0,70.0,1.7577485599586928,178,38.0,30.0,0.21,133.5,4.0
2025-05-28 07:36:05,132.45,44.0,135.0,24.0,128.83,24.0,143.55,22.0,133.73,2.550000000000012,68.0,46.0,0.8690109320582086,114,22.0,-64.0,0.19,134.0,2.0
2025-05-28 07:36:06,129.6,20.0,134.9,20.0,128.6,20.0,249.2,10.0,132.25,5.300000000000011,40.0,30.0,0.7068804708269323,70,10.0,-44.0,0.14,134.0,
2025-05-28 07:36:07,128.0,20.0,134.0,20.0,125.0,150.0,276.0,38.0,131.0,6.0,170.0,58.0,1.2735187474224166,228,112.0,158.0,0.49,129.5,4.0
2025-05-28 07:36:08,128.91,44.0,133.91,22.0,126.22,69.0,392.0,35.0,131.41,5.0,113.0,57.0,1.2745116712043985,170,56.0,-58.0,0.33,129.5,
2025-05-28 07:36:09,129.0,45.0,132.11,18.0,128.0,18.0,342.9,29.0,130.56,3.1100000000000136,63.0,47.0,1.2506598258663513,110,16.0,-60.0,0.15,129.5,2.0
2025-05-28 07:36:10,129.0,30.0,131.83,12.0,128.0,12.0,580.0,10.0,130.42,2.8300000000000125,42.0,22.0,0.7380176149902237,64,20.0,-46.0,0.31,129.5,
2025-05-28 07:36:11,129.0,84.0,137.96,24.0,128.0,24.0,226.75,20.0,133.48,8.960000000000008,108.0,44.0,1.2398709610422831,152,64.0,88.0,0.42,129.5,
2025-05-28 07:36:12,130.58,60.0,156.76,17.0,129.0,36.0,537.39,49.0,143.67,26.17999999999998,96.0,66.0,5.592295593049119,162,30.0,10.0,0.19,129.5,
2025-05-28 07:36:13,131.64,70.0,153.12,16.0,129.0,70.0,154.85,26.0,142.38,21.480000000000015,140.0,42.0,6.45293886535718,182,98.0,20.0,0.54,129.5,
2025-05-28 07:36:14,131.94,48.0,148.84,25.0,130.77,56.0,150.12,16.0,140.39,16.900000000000006,104.0,41.0,5.807518402901339,145,63.0,-37.0,0.43,132.5,10.0
2025-05-28 07:36:15,132.09,35.0,145.62,21.0,130.4,45.0,147.22,18.0,138.85,13.53,80.0,39.0,3.962818441467902,119,41.0,-26.0,0.34,132.25,4.0
2025-05-28 07:36:16,132.0,48.0,141.56,25.0,129.0,36.0,143.18,33.0,136.78,9.560000000000002,84.0,58.0,2.7440535709126035,142,26.0,23.0,0.18,132.25,
2025-05-28 07:36:17,132.0,36.0,138.0,20.0,129.0,27.0,139.08,26.0,135.0,6.0,63.0,46.0,2.9066905580122917,109,17.0,-33.0,0.16,132.25,
2025-05-28 07:36:18,132.0,34.0,133.84,31.0,129.44,16.0,134.82,22.0,132.92,1.8400000000000036,50.0,53.0,2.9742511662664555,103,-3.0,-6.0,-0.03,132.0,2.0
2025-05-28 07:36:19,131.78,27.0,133.42,38.0,129.57,21.0,134.18,39.0,132.6,1.6399999999999864,48.0,77.0,2.636892110048687,125,-29.0,22.0,-0.23,132.0,2.0
2025-05-28 07:36:20,129.57,14.0,131.6,15.0,128.92,26.0,185.82,17.0,130.59,2.030000000000001,40.0,32.0,2.376577370934219,72,8.0,-53.0,0.11,130.0,1.0
2025-05-28 07:36:21,129.0,26.0,130.06,16.0,128.0,52.0,165.21,29.0,129.53,1.0600000000000025,78.0,45.0,2.1338626947477684,123,33.0,51.0,0.27,129.0,3.0
2025-05-28 07:36:22,128.0,40.0,129.75,12.0,125.06,163.0,171.83,35.0,128.88,1.75,203.0,47.0,1.804419574277536,250,156.0,127.0,0.62,128.0,4.0
2025-05-28 07:36:23,125.0,140.0,182.25,24.0,123.0,20.0,185.96,23.0,153.62,57.25,160.0,47.0,10.47948138029916,207,113.0,-43.0,0.55,128.0,1.0
2025-05-28 07:36:24,125.0,118.0,178.0,18.0,123.0,18.0,325.09,22.0,151.5,53.0,136.0,40.0,12.576395747591496,176,96.0,-31.0,0.55,125.0,2.0
2025-05-28 07:36:25,127.07,81.0,182.92,24.0,124.97,64.0,434.57,14.0,155.0,55.85,145.0,38.0,13.29809685631889,183,107.0,7.0,0.58,125.0,
2025-05-28 07:36:26,133.0,27.0,180.33,18.0,129.71,21.0,508.71,17.0,156.67,47.33000000000001,48.0,35.0,11.47985104433151,83,13.0,-100.0,0.16,125.0,
2025-05-28 07:36:27,133.0,27.0,180.0,18.0,132.0,30.0,444.56,18.0,156.5,47.0,57.0,36.0,2.1568773725087325,93,21.0,10.0,0.23,125.0,
2025-05-28 07:36:28,133.0,27.0,140.86,14.0,132.0,27.0,175.69,13.0,136.93,7.860000000000014,54.0,27.0,8.308155631669374,81,27.0,-12.0,0.33,125.0,
2025-05-28 07:36:29,133.0,16.0,134.09,11.0,132.0,18.0,201.5,10.0,133.55,1.0900000000000034,34.0,21.0,11.482615120260666,55,13.0,-26.0,0.24,133.0,2.0
2025-05-28 07:36:30,133.0,8.0,285.04,28.0,132.0,24.0,440.33,12.0,209.02,152.04000000000002,32.0,40.0,30.196775158947705,72,-8.0,17.0,-0.11,133.0,
2025-05-28 07:36:32,132.0,22.0,327.58,33.0,130.0,90.0,462.2,30.0,229.79,195.58,112.0,63.0,85.59229474666542,175,49.0,14.0,0.28,132.0,1.0
2025-05-28 07:36:33,130.0,45.0,218.0,19.0,128.0,10.0,521.0,16.0,174.0,88.0,55.0,35.0,78.97772071920062,90,20.0,-85.0,0.22,131.33,3.0
2025-05-28 07:36:34,130.03,59.0,299.0,16.0,128.6,20.0,659.0,40.0,214.52,168.97,79.0,56.0,64.29399528727434,135,23.0,45.0,0.17,130.0,3.0
2025-05-28 07:36:35,131.0,16.0,299.0,16.0,130.0,48.0,537.12,40.0,215.0,168.0,64.0,56.0,63.76435265883325,120,8.0,-15.0,0.07,130.0,
2025-05-28 07:36:36,132.36,11.0,297.29,35.0,130.2,30.0,299.0,14.0,214.82,164.93,41.0,49.0,20.94998520285993,90,-8.0,-30.0,-0.09,130.0,
2025-05-28 07:36:39,130.95,38.0,293.71,34.0,131.31,26.0,294.59,59.0,212.33,162.76,64.0,93.0,1.6321090649988697,157,-29.0,68.0,-0.18,132.0,7.0
2025-05-28 07:36:40,131.71,42.0,289.24,33.0,129.71,28.0,292.96,27.0,210.48,157.53,70.0,60.0,2.577964313184184,130,10.0,-27.0,0.08,132.0,
2025-05-28 07:36:41,132.38,64.0,241.45,40.0,130.71,42.0,288.2,30.0,186.91,109.07,106.0,70.0,12.31641871649586,176,36.0,46.0,0.2,132.0,1.0
2025-05-28 07:36:42,132.0,37.0,265.15,20.0,130.0,30.0,286.89,28.0,198.57,133.14999999999998,67.0,48.0,11.999344565435578,115,19.0,-61.0,0.17,132.0,1.0
2025-05-28 07:36:43,130.32,19.0,283.33,18.0,129.06,51.0,284.89,27.0,206.82,153.01,70.0,45.0,10.441531018009172,115,25.0,0.0,0.22,131.5,4.0
2025-05-28 07:36:44,130.0,26.0,277.46,48.0,129.0,78.0,277.35,40.0,203.73,147.45999999999998,104.0,88.0,9.153860934056569,192,16.0,77.0,0.08,131.5,
2025-05-28 07:36:45,130.0,28.0,262.96,28.0,129.0,42.0,264.26,19.0,196.48,132.95999999999998,70.0,47.0,7.664670247313059,117,23.0,-75.0,0.2,131.5,
2025-05-28 07:36:46,130.0,20.0,192.46,39.0,129.0,60.0,214.36,44.0,161.23,62.46000000000001,80.0,83.0,18.42500827679718,163,-3.0,46.0,-0.02,131.5,
2025-05-28 07:36:47,130.0,12.0,163.68,37.0,129.0,66.0,164.8,50.0,146.84,33.68000000000001,78.0,87.0,27.204375567177443,165,-9.0,2.0,-0.05,131.5,
2025-05-28 07:36:48,130.0,34.0,150.6,48.0,129.0,72.0,152.61,31.0,140.3,20.599999999999994,106.0,79.0,28.869917388174777,185,27.0,20.0,0.15,131.5,
2025-05-28 07:36:49,130.46,39.0,144.14,35.0,129.18,51.0,145.78,36.0,137.3,13.679999999999978,90.0,71.0,24.213345493756783,161,19.0,-24.0,0.12,131.5,
2025-05-28 07:36:50,131.88,51.0,140.02,45.0,130.0,24.0,141.08,38.0,135.95,8.140000000000015,75.0,83.0,10.341616411375364,158,-8.0,-3.0,-0.05,132.0,5.0
2025-05-28 07:36:51,130.17,92.0,133.41,39.0,129.75,121.0,135.51,43.0,131.79,3.240000000000009,213.0,82.0,5.606730776488793,295,131.0,137.0,0.44,131.0,2.0
2025-05-28 07:36:52,130.0,144.0,321.1,50.0,129.0,60.0,472.89,44.0,225.55,191.1,204.0,94.0,40.0153429324307,298,110.0,3.0,0.37,131.17,12.0
2025-05-28 07:36:53,130.0,108.0,239.67,45.0,129.0,54.0,373.33,45.0,184.83,109.67,162.0,90.0,41.09523305688914,252,72.0,-46.0,0.29,131.17,
2025-05-28 07:36:54,130.0,83.0,142.95,37.0,129.0,54.0,147.22,45.0,136.47,12.949999999999989,137.0,82.0,41.22688831333302,219,55.0,-33.0,0.25,130.0,5.0
2025-05-28 07:36:55,130.0,28.0,141.75,4.0,129.0,24.0,169.5,20.0,135.88,11.75,52.0,24.0,41.23834599011016,76,28.0,-143.0,0.37,130.0,
2025-05-28 07:36:56,130.16,37.0,140.14,7.0,129.32,44.0,196.0,35.0,135.15,9.97999999999999,81.0,42.0,40.62742398922229,123,39.0,47.0,0.32,130.0,
2025-05-28 07:36:57,130.43,28.0,139.25,8.0,129.54,52.0,196.0,40.0,134.84,8.819999999999993,80.0,48.0,22.03219530596142,128,32.0,5.0,0.25,131.5,2.0
2025-05-28 07:36:58,129.87,15.0,139.0,9.0,128.8,60.0,515.88,33.0,134.43,9.129999999999995,75.0,42.0,0.8187978993777275,117,33.0,-11.0,0.28,129.6,10.0
2025-05-28 07:36:59,130.0,6.0,138.0,3.0,128.08,26.0,573.0,12.0,134.0,8.0,32.0,15.0,0.7157862809702741,47,17.0,-70.0,0.36,129.6,
2025-05-28 07:37:00,129.16,38.0,137.67,9.0,128.11,36.0,573.0,20.0,133.41,8.509999999999991,74.0,29.0,0.6876263520438536,103,45.0,56.0,0.44,130.5,4.0
2025-05-28 07:37:01,128.19,42.0,137.0,7.0,127.25,48.0,0.0,0.0,132.6,8.810000000000002,90.0,7.0,0.879619235820258,97,83.0,-6.0,0.86,128.8,5.0
2025-05-28 07:37:02,128.0,54.0,137.0,6.0,125.0,18.0,452.0,18.0,132.5,9.0,72.0,24.0,0.8470950360053564,96,48.0,-1.0,0.5,128.8,
2025-05-28 07:37:03,128.0,96.0,136.36,11.0,125.67,36.0,340.96,27.0,132.18,8.360000000000014,132.0,38.0,0.746873483278666,170,94.0,74.0,0.55,128.0,3.0
2025-05-28 07:37:04,128.31,39.0,135.5,8.0,126.29,28.0,301.25,16.0,131.9,7.189999999999998,67.0,24.0,0.5698420834096916,91,43.0,-79.0,0.47,129.5,4.0
2025-05-28 07:37:05,128.22,64.0,176.56,16.0,126.0,30.0,239.88,24.0,152.39,48.34,94.0,40.0,8.990988822149971,134,54.0,43.0,0.4,134.33,3.0
2025-05-28 07:37:06,131.71,35.0,158.0,9.0,129.59,54.0,267.33,18.0,144.86,26.289999999999992,89.0,27.0,9.38789539779958,116,62.0,-18.0,0.53,133.0,4.0
2025-05-28 07:37:07,130.5,30.0,158.0,6.0,129.0,30.0,458.54,13.0,144.25,27.5,60.0,19.0,8.884386866859597,79,41.0,-37.0,0.52,133.0,
2025-05-28 07:37:08,131.33,30.0,158.0,6.0,130.0,30.0,268.0,12.0,144.67,26.669999999999987,60.0,18.0,7.370687213552618,78,42.0,-1.0,0.54,133.0,
2025-05-28 07:37:09,132.44,45.0,156.0,9.0,130.1,39.0,247.92,12.0,144.22,23.56,84.0,21.0,3.539105819275374,105,63.0,27.0,0.6,133.0,
2025-05-28 07:37:10,133.0,55.0,153.09,11.0,131.0,22.0,156.0,11.0,143.05,20.090000000000003,77.0,22.0,0.7038110542101015,99,55.0,-6.0,0.56,133.0,
2025-05-28 07:37:14,132.98,59.0,145.09,32.0,129.57,70.0,146.38,24.0,139.04,12.110000000000014,129.0,56.0,1.862651336140937,185,73.0,29.0,0.39,134.0,4.0
2025-05-28 07:37:15,132.0,24.0,142.58,12.0,130.0,60.0,145.0,36.0,137.29,10.580000000000013,84.0,48.0,1.8795824004356232,132,36.0,-53.0,0.27,134.0,
2025-05-28 07:37:16,132.87,90.0,140.74,23.0,130.85,52.0,144.73,45.0,136.8,7.870000000000003,142.0,68.0,1.496512612719001,210,74.0,78.0,0.35,133.0,1.0
2025-05-28 07:37:17,133.0,84.0,139.22,18.0,132.0,24.0,140.1,30.0,136.11,6.219999999999999,108.0,48.0,1.8019517196714492,156,60.0,-54.0,0.38,133.0,
2025-05-28 07:37:18,133.0,91.0,136.92,13.0,132.0,26.0,140.0,39.0,134.96,3.919999999999988,117.0,52.0,1.5092547830060297,169,65.0,13.0,0.38,133.0,
2025-05-28 07:37:19,133.0,63.0,135.89,9.0,132.0,18.0,140.0,27.0,134.44,2.8899999999999864,81.0,36.0,1.2040971721693885,117,45.0,-52.0,0.38,133.0,
2025-05-28 07:37:20,133.0,40.0,135.0,10.0,132.0,20.0,140.0,30.0,134.0,2.0,60.0,40.0,1.1666276184053428,100,20.0,-17.0,0.2,133.0,3.0
2025-05-28 07:37:21,131.73,49.0,198.73,37.0,130.41,58.0,342.85,34.0,165.23,67.0,107.0,71.0,13.596936051920943,178,36.0,78.0,0.2,132.29,7.0
2025-05-28 07:37:22,130.17,54.0,178.4,40.0,129.67,102.0,255.59,54.0,154.28,48.23000000000002,156.0,94.0,14.38586876069807,250,62.0,72.0,0.25,132.29,
2025-05-28 07:37:23,130.42,24.0,168.0,32.0,129.9,60.0,492.56,18.0,149.21,37.58000000000001,84.0,50.0,13.37942338070029,134,34.0,-116.0,0.25,132.29,
2025-05-28 07:37:24,130.05,76.0,168.0,40.0,129.43,42.0,281.0,40.0,149.03,37.94999999999999,118.0,80.0,11.260814801781908,198,38.0,64.0,0.19,132.29,
2025-05-28 07:37:25,133.0,52.0,167.57,46.0,131.62,26.0,263.62,52.0,150.28,34.56999999999999,78.0,98.0,6.835541675685362,176,-20.0,-22.0,-0.11,132.29,
2025-05-28 07:37:26,133.0,28.0,153.43,28.0,132.0,14.0,264.82,22.0,143.21,20.430000000000007,42.0,50.0,3.964904790790084,92,-8.0,-84.0,-0.09,132.29,
2025-05-28 07:37:27,133.0,48.0,151.76,33.0,132.0,24.0,294.08,36.0,142.38,18.75999999999999,72.0,69.0,3.718651637358561,141,3.0,49.0,0.02,132.29,
2025-05-28 07:37:28,133.0,36.0,213.83,24.0,132.0,18.0,297.52,33.0,173.42,80.83000000000001,54.0,57.0,12.647526635671928,111,-3.0,-30.0,-0.03,132.29,
2025-05-28 07:37:30,133.0,11.0,200.55,33.0,132.0,22.0,202.0,33.0,166.77,67.55000000000001,33.0,66.0,15.030591139407427,99,-33.0,-38.0,-0.33,132.29,
2025-05-28 07:37:31,133.0,10.0,171.91,33.0,132.0,20.0,191.81,31.0,152.45,38.91,30.0,64.0,13.030892141370588,94,-34.0,-5.0,-0.36,132.29,
2025-05-28 07:37:32,133.0,9.0,139.0,27.0,132.0,18.0,178.33,27.0,136.0,6.0,27.0,54.0,15.395578261307149,81,-27.0,-13.0,-0.33,132.29,
2025-05-28 07:37:33,130.07,161.0,136.19,48.0,129.55,44.0,138.75,48.0,133.13,6.1200000000000045,205.0,96.0,16.845184178275712,301,109.0,176.0,0.36,130.78,9.0
2025-05-28 07:37:34,130.0,98.0,133.7,30.0,129.0,30.0,134.8,30.0,131.85,3.6999999999999886,128.0,60.0,15.162839443851803,188,68.0,-113.0,0.36,130.0,4.0
2025-05-28 07:37:35,130.0,70.0,132.6,30.0,129.0,30.0,134.67,27.0,131.3,2.5999999999999943,100.0,57.0,8.85546893168429,157,43.0,-31.0,0.27,132.0,3.0
2025-05-28 07:37:36,131.2,35.0,133.55,33.0,130.48,66.0,135.83,23.0,132.37,2.3500000000000227,101.0,56.0,1.844030910810513,157,45.0,0.0,0.29,133.0,4.0
2025-05-28 07:37:37,130.07,58.0,132.67,27.0,129.23,31.0,193.24,34.0,131.37,2.5999999999999943,89.0,61.0,0.7620892336363145,150,28.0,-7.0,0.19,132.0,2.0
2025-05-28 07:37:38,130.0,39.0,199.97,29.0,129.0,21.0,309.18,28.0,164.98,69.97,60.0,57.0,14.8794095985031,117,3.0,-33.0,0.03,130.6,5.0
2025-05-28 07:37:39,130.0,153.0,249.08,60.0,129.0,36.0,472.33,36.0,189.54,119.08,189.0,96.0,26.43556827458092,285,93.0,168.0,0.33,130.0,5.0
2025-05-28 07:37:40,130.0,114.0,261.2,25.0,129.0,18.0,322.46,28.0,195.6,131.2,132.0,53.0,30.452610232951017,185,79.0,-100.0,0.43,130.0,
2025-05-28 07:37:41,130.0,227.0,229.23,52.0,129.0,39.0,326.41,54.0,179.62,99.23,266.0,106.0,25.60520884507752,372,160.0,176.0,0.43,130.0,3.0
2025-05-28 07:37:42,130.0,160.0,240.45,44.0,129.0,30.0,290.71,34.0,185.23,110.45,190.0,78.0,11.647415163891074,268,112.0,-104.0,0.42,130.0,1.0
2025-05-28 07:37:43,130.0,127.0,213.44,45.0,129.0,27.0,260.0,36.0,171.72,83.44,154.0,81.0,9.167367124755076,235,73.0,-33.0,0.31,130.0,2.0
2025-05-28 07:37:44,130.03,134.0,227.08,38.0,129.37,43.0,371.33,42.0,178.55,97.05,177.0,80.0,8.923767702043767,257,97.0,22.0,0.38,130.0,
2025-05-28 07:37:45,131.11,36.0,159.62,48.0,129.98,163.0,177.48,42.0,145.37,28.50999999999999,199.0,90.0,15.693844971836468,289,109.0,32.0,0.38,132.0,2.0
2025-05-28 07:37:46,130.0,128.0,157.88,32.0,129.0,24.0,353.0,32.0,143.94,27.879999999999995,152.0,64.0,19.14985039106141,216,88.0,-73.0,0.41,132.0,
2025-05-28 07:37:47,130.0,170.0,156.39,44.0,129.0,36.0,237.0,48.0,143.19,26.389999999999983,206.0,92.0,17.150968777303284,298,114.0,82.0,0.38,130.0,2.0
2025-05-28 07:37:48,130.0,126.0,152.89,27.0,129.0,27.0,157.0,36.0,141.44,22.889999999999983,153.0,63.0,15.74541742857362,216,90.0,-82.0,0.42,130.0,
2025-05-28 07:37:49,130.06,157.0,150.42,43.0,129.3,47.0,153.93,41.0,140.24,20.359999999999985,204.0,84.0,2.028134610923765,288,120.0,72.0,0.42,130.0,
2025-05-28 07:37:50,133.0,27.0,148.61,28.0,130.0,126.0,275.57,35.0,140.8,15.610000000000014,153.0,63.0,1.5811767769691447,216,90.0,-72.0,0.42,130.0,
2025-05-28 07:37:51,133.0,45.0,145.83,23.0,130.0,210.0,226.41,46.0,139.41,12.830000000000013,255.0,69.0,1.426018933964836,324,186.0,108.0,0.57,130.0,
2025-05-28 07:37:53,130.58,72.0,140.5,36.0,129.88,56.0,143.0,12.0,135.54,9.919999999999987,128.0,48.0,2.065817029658088,176,80.0,39.0,0.45,133.0,5.0
2025-05-28 07:37:54,130.0,138.0,136.65,20.0,128.87,104.0,138.86,28.0,133.32,6.650000000000006,242.0,48.0,3.0402434113117978,290,194.0,114.0,0.67,130.0,2.0
2025-05-28 07:37:55,130.16,116.0,131.93,29.0,129.23,141.0,133.74,23.0,131.04,1.7700000000000102,257.0,52.0,3.5096267607858302,309,205.0,19.0,0.66,130.29,7.0
2025-05-28 07:37:56,130.0,45.0,131.59,17.0,129.0,81.0,525.45,29.0,130.79,1.5900000000000034,126.0,46.0,3.262698269840992,172,80.0,-137.0,0.47,131.0,3.0
2025-05-28 07:37:57,130.87,30.0,133.0,30.0,129.62,72.0,520.29,42.0,131.93,2.1299999999999955,102.0,72.0,1.955231444106529,174,30.0,2.0,0.17,131.33,3.0
2025-05-28 07:37:58,130.0,34.0,131.78,9.0,129.0,81.0,475.69,26.0,130.89,1.7800000000000011,115.0,35.0,1.0654717265242568,150,80.0,-24.0,0.53,130.0,2.0
2025-05-28 07:38:01,130.05,101.0,141.0,56.0,129.23,129.0,502.43,28.0,135.52,10.949999999999989,230.0,84.0,94.74089887688449,314,146.0,139.0,0.46,130.4,5.0
2025-05-28 07:38:02,130.0,42.0,141.0,28.0,129.0,63.0,664.14,14.0,135.5,11.0,105.0,42.0,94.09458183126196,147,63.0,-167.0,0.43,130.4,
2025-05-28 07:38:03,130.0,36.0,418.0,24.0,129.0,54.0,795.0,12.0,274.0,288.0,90.0,36.0,88.4855647549365,126,54.0,-21.0,0.43,130.4,
2025-05-28 07:38:04,130.0,23.0,359.5,32.0,128.0,96.0,795.0,16.0,244.75,229.5,119.0,48.0,76.29411923602011,167,71.0,41.0,0.43,130.0,5.0
2025-05-28 07:38:05,130.0,10.0,185.0,40.0,128.0,120.0,529.0,34.0,157.5,55.0,130.0,74.0,65.28139535886194,204,56.0,37.0,0.27,130.0,
2025-05-28 07:38:06,130.0,13.0,210.31,32.0,128.09,79.0,272.86,28.0,170.16,80.31,92.0,60.0,59.72863316701669,152,32.0,-52.0,0.21,130.0,
2025-05-28 07:38:07,128.16,63.0,214.36,22.0,126.18,17.0,225.64,22.0,171.26,86.20000000000002,80.0,44.0,52.29431116287935,124,36.0,-28.0,0.29,129.0,3.0
2025-05-28 07:38:08,128.0,97.0,190.21,38.0,125.0,20.0,203.4,20.0,159.11,62.21000000000001,117.0,58.0,36.42414075856888,175,59.0,51.0,0.34,129.0,
2025-05-28 07:38:09,128.0,77.0,183.38,47.0,125.0,20.0,188.06,31.0,155.69,55.38,97.0,78.0,7.382135869789398,175,19.0,0.0,0.11,128.0,4.0
2025-05-28 07:38:10,128.0,77.0,169.56,25.0,125.0,22.0,171.07,54.0,148.78,41.56,99.0,79.0,9.621197950360989,178,20.0,3.0,0.11,128.0,
2025-05-28 07:38:11,128.0,63.0,167.43,37.0,125.0,18.0,169.0,34.0,147.72,39.43000000000001,81.0,71.0,9.513304893675414,152,10.0,-26.0,0.07,128.0,
2025-05-28 07:38:12,128.0,84.0,165.58,60.0,125.0,24.0,168.0,48.0,146.79,37.58000000000001,108.0,108.0,5.460528362716066,216,0.0,64.0,0.0,128.0,
2025-05-28 07:38:13,129.96,23.0,162.64,28.0,127.82,67.0,163.88,51.0,146.3,32.67999999999998,90.0,79.0,3.827574950281886,169,11.0,-47.0,0.07,128.0,
2025-05-28 07:38:18,127.93,29.0,141.62,32.0,116.75,24.0,142.29,34.0,134.78,13.689999999999998,53.0,66.0,4.516561745401214,119,-13.0,2.0,-0.11,129.33,6.0
2025-05-28 07:38:19,126.45,11.0,139.77,26.0,122.86,28.0,141.78,36.0,133.11,13.320000000000007,39.0,62.0,4.833392183551878,101,-23.0,-18.0,-0.23,129.33,
2025-05-28 07:38:20,131.2,41.0,139.0,45.0,105.43,46.0,140.0,18.0,135.1,7.800000000000011,87.0,63.0,3.63321207749005,150,24.0,49.0,0.16,126.0,2.0
2025-05-28 07:38:21,132.0,62.0,137.41,34.0,125.0,11.0,138.81,43.0,134.71,5.409999999999997,73.0,77.0,2.385042976555981,150,-4.0,0.0,-0.03,132.0,5.0
2025-05-28 07:38:22,129.67,24.0,135.47,57.0,112.39,69.0,136.49,47.0,132.57,5.800000000000011,93.0,104.0,1.134120804860979,197,-11.0,47.0,-0.06,132.0,4.0
2025-05-28 07:38:23,129.55,33.0,133.89,45.0,116.39,36.0,136.0,36.0,131.72,4.339999999999975,69.0,81.0,1.4311428999293916,150,-12.0,-47.0,-0.08,132.0,
2025-05-28 07:38:24,130.42,77.0,132.52,58.0,128.31,29.0,134.25,51.0,131.47,2.1000000000000227,106.0,109.0,1.6906596345859213,215,-3.0,65.0,-0.01,132.0,4.0
2025-05-28 07:38:25,130.59,37.0,132.78,45.0,129.45,33.0,142.67,18.0,131.69,2.1899999999999977,70.0,63.0,1.3408281023375002,133,7.0,-82.0,0.05,131.0,2.0
2025-05-28 07:38:26,130.1,39.0,183.31,29.0,127.53,17.0,347.81,26.0,156.71,53.21000000000001,56.0,55.0,11.120063848738432,111,1.0,-22.0,0.01,131.0,2.0
2025-05-28 07:38:27,130.0,41.0,146.11,27.0,106.0,13.0,155.14,28.0,138.06,16.110000000000014,54.0,55.0,10.86207392720284,109,-1.0,-2.0,-0.01,130.0,4.0
2025-05-28 07:38:28,130.0,8.0,146.0,24.0,124.0,8.0,269.73,26.0,138.0,16.0,16.0,50.0,10.313725321144636,66,-34.0,-43.0,-0.52,130.0,
2025-05-28 07:38:29,130.0,13.0,143.68,57.0,124.0,13.0,182.12,42.0,136.84,13.680000000000009,26.0,99.0,9.56152968933425,125,-73.0,59.0,-0.58,130.0,
2025-05-28 07:38:30,130.0,8.0,140.19,26.0,124.0,8.0,141.08,38.0,135.1,10.189999999999998,16.0,64.0,8.89587657288592,80,-48.0,-45.0,-0.6,130.0,
2025-05-28 07:38:31,130.0,51.0,138.97,37.0,124.7,23.0,140.76,51.0,134.49,8.969999999999999,74.0,88.0,1.6431128993527813,162,-14.0,82.0,-0.09,130.0,
2025-05-28 07:38:32,130.0,35.0,136.55,29.0,127.4,10.0,137.78,27.0,133.28,6.550000000000011,45.0,56.0,1.880510568973026,101,-11.0,-61.0,-0.11,130.0,
2025-05-28 07:38:33,127.3,20.0,134.08,60.0,122.14,147.0,179.0,36.0,130.69,6.780000000000015,167.0,96.0,2.289006334639306,263,71.0,162.0,0.27,129.5,2.0
2025-05-28 07:38:34,124.63,19.0,133.0,14.0,117.02,55.0,144.88,48.0,128.82,8.370000000000005,74.0,62.0,2.652551601763565,136,12.0,-127.0,0.09,129.5,
2025-05-28 07:38:35,124.66,29.0,130.86,35.0,111.89,47.0,133.61,31.0,127.76,6.200000000000017,76.0,66.0,2.860256981464779,142,10.0,6.0,0.07,125.0,4.0
2025-05-28 07:38:36,127.08,65.0,129.06,77.0,110.23,160.0,230.48,33.0,128.07,1.980000000000004,225.0,110.0,2.290661476521038,335,115.0,176.0,0.34,127.42,12.0
2025-05-28 07:38:37,128.04,95.0,130.18,45.0,125.59,27.0,306.86,21.0,129.11,2.140000000000015,122.0,66.0,1.1448362328373531,188,56.0,-147.0,0.3,129.0,4.0
2025-05-28 07:38:39,128.36,50.0,299.38,26.0,125.68,22.0,453.67,36.0,213.87,171.01999999999998,72.0,62.0,107.629446388988,134,10.0,-2.0,0.07,128.6,5.0
2025-05-28 07:38:40,129.0,42.0,144.0,21.0,128.0,28.0,216.0,14.0,136.5,15.0,70.0,35.0,106.32967445638138,105,35.0,-29.0,0.33,128.6,
2025-05-28 07:38:41,129.38,58.0,144.0,39.0,126.65,31.0,268.56,18.0,136.69,14.620000000000005,89.0,57.0,105.00150108450852,146,32.0,41.0,0.22,130.0,5.0
2025-05-28 07:38:42,132.4,20.0,144.0,33.0,128.0,32.0,211.82,11.0,138.2,11.599999999999994,52.0,44.0,103.57158070629244,96,8.0,-50.0,0.08,130.0,
2025-05-28 07:38:43,129.36,14.0,164.76,37.0,127.25,32.0,377.36,28.0,147.06,35.39999999999998,46.0,65.0,33.492648894944544,111,-19.0,15.0,-0.17,128.67,3.0
2025-05-28 07:38:44,131.68,22.0,402.87,31.0,128.79,19.0,530.59,22.0,267.28,271.19,41.0,53.0,57.26011159611927,94,-12.0,-17.0,-0.13,128.67,
2025-05-28 07:38:45,132.1,20.0,227.0,30.0,131.5,12.0,343.69,26.0,179.55,94.9,32.0,56.0,55.07064308685741,88,-24.0,-6.0,-0.27,128.67,
2025-05-28 07:38:46,132.25,4.0,153.0,16.0,129.33,9.0,189.0,12.0,142.62,20.75,13.0,28.0,54.12862477469787,41,-15.0,-47.0,-0.37,132.33,3.0
2025-05-28 07:38:47,129.71,21.0,234.51,43.0,125.3,40.0,425.38,37.0,182.11,104.79999999999998,61.0,80.0,50.08847202700476,141,-19.0,100.0,-0.13,130.0,2.0
2025-05-28 07:38:48,129.0,16.0,409.85,26.0,128.0,12.0,462.39,18.0,269.42,280.85,28.0,44.0,57.09768322795636,72,-16.0,-69.0,-0.22,130.0,
2025-05-28 07:38:49,129.0,28.0,406.96,27.0,128.0,28.0,407.87,15.0,267.98,277.96,56.0,42.0,57.27934034187239,98,14.0,26.0,0.14,130.0,
2025-05-28 07:38:50,129.0,14.0,405.43,7.0,128.0,14.0,407.0,14.0,267.21,276.43,28.0,21.0,59.63294030986612,49,7.0,-49.0,0.14,130.0,
2025-05-28 07:38:51,129.0,22.0,208.18,33.0,128.0,22.0,279.32,22.0,168.59,79.18,44.0,55.0,51.08816369767128,99,-11.0,50.0,-0.11,130.0,
2025-05-28 07:39:00,132.86,14.0,135.0,21.0,129.83,24.0,136.0,35.0,133.93,2.1399999999999864,38.0,56.0,0.6114327436545839,94,-18.0,0.0,-0.19,132.0,4.0
2025-05-28 07:39:01,131.29,51.0,133.67,36.0,127.38,24.0,533.58,60.0,132.48,2.3799999999999955,75.0,96.0,0.9777678661178648,171,-21.0,77.0,-0.12,129.2,5.0
2025-05-28 07:39:02,130.34,35.0,133.0,36.0,129.14,21.0,223.67,60.0,131.67,2.6599999999999966,56.0,96.0,1.391197326051347,152,-40.0,-19.0,-0.26,131.33,3.0
2025-05-28 07:39:03,130.0,28.0,131.54,28.0,128.0,16.0,170.2,50.0,130.77,1.539999999999992,44.0,78.0,1.5656532183124132,122,-34.0,-30.0,-0.28,130.33,3.0
2025-05-28 07:39:04,128.0,6.0,142.94,16.0,125.0,4.0,383.25,20.0,135.47,14.939999999999998,10.0,36.0,1.863163975610328,46,-26.0,-76.0,-0.57,130.0,1.0
2025-05-28 07:39:05,125.9,10.0,142.0,10.0,124.12,24.0,410.67,30.0,133.95,16.099999999999994,34.0,40.0,1.8660439437516136,74,-6.0,28.0,-0.08,128.0,1.0
2025-05-28 07:39:06,125.17,12.0,140.33,12.0,124.06,32.0,262.92,12.0,132.75,15.16000000000001,44.0,24.0,1.855887927654064,68,20.0,-6.0,0.29,126.0,1.0
2025-05-28 07:39:07,126.78,27.0,140.0,11.0,124.47,17.0,213.95,19.0,133.39,13.22,44.0,30.0,1.7202557949363912,74,14.0,6.0,0.19,126.0,
2025-05-28 07:39:08,126.5,20.0,139.0,10.0,124.2,25.0,179.9,50.0,132.75,12.5,45.0,60.0,1.127971630854442,105,-15.0,31.0,-0.14,126.0,
2025-05-28 07:39:09,128.0,60.0,136.73,26.0,125.0,12.0,169.17,30.0,132.37,8.72999999999999,72.0,56.0,0.6260351427932184,128,16.0,23.0,0.12,126.0,
2025-05-28 07:39:10,128.97,170.0,135.88,24.0,127.93,46.0,217.25,28.0,132.42,6.909999999999997,216.0,52.0,0.4067923303259161,268,164.0,140.0,0.61,129.0,2.0
2025-05-28 07:39:11,129.0,90.0,135.0,18.0,128.0,30.0,268.93,28.0,132.0,6.0,120.0,46.0,0.5222355790368249,166,74.0,-102.0,0.45,129.0,4.0
2025-05-28 07:39:12,129.0,88.0,133.73,33.0,128.0,55.0,134.82,33.0,131.36,4.72999999999999,143.0,66.0,0.5299528281005589,209,77.0,43.0,0.37,129.0,5.0
2025-05-28 07:39:13,130.0,80.0,132.0,39.0,129.0,104.0,133.0,39.0,131.0,2.0,184.0,78.0,0.6281719509908582,262,106.0,53.0,0.4,130.0,3.0
2025-05-28 07:39:14,130.12,34.0,131.88,34.0,129.16,76.0,132.83,36.0,131.0,1.759999999999991,110.0,70.0,0.632518774434061,180,40.0,-82.0,0.22,130.0,2.0
2025-05-28 07:39:15,130.05,22.0,253.82,22.0,129.05,59.0,382.26,35.0,191.93,123.76999999999998,81.0,57.0,27.0997494453365,138,24.0,-42.0,0.17,132.5,4.0
2025-05-28 07:39:16,130.0,18.0,235.71,21.0,129.0,48.0,288.57,21.0,182.86,105.71,66.0,42.0,30.989795094514903,108,24.0,-30.0,0.22,132.5,
2025-05-28 07:39:17,130.21,19.0,234.38,16.0,129.23,52.0,316.76,21.0,182.29,104.17,71.0,37.0,30.1999144038526,108,34.0,0.0,0.31,132.5,
2025-05-28 07:39:18,130.4,15.0,202.33,30.0,129.43,42.0,222.75,16.0,166.37,71.93,57.0,46.0,24.122422142065798,103,11.0,-5.0,0.11,132.5,
2025-05-28 07:39:19,130.0,48.0,196.65,17.0,129.0,80.0,203.72,25.0,163.32,66.65,128.0,42.0,12.09071255137714,170,86.0,67.0,0.51,132.5,
2025-05-28 07:39:20,130.0,40.0,194.14,14.0,129.0,64.0,195.4,10.0,162.07,64.13999999999999,104.0,24.0,10.338741219318065,128,80.0,-42.0,0.62,132.5,
2025-05-28 07:39:21,130.0,43.0,160.0,45.0,129.0,72.0,194.0,18.0,145.0,30.0,115.0,63.0,13.27730959193251,178,52.0,50.0,0.29,132.5,
2025-05-28 07:39:22,130.41,29.0,153.53,34.0,129.04,75.0,159.43,35.0,141.97,23.120000000000005,104.0,69.0,11.35212006631448,173,35.0,-5.0,0.2,132.5,
2025-05-28 07:39:23,130.0,27.0,163.0,14.0,129.0,72.0,327.52,33.0,146.5,33.0,99.0,47.0,10.11358344010758,146,52.0,-27.0,0.36,134.0,1.0
2025-05-28 07:39:24,129.06,51.0,145.86,14.0,128.21,38.0,186.29,14.0,137.46,16.80000000000001,89.0,28.0,9.31218824981628,117,61.0,-29.0,0.52,130.0,3.0
2025-05-28 07:39:25,129.0,62.0,143.91,22.0,128.0,66.0,452.05,43.0,136.45,14.909999999999997,128.0,65.0,4.452306144012854,193,63.0,76.0,0.33,129.0,5.0
2025-05-28 07:39:26,129.29,34.0,141.22,18.0,128.06,51.0,484.67,45.0,135.26,11.930000000000009,85.0,63.0,4.651308418070547,148,22.0,-45.0,0.15,129.0,
2025-05-28 07:39:27,130.61,89.0,139.0,22.0,129.56,54.0,418.82,55.0,134.8,8.389999999999986,143.0,77.0,4.812679087578289,220,66.0,72.0,0.3,129.0,
2025-05-28 07:39:33,129.45,22.0,135.36,22.0,128.03,122.0,149.36,55.0,132.41,5.910000000000025,144.0,77.0,1.5050149500958825,221,67.0,92.0,0.3,131.4,5.0
2025-05-28 07:39:34,131.45,11.0,134.0,22.0,129.83,72.0,273.0,55.0,132.73,2.550000000000012,83.0,77.0,1.581907076920709,160,6.0,-61.0,0.04,131.4,
2025-05-28 07:39:35,132.0,108.0,134.0,20.0,130.0,120.0,256.5,50.0,133.0,2.0,228.0,70.0,1.2916772042625675,298,158.0,138.0,0.53,131.4,
2025-05-28 07:39:36,132.0,165.0,133.18,22.0,130.0,132.0,214.73,55.0,132.59,1.1800000000000068,297.0,77.0,1.0585981296088474,374,220.0,76.0,0.59,131.4,
2025-05-28 07:39:37,132.0,130.0,133.0,18.0,130.0,108.0,210.0,45.0,132.5,1.0,238.0,63.0,0.2304994577242111,301,175.0,-73.0,0.58,132.0,5.0
2025-05-28 07:39:38,132.0,78.0,133.0,18.0,130.0,108.0,296.8,41.0,132.5,1.0,186.0,59.0,0.2100714164544092,245,127.0,-56.0,0.52,132.0,4.0
2025-05-28 07:39:39,132.0,54.0,192.79,19.0,130.0,108.0,402.53,17.0,162.39,60.78999999999999,162.0,36.0,13.302857963611178,198,126.0,-47.0,0.64,132.0,
2025-05-28 07:39:40,132.0,37.0,237.85,13.0,130.0,144.0,387.74,19.0,184.92,105.85,181.0,32.0,23.892072953178797,213,149.0,15.0,0.7,132.0,5.0
2025-05-28 07:39:41,130.37,120.0,140.19,16.0,129.38,132.0,142.0,32.0,135.28,9.819999999999991,252.0,48.0,23.4570633285588,300,204.0,87.0,0.68,132.0,1.0
2025-05-28 07:39:43,131.6,30.0,134.16,31.0,130.14,111.0,135.12,43.0,132.88,2.5600000000000023,141.0,74.0,22.878130823999115,215,67.0,-33.0,0.31,132.5,4.0
2025-05-28 07:39:44,131.0,23.0,132.25,20.0,130.0,96.0,134.05,22.0,131.62,1.25,119.0,42.0,22.913744347007444,161,77.0,-54.0,0.48,131.0,1.0
2025-05-28 07:39:45,131.0,24.0,132.0,49.0,130.0,144.0,133.0,12.0,131.5,1.0,168.0,61.0,1.9271481520659417,229,107.0,68.0,0.47,132.0,1.0
2025-05-28 07:39:46,130.04,84.0,131.33,36.0,129.82,39.0,232.58,38.0,130.68,1.2900000000000205,123.0,74.0,1.8726718879747104,197,49.0,-32.0,0.25,130.2,10.0
2025-05-28 07:39:47,130.0,27.0,210.62,29.0,129.0,7.0,292.67,27.0,170.31,80.62,34.0,56.0,17.298231701535673,90,-22.0,-107.0,-0.24,130.0,7.0
2025-05-28 07:39:48,130.0,8.0,239.43,14.0,129.0,8.0,252.69,26.0,184.71,109.43,16.0,40.0,25.837659143196756,56,-24.0,-34.0,-0.43,130.0,
2025-05-28 07:39:49,130.0,13.0,237.18,34.0,129.0,13.0,238.77,31.0,183.59,107.18,26.0,65.0,27.13464519760713,91,-39.0,35.0,-0.43,130.0,
2025-05-28 07:39:50,130.0,8.0,236.8,20.0,129.0,8.0,237.2,20.0,183.4,106.8,16.0,40.0,23.050723849806293,56,-24.0,-35.0,-0.43,130.0,
2025-05-28 07:39:51,130.0,11.0,235.29,14.0,129.0,11.0,236.39,41.0,182.64,105.29,22.0,55.0,5.982754382392248,77,-33.0,21.0,-0.43,130.0,
2025-05-28 07:39:52,130.0,18.0,187.98,62.0,129.0,18.0,194.92,50.0,158.99,57.97999999999999,36.0,112.0,11.02411130205208,148,-76.0,71.0,-0.51,130.0,
2025-05-28 07:39:53,129.46,13.0,146.85,40.0,128.07,83.0,149.32,25.0,138.16,17.389999999999986,96.0,65.0,20.352823637029523,161,31.0,13.0,0.19,130.0,
2025-05-28 07:39:54,128.52,46.0,144.91,23.0,126.29,34.0,146.0,47.0,136.72,16.389999999999986,80.0,70.0,22.804013243287297,150,10.0,-11.0,0.07,129.2,5.0
2025-05-28 07:39:55,132.9,49.0,142.71,21.0,127.77,78.0,143.17,24.0,137.81,9.810000000000002,127.0,45.0,20.047427016952007,172,82.0,22.0,0.48,129.2,
2025-05-28 07:39:58,128.46,92.0,135.36,28.0,126.21,67.0,165.92,48.0,131.91,6.900000000000006,159.0,76.0,2.346269379250681,235,83.0,42.0,0.35,130.25,8.0
2025-05-28 07:39:59,128.0,60.0,131.08,51.0,125.0,44.0,133.5,24.0,129.54,3.0800000000000125,104.0,75.0,3.565627574496349,179,29.0,-56.0,0.16,130.25,
2025-05-28 07:40:00,125.43,28.0,130.05,21.0,106.74,23.0,130.33,24.0,127.74,4.6200000000000045,51.0,45.0,3.99074303858414,96,6.0,-83.0,0.06,128.0,4.0
2025-05-28 07:40:01,123.21,42.0,126.24,17.0,116.0,48.0,128.44,36.0,124.72,3.030000000000001,90.0,53.0,4.138244797013169,143,37.0,47.0,0.26,125.0,3.0
2025-05-28 07:40:02,121.2,10.0,126.32,19.0,120.0,50.0,135.76,17.0,123.76,5.11999999999999,60.0,36.0,3.368141921001169,96,24.0,-47.0,0.25,126.5,4.0
2025-05-28 07:40:03,123.1,10.0,131.2,10.0,120.0,50.0,190.9,40.0,127.15,8.099999999999994,60.0,50.0,2.3368825387693315,110,10.0,14.0,0.09,126.5,
2025-05-28 07:40:04,127.21,117.0,272.68,22.0,115.83,35.0,351.12,64.0,199.94,145.47000000000003,152.0,86.0,33.17852648928237,238,66.0,128.0,0.28,129.0,1.0
2025-05-28 07:40:11,130.17,94.0,287.08,24.0,129.19,124.0,351.0,48.0,208.63,156.91,218.0,72.0,12.491522325163242,290,146.0,83.0,0.5,130.89,9.0
2025-05-28 07:40:12,130.0,30.0,285.17,12.0,129.0,60.0,365.62,8.0,207.58,155.17000000000002,90.0,20.0,7.955301377072293,110,70.0,-176.0,0.64,130.89,
2025-05-28 07:40:13,130.0,21.0,285.0,10.0,129.0,50.0,390.0,5.0,207.5,155.0,71.0,15.0,4.6283171887897065,86,56.0,-24.0,0.65,130.0,1.0
2025-05-28 07:40:14,130.0,23.0,284.0,16.0,129.0,80.0,410.5,20.0,207.0,154.0,103.0,36.0,2.424887626271575,139,67.0,53.0,0.48,130.0,3.0
2025-05-28 07:40:15,130.62,13.0,253.65,17.0,129.07,54.0,387.53,17.0,192.13,123.03,67.0,34.0,6.978307101299242,101,33.0,-38.0,0.33,130.0,
2025-05-28 07:40:16,129.4,30.0,179.33,12.0,128.12,48.0,180.33,12.0,154.37,49.93000000000001,78.0,24.0,22.96354132097301,102,54.0,1.0,0.53,130.0,5.0
2025-05-28 07:40:17,129.0,96.0,174.52,29.0,128.0,180.0,177.28,29.0,151.76,45.52000000000001,276.0,58.0,27.632489392018705,334,218.0,176.0,0.65,130.0,
2025-05-28 07:40:18,129.0,33.0,160.5,12.0,128.0,90.0,161.82,22.0,144.75,31.5,123.0,34.0,27.718648415823164,157,89.0,-176.0,0.57,129.0,3.0
2025-05-28 07:40:19,129.67,60.0,156.93,29.0,128.4,100.0,158.75,24.0,143.3,27.26000000000002,160.0,53.0,20.036845310577352,213,107.0,56.0,0.5,129.0,
2025-05-28 07:40:20,130.0,45.0,152.91,22.0,129.0,45.0,154.26,23.0,141.45,22.91,90.0,45.0,5.622502112049216,135,45.0,-78.0,0.33,129.0,
2025-05-28 07:40:21,130.0,25.0,148.33,24.0,129.0,63.0,149.5,28.0,139.17,18.330000000000013,88.0,52.0,4.771386590918357,140,36.0,5.0,0.26,130.0,3.0
2025-05-28 07:40:22,129.89,53.0,144.28,36.0,128.28,133.0,145.26,34.0,137.08,14.390000000000017,186.0,70.0,3.088600006474308,256,116.0,116.0,0.45,132.75,4.0
2025-05-28 07:40:23,128.44,80.0,140.0,26.0,127.5,126.0,140.91,22.0,134.22,11.560000000000002,206.0,48.0,3.57234236880948,254,158.0,-2.0,0.62,129.0,5.0
2025-05-28 07:40:24,128.16,98.0,138.0,28.0,127.45,137.0,139.07,30.0,133.08,9.840000000000003,235.0,58.0,3.450094201610967,293,177.0,39.0,0.6,129.0,
2025-05-28 07:40:25,130.69,32.0,133.07,42.0,129.06,106.0,134.54,37.0,131.88,2.3799999999999955,138.0,79.0,2.98778847979374,217,59.0,-76.0,0.27,131.4,5.0
2025-05-28 07:40:26,130.12,8.0,131.75,16.0,129.01,86.0,225.61,23.0,130.94,1.6299999999999957,94.0,39.0,2.3807141785579806,133,55.0,-84.0,0.41,131.0,1.0
2025-05-28 07:40:27,129.04,83.0,177.0,29.0,128.25,118.0,300.94,35.0,153.02,47.96000000000001,201.0,64.0,9.246367935572836,265,137.0,132.0,0.52,131.5,4.0
2025-05-28 07:40:28,129.68,44.0,341.43,21.0,128.18,67.0,553.76,29.0,235.56,211.75,111.0,50.0,44.91593347577232,161,61.0,-104.0,0.38,129.0,4.0
2025-05-28 07:40:30,132.0,30.0,340.75,28.0,129.0,36.0,586.3,20.0,236.38,208.75,66.0,48.0,65.1661031518691,114,18.0,-43.0,0.16,129.0,
2025-05-28 07:40:31,132.0,23.0,379.9,51.0,129.0,66.0,625.32,37.0,255.95,247.9,89.0,88.0,50.01731120322304,177,1.0,63.0,0.01,132.0,4.0
2025-05-28 07:40:33,129.28,25.0,397.04,25.0,128.1,41.0,628.76,41.0,263.16,267.76,66.0,66.0,21.16057702427034,132,0.0,-33.0,0.0,131.0,5.0
2025-05-28 07:40:34,129.32,22.0,416.0,16.0,128.26,34.0,429.0,24.0,272.66,286.68,56.0,40.0,15.68736434204536,96,16.0,-36.0,0.17,131.0,
2025-05-28 07:40:35,130.0,6.0,416.0,8.0,129.0,12.0,429.0,12.0,273.0,286.0,18.0,20.0,14.280888627815894,38,-2.0,-58.0,-0.05,131.0,
2025-05-28 07:40:36,130.0,6.0,365.44,18.0,129.0,18.0,425.75,16.0,247.72,235.44,24.0,34.0,15.389844703572551,58,-10.0,20.0,-0.17,131.0,
2025-05-28 07:40:37,130.0,7.0,419.08,26.0,129.0,21.0,473.48,21.0,274.54,289.08,28.0,47.0,11.27250992459467,75,-19.0,17.0,-0.25,131.0,
2025-05-28 07:40:38,130.0,8.0,430.59,32.0,129.0,24.0,500.4,30.0,280.3,300.59,32.0,62.0,12.634693506377104,94,-30.0,19.0,-0.32,131.0,
2025-05-28 07:40:39,130.0,8.0,276.27,26.0,129.0,24.0,392.38,24.0,203.13,146.26999999999998,32.0,50.0,31.963548301152017,82,-18.0,-12.0,-0.22,131.0,
2025-05-28 07:40:40,130.0,12.0,272.89,45.0,129.0,36.0,275.03,29.0,201.44,142.89,48.0,74.0,37.79154376312336,122,-26.0,40.0,-0.21,131.0,
2025-05-28 07:40:41,128.95,19.0,243.67,39.0,127.88,74.0,237.23,31.0,186.31,114.72,93.0,70.0,44.60023688277965,163,23.0,41.0,0.14,128.83,6.0
2025-05-28 07:40:42,128.25,40.0,182.72,36.0,127.3,54.0,185.85,26.0,155.49,54.47,94.0,62.0,46.06044648068492,156,32.0,-7.0,0.21,127.43,7.0
2025-05-28 07:40:43,125.0,57.0,149.84,49.0,124.0,19.0,164.73,26.0,137.42,24.840000000000003,76.0,75.0,29.13644744988683,151,1.0,-5.0,0.01,127.43,
2025-05-28 07:40:44,125.05,41.0,135.07,43.0,124.19,16.0,136.5,16.0,130.06,10.019999999999996,57.0,59.0,30.875176598685307,116,-2.0,-35.0,-0.02,135.0,1.0
2025-05-28 07:40:45,127.21,52.0,134.46,26.0,125.44,27.0,135.16,25.0,130.84,7.250000000000014,79.0,51.0,23.72761534583687,130,28.0,14.0,0.22,135.0,
2025-05-28 07:40:46,128.0,122.0,131.43,23.0,126.0,28.0,132.63,27.0,129.72,3.430000000000007,150.0,50.0,10.962799824861555,200,100.0,70.0,0.5,131.0,2.0
2025-05-28 07:40:47,128.0,100.0,129.86,14.0,124.67,30.0,130.75,16.0,128.93,1.8600000000000136,130.0,30.0,3.4377579903158515,160,100.0,-40.0,0.62,130.5,4.0
2025-05-28 07:40:48,128.04,97.0,178.92,39.0,125.25,64.0,351.08,52.0,153.48,50.88,161.0,91.0,10.573158468498566,252,70.0,92.0,0.28,128.5,4.0
2025-05-28 07:40:49,128.0,77.0,142.0,33.0,124.0,44.0,176.43,37.0,135.0,14.0,121.0,70.0,10.26858218061207,191,51.0,-61.0,0.27,128.5,
2025-05-28 07:40:50,129.58,48.0,177.67,36.0,128.0,36.0,276.5,52.0,153.62,48.089999999999975,84.0,88.0,12.453168271567977,172,-4.0,-19.0,-0.02,128.5,
2025-05-28 07:40:51,131.33,15.0,176.33,36.0,128.0,36.0,215.0,24.0,153.83,45.0,51.0,60.0,12.066738167375268,111,-9.0,-61.0,-0.08,131.0,3.0
2025-05-28 07:40:52,124.98,41.0,175.12,24.0,120.7,23.0,365.0,16.0,150.05,50.14,64.0,40.0,8.087863129405342,104,24.0,-7.0,0.23,129.0,4.0
2025-05-28 07:40:53,124.0,68.0,175.0,18.0,96.0,24.0,441.0,18.0,149.5,51.0,92.0,36.0,7.749609667589314,128,56.0,24.0,0.44,124.0,1.0
2025-05-28 07:40:54,124.0,80.0,174.12,24.0,96.0,32.0,370.23,26.0,149.06,50.120000000000005,112.0,50.0,2.321889316913264,162,62.0,34.0,0.38,124.0,2.0
2025-05-28 07:40:55,124.0,108.0,172.83,36.0,83.73,44.0,369.96,25.0,148.42,48.83000000000001,152.0,61.0,2.130345042474361,213,91.0,51.0,0.43,124.0,
2025-05-28 07:40:56,124.0,80.0,172.0,33.0,50.17,24.0,357.57,28.0,148.0,48.0,104.0,61.0,0.8204145293655253,165,43.0,-48.0,0.26,124.0,7.0
2025-05-28 07:40:57,124.0,22.0,141.33,18.0,61.67,24.0,227.82,33.0,132.67,17.330000000000013,46.0,51.0,7.212045479611952,97,-5.0,-68.0,-0.05,126.0,1.0
2025-05-28 07:40:58,125.78,37.0,141.43,35.0,98.16,43.0,202.83,35.0,133.61,15.650000000000006,80.0,70.0,8.424391372674254,150,10.0,53.0,0.07,126.0,
2025-05-28 07:40:59,131.35,37.0,138.0,12.0,128.74,47.0,139.0,36.0,134.68,6.650000000000006,84.0,48.0,8.006043342374932,132,36.0,-18.0,0.27,126.0,
2025-05-28 07:41:00,131.14,28.0,136.75,12.0,127.29,28.0,189.12,16.0,133.95,5.610000000000014,56.0,28.0,6.423633706865889,84,28.0,-48.0,0.33,134.0,3.0
2025-05-28 07:41:01,129.0,48.0,133.9,20.0,125.0,52.0,134.89,36.0,131.45,4.900000000000006,100.0,56.0,1.2488474686608997,156,44.0,72.0,0.28,134.0,
2025-05-28 07:41:02,129.75,48.0,133.21,47.0,127.29,63.0,177.98,53.0,131.48,3.460000000000008,111.0,100.0,1.4835868697115555,211,11.0,55.0,0.05,133.0,2.0
2025-05-28 07:41:03,129.85,52.0,131.0,52.0,128.26,54.0,143.69,65.0,130.42,1.1500000000000057,106.0,117.0,1.8214087954053528,223,-11.0,12.0,-0.05,130.0,4.0
2025-05-28 07:41:04,127.75,51.0,201.2,45.0,120.28,39.0,328.57,56.0,164.47,73.44999999999999,90.0,101.0,14.65696182706311,191,-11.0,-32.0,-0.06,129.8,5.0
2025-05-28 07:41:05,132.0,18.0,263.0,24.0,129.0,6.0,386.0,30.0,197.5,131.0,24.0,54.0,29.70875174085906,78,-30.0,-113.0,-0.38,132.0,3.0
2025-05-28 07:41:06,132.0,30.0,150.96,49.0,129.0,10.0,441.11,44.0,141.48,18.960000000000008,40.0,93.0,28.361345172611223,133,-53.0,55.0,-0.4,132.0,
2025-05-28 07:41:07,132.0,45.0,230.78,45.0,129.0,9.0,413.81,37.0,181.39,98.78,54.0,82.0,27.6367340689888,136,-28.0,3.0,-0.21,132.0,
2025-05-28 07:41:13,132.0,48.0,155.26,27.0,129.0,12.0,155.94,33.0,143.63,23.25999999999999,60.0,60.0,27.780018898481952,120,0.0,-21.0,0.0,132.0,
2025-05-28 07:41:14,132.67,24.0,153.0,36.0,131.29,21.0,154.0,9.0,142.83,20.330000000000013,45.0,45.0,25.21106165951772,90,0.0,-30.0,0.0,132.0,
2025-05-28 07:41:17,129.0,8.0,148.4,10.0,128.0,56.0,149.86,14.0,138.7,19.40000000000001,64.0,24.0,2.1748976987406583,88,40.0,-47.0,0.45,132.0,
2025-05-28 07:41:18,129.0,15.0,146.36,22.0,128.0,105.0,147.61,23.0,137.68,17.360000000000014,120.0,45.0,2.8571541785466144,165,75.0,77.0,0.45,132.0,
2025-05-28 07:41:19,129.0,11.0,142.35,26.0,128.0,97.0,145.82,17.0,135.67,13.349999999999994,108.0,43.0,3.5540357342020625,151,65.0,-14.0,0.43,132.0,
2025-05-28 07:41:20,128.23,43.0,138.93,29.0,126.71,112.0,140.4,47.0,133.58,10.700000000000015,155.0,76.0,3.3908745184661924,231,79.0,80.0,0.34,128.2,5.0
2025-05-28 07:41:21,128.4,25.0,133.26,27.0,126.67,54.0,134.71,14.0,130.83,4.859999999999985,79.0,41.0,3.1741250762976074,120,38.0,-111.0,0.32,128.5,6.0
2025-05-28 07:41:22,128.0,28.0,130.45,31.0,125.0,112.0,132.07,29.0,129.23,2.4499999999999886,140.0,60.0,3.4459207767996807,200,80.0,80.0,0.4,128.5,
2025-05-28 07:41:23,125.1,58.0,127.62,16.0,124.12,64.0,129.0,10.0,126.36,2.5200000000000102,122.0,26.0,3.6423522619287816,148,96.0,-52.0,0.65,127.0,4.0
2025-05-28 07:41:24,125.14,28.0,128.29,7.0,124.4,40.0,344.5,8.0,126.71,3.1499999999999915,68.0,15.0,3.000294985493284,83,53.0,-65.0,0.64,126.0,2.0
2025-05-28 07:41:25,126.55,80.0,130.0,12.0,125.0,48.0,390.85,26.0,128.28,3.450000000000003,128.0,38.0,1.840942693289272,166,90.0,83.0,0.54,127.0,6.0
2025-05-28 07:41:26,126.11,35.0,255.75,16.0,124.25,59.0,350.86,28.0,190.93,129.64,94.0,44.0,28.32593281782589,138,50.0,-28.0,0.36,127.75,4.0
2025-05-28 07:41:27,126.86,42.0,203.55,44.0,123.8,129.0,222.5,32.0,165.2,76.69000000000001,171.0,76.0,29.35978082343245,247,95.0,109.0,0.38,133.0,2.0
2025-05-28 07:41:28,124.0,64.0,231.86,21.0,123.0,64.0,381.83,24.0,177.93,107.86,128.0,45.0,29.13585334257436,173,83.0,-74.0,0.48,133.0,
2025-05-28 07:41:29,124.0,24.0,220.6,10.0,123.0,24.0,343.6,10.0,172.3,96.6,48.0,20.0,23.572506654999795,68,28.0,-105.0,0.41,133.0,
2025-05-28 07:41:30,125.19,84.0,297.36,50.0,123.38,104.0,331.14,56.0,211.28,172.17000000000002,188.0,106.0,18.154092376101428,294,82.0,176.0,0.28,133.0,
2025-05-28 07:41:31,123.51,82.0,180.82,33.0,121.73,55.0,183.0,22.0,152.17,57.30999999999999,137.0,55.0,22.05873591119893,192,82.0,-102.0,0.43,128.0,5.0
2025-05-28 07:41:32,123.0,44.0,179.71,21.0,101.86,14.0,183.0,14.0,151.36,56.71000000000001,58.0,35.0,24.45573286573139,93,23.0,-99.0,0.25,123.0,2.0
2025-05-28 07:41:33,126.6,30.0,178.73,45.0,121.87,75.0,277.55,58.0,152.67,52.13,105.0,103.0,25.75910576864053,208,2.0,115.0,0.01,123.0,
2025-05-28 07:41:34,119.37,27.0,176.8,45.0,114.07,45.0,324.39,46.0,148.09,57.43000000000001,72.0,91.0,26.984666571962784,163,-19.0,-45.0,-0.12,132.0,1.0
2025-05-28 07:41:35,123.2,110.0,174.82,50.0,120.96,54.0,265.05,57.0,149.01,51.61999999999999,164.0,107.0,2.008581589080767,271,57.0,108.0,0.21,124.0,2.0
2025-05-28 07:41:36,124.17,35.0,172.86,28.0,123.15,66.0,173.91,35.0,148.51,48.69000000000001,101.0,63.0,1.9875160376695236,164,38.0,-107.0,0.23,124.0,
2025-05-28 07:41:37,129.67,36.0,166.53,57.0,123.81,86.0,171.84,55.0,148.1,36.860000000000014,122.0,112.0,1.9343164167201172,234,10.0,70.0,0.04,132.0,3.0
2025-05-28 07:41:45,132.27,59.0,138.9,52.0,130.88,64.0,140.07,46.0,135.59,6.629999999999996,123.0,98.0,3.8255692386866,221,25.0,52.0,0.11,132.0,2.0
2025-05-28 07:41:46,132.0,66.0,134.44,59.0,130.0,56.0,135.51,61.0,133.22,2.4399999999999977,122.0,120.0,3.9893520777167417,242,2.0,21.0,0.01,132.0,4.0
2025-05-28 07:41:47,132.24,25.0,135.02,59.0,129.2,40.0,136.82,51.0,133.63,2.780000000000001,65.0,110.0,3.3141469490626148,175,-45.0,-67.0,-0.26,132.25,8.0
2025-05-28 07:41:48,130.0,9.0,134.93,43.0,128.0,36.0,137.48,29.0,132.47,4.930000000000007,45.0,72.0,2.4850593554238216,117,-27.0,-58.0,-0.23,132.25,
2025-05-28 07:41:49,129.0,16.0,131.6,47.0,127.76,34.0,138.1,31.0,130.3,2.5999999999999943,50.0,78.0,1.918038060096254,128,-28.0,11.0,-0.22,130.0,1.0
2025-05-28 07:41:50,128.0,36.0,145.43,42.0,124.0,9.0,380.0,20.0,136.71,17.430000000000007,45.0,62.0,2.31443945696966,107,-17.0,-21.0,-0.16,130.0,7.0
2025-05-28 07:41:52,132.0,52.0,304.03,29.0,128.0,48.0,445.54,26.0,218.02,172.02999999999997,100.0,55.0,69.1651237980532,155,45.0,20.0,0.29,132.0,3.0
2025-05-28 07:41:55,128.0,28.0,430.0,14.0,124.0,7.0,431.0,14.0,279.0,302.0,35.0,28.0,28.85330691619437,63,7.0,-28.0,0.11,132.0,
2025-05-28 07:41:56,128.43,30.0,392.27,30.0,127.0,28.0,429.43,28.0,260.35,263.84,58.0,58.0,27.54788322176688,116,0.0,53.0,0.0,132.0,
2025-05-28 07:41:57,128.74,27.0,155.4,30.0,125.6,15.0,309.74,27.0,142.07,26.66,42.0,57.0,60.62103735503124,99,-15.0,-17.0,-0.15,128.67,3.0
2025-05-28 07:41:58,129.5,36.0,153.17,24.0,126.0,18.0,197.4,40.0,141.33,23.669999999999987,54.0,64.0,72.4847509480447,118,-10.0,19.0,-0.08,134.0,3.0
2025-05-28 07:41:59,128.0,12.0,152.75,8.0,124.0,4.0,355.75,8.0,140.38,24.75,16.0,16.0,70.64672908210292,32,0.0,-86.0,0.0,134.0,
2025-05-28 07:42:00,128.8,75.0,149.29,34.0,127.51,41.0,150.71,34.0,139.05,20.48999999999998,116.0,68.0,53.51766231815461,184,48.0,152.0,0.26,134.0,
2025-05-28 07:42:01,129.67,27.0,148.7,33.0,125.94,31.0,149.35,23.0,139.18,19.03,58.0,56.0,1.3195719002796609,114,2.0,-70.0,0.02,129.0,5.0
2025-05-28 07:42:02,131.0,33.0,144.18,22.0,128.0,33.0,145.91,22.0,137.59,13.180000000000009,66.0,44.0,1.4209257545723464,110,22.0,-4.0,0.2,129.0,
2025-05-28 07:42:03,128.69,39.0,139.31,26.0,125.89,19.0,141.54,26.0,134.0,10.620000000000005,58.0,52.0,2.465735184484706,110,6.0,0.0,0.05,129.0,
2025-05-28 07:42:04,128.0,30.0,137.3,20.0,124.0,25.0,138.8,20.0,132.65,9.300000000000011,55.0,40.0,2.997720800875982,95,15.0,-15.0,0.16,136.0,2.0
2025-05-28 07:42:05,128.0,27.0,136.33,18.0,124.0,9.0,220.25,24.0,132.17,8.330000000000013,36.0,42.0,3.108145749478836,78,-6.0,-17.0,-0.08,135.0,2.0
2025-05-28 07:42:06,125.77,47.0,256.17,30.0,124.46,24.0,422.77,52.0,190.97,130.40000000000003,71.0,82.0,25.52032288197021,153,-11.0,75.0,-0.07,127.0,7.0
2025-05-28 07:42:08,98.91,35.0,357.3,57.0,61.52,62.0,420.96,24.0,228.11,258.39,97.0,81.0,76.29948545042792,178,16.0,102.0,0.09,125.7,10.0
2025-05-28 07:42:09,117.88,8.0,221.23,26.0,85.32,22.0,280.67,30.0,169.55,103.35,30.0,56.0,69.67450236636117,86,-26.0,-92.0,-0.3,125.7,
2025-05-28 07:42:10,118.0,32.0,191.86,43.0,90.6,50.0,202.34,47.0,154.93,73.86000000000001,82.0,90.0,64.06426554640325,172,-8.0,86.0,-0.05,121.67,3.0
2025-05-28 07:42:12,100.76,59.0,124.38,24.0,95.13,70.0,126.09,11.0,112.57,23.61999999999999,129.0,35.0,44.4858123450615,164,94.0,85.0,0.57,124.0,2.0
2025-05-28 07:42:13,102.0,40.0,123.77,13.0,84.81,32.0,124.45,11.0,112.88,21.77,72.0,24.0,25.52749752717658,96,48.0,-68.0,0.5,124.0,
2025-05-28 07:42:14,102.67,45.0,121.54,13.0,69.0,31.0,122.43,14.0,112.1,18.870000000000005,76.0,27.0,18.604677637626438,103,49.0,7.0,0.48,124.0,
2025-05-28 07:42:15,105.06,48.0,118.2,10.0,71.52,42.0,120.0,12.0,111.63,13.14,90.0,22.0,7.816017528127092,112,68.0,9.0,0.61,124.0,
2025-05-28 07:42:16,104.24,33.0,116.89,9.0,87.5,40.0,118.0,9.0,110.57,12.650000000000006,73.0,18.0,0.9053452380096576,91,55.0,-21.0,0.6,124.0,
2025-05-28 07:42:17,105.64,22.0,116.0,18.0,104.41,34.0,118.0,8.0,110.82,10.36,56.0,26.0,0.943212595328583,82,30.0,-9.0,0.37,124.0,
2025-05-28 07:42:18,108.62,42.0,156.5,32.0,106.57,42.0,174.63,30.0,132.56,47.88,84.0,62.0,9.536526097064367,146,22.0,64.0,0.15,120.7,10.0
2025-05-28 07:42:19,112.03,34.0,225.0,55.0,110.44,43.0,422.0,11.0,168.51,112.97,77.0,66.0,25.10877476102724,143,11.0,-3.0,0.08,120.7,
2025-05-28 07:42:20,125.88,32.0,225.0,45.0,121.27,26.0,455.8,10.0,175.44,99.12,58.0,55.0,30.987427289144367,113,3.0,-30.0,0.03,120.7,
2025-05-28 07:42:21,129.73,44.0,226.81,68.0,128.35,46.0,495.74,31.0,178.27,97.08,90.0,99.0,29.914714606695156,189,-9.0,76.0,-0.05,120.7,
2025-05-28 07:42:22,129.22,63.0,262.11,37.0,128.51,71.0,492.93,28.0,195.67,132.89,134.0,65.0,23.242571931695384,199,69.0,10.0,0.35,129.8,5.0
2025-05-28 07:42:23,129.59,22.0,230.0,12.0,128.69,29.0,505.69,16.0,179.8,100.41,51.0,28.0,10.004102658411805,79,23.0,-120.0,0.29,129.8,
2025-05-28 07:42:24,130.71,62.0,364.41,34.0,129.52,63.0,451.3,54.0,247.56,233.7,125.0,88.0,30.232116531927684,213,37.0,134.0,0.17,129.8,
2025-05-28 07:42:32,129.7,116.0,207.13,15.0,128.9,104.0,431.33,42.0,168.42,77.43,220.0,57.0,4.716587749638539,277,163.0,143.0,0.59,132.67,9.0
2025-05-28 07:42:33,129.0,26.0,165.08,12.0,128.0,79.0,193.0,18.0,147.04,36.08000000000001,105.0,30.0,10.592708813142927,135,75.0,-142.0,0.56,129.0,4.0
2025-05-28 07:42:34,128.87,30.0,147.22,18.0,127.74,47.0,148.17,18.0,138.04,18.349999999999994,77.0,36.0,15.507394365270766,113,41.0,-22.0,0.36,129.0,
2025-05-28 07:42:35,129.93,67.0,145.17,24.0,128.47,53.0,147.0,12.0,137.55,15.23999999999998,120.0,36.0,16.2639294145058,156,84.0,43.0,0.54,129.0,
2025-05-28 07:42:36,130.0,88.0,143.48,23.0,129.0,85.0,144.42,24.0,136.74,13.47999999999999,173.0,47.0,13.446866549498528,220,126.0,64.0,0.57,130.0,2.0
2025-05-28 07:42:37,130.0,40.0,138.0,15.0,129.0,50.0,139.9,10.0,134.0,8.0,90.0,25.0,4.930565890444852,115,65.0,-105.0,0.57,130.0,
2025-05-28 07:42:38,130.0,48.0,134.9,21.0,129.0,60.0,136.47,15.0,132.45,4.900000000000006,108.0,36.0,2.419530946282046,144,72.0,29.0,0.5,130.0,
2025-05-28 07:42:39,129.57,46.0,132.17,24.0,128.67,60.0,133.0,29.0,130.87,2.5999999999999943,106.0,53.0,2.81917895849405,159,53.0,15.0,0.33,129.57,7.0
2025-05-28 07:42:40,129.0,18.0,130.0,9.0,128.0,36.0,135.0,9.0,129.5,1.0,54.0,18.0,2.8134622798279216,72,36.0,-87.0,0.5,129.57,
2025-05-28 07:42:41,129.0,24.0,130.0,12.0,128.0,48.0,135.0,12.0,129.5,1.0,72.0,24.0,1.953901225756702,96,48.0,24.0,0.5,129.0,1.0
2025-05-28 07:42:42,128.77,53.0,155.02,48.0,126.67,42.0,176.74,42.0,141.9,26.25,95.0,90.0,5.20643159947528,185,5.0,89.0,0.03,129.8,5.0
2025-05-28 07:42:43,128.0,23.0,150.2,25.0,123.75,103.0,187.27,59.0,139.1,22.19999999999999,126.0,84.0,5.885692822430986,210,42.0,25.0,0.2,128.0,3.0
2025-05-28 07:42:44,130.43,35.0,278.35,26.0,125.29,48.0,367.64,25.0,204.39,147.92000000000002,83.0,51.0,31.531324425086,134,32.0,-76.0,0.24,132.0,4.0
2025-05-28 07:42:45,125.0,24.0,394.17,18.0,124.0,32.0,479.25,20.0,259.58,269.17,56.0,38.0,55.83941779782488,94,18.0,-40.0,0.19,132.0,
2025-05-28 07:42:46,127.83,35.0,392.0,57.0,124.61,61.0,470.49,35.0,259.91,264.17,96.0,92.0,59.66136463407504,188,4.0,94.0,0.02,128.0,3.0
2025-05-28 07:42:47,124.57,65.0,270.97,35.0,111.77,62.0,398.31,32.0,197.77,146.40000000000003,127.0,67.0,50.33370391695874,194,60.0,6.0,0.31,125.0,1.0
2025-05-28 07:42:48,125.0,90.0,155.39,31.0,124.0,40.0,205.4,25.0,140.19,30.389999999999983,130.0,56.0,49.93903403150753,186,74.0,-8.0,0.4,125.0,
2025-05-28 07:42:49,125.0,90.0,215.2,30.0,124.0,52.0,302.31,26.0,170.1,90.2,142.0,56.0,53.53364129218245,198,86.0,12.0,0.43,125.0,3.0
2025-05-28 07:42:50,125.62,16.0,377.0,12.0,124.11,18.0,441.67,12.0,251.31,251.38,34.0,24.0,51.53590864630274,58,10.0,-140.0,0.17,125.0,5.0
2025-05-28 07:42:51,130.0,10.0,334.1,20.0,127.0,18.0,579.8,20.0,232.05,204.1,28.0,40.0,45.05944495885471,68,-12.0,10.0,-0.18,125.0,
2025-05-28 07:42:53,95.4,45.0,118.0,36.0,48.91,55.0,128.56,39.0,106.7,22.599999999999994,100.0,75.0,68.81296992573466,175,25.0,49.0,0.14,125.0,
2025-05-28 07:42:54,91.0,60.0,120.61,23.0,81.78,23.0,214.88,16.0,105.8,29.61,83.0,39.0,82.24169824365285,122,44.0,-53.0,0.36,118.0,4.0
2025-05-28 07:42:57,90.0,48.0,122.5,10.0,84.0,48.0,124.67,6.0,106.25,32.5,96.0,16.0,1.5499580639430064,112,80.0,-35.0,0.71,122.0,5.0
2025-05-28 07:42:58,91.14,28.0,123.0,3.0,89.4,20.0,125.0,3.0,107.07,31.86,48.0,6.0,1.648068566529319,54,42.0,-58.0,0.78,122.0,
2025-05-28 07:42:59,99.91,33.0,122.8,10.0,90.95,76.0,124.04,27.0,111.35,22.89,109.0,37.0,3.235657583858791,146,72.0,92.0,0.49,122.0,2.0
2025-05-28 07:43:00,122.34,41.0,124.27,22.0,121.15,39.0,206.71,35.0,123.31,1.9299999999999928,80.0,57.0,7.738919821266159,137,23.0,-9.0,0.17,123.8,5.0
2025-05-28 07:43:01,112.69,39.0,170.0,16.0,91.06,68.0,200.03,29.0,141.35,57.31,107.0,45.0,14.790864748215109,152,62.0,15.0,0.41,125.0,1.0
2025-05-28 07:43:03,129.13,46.0,218.6,30.0,121.86,28.0,378.8,35.0,173.87,89.47,74.0,65.0,24.38356659719833,139,9.0,-160.0,0.06,125.0,
2025-05-28 07:43:04,129.92,72.0,251.0,16.0,128.82,22.0,310.0,32.0,190.46,121.08,94.0,48.0,30.386501608444817,142,46.0,3.0,0.32,129.75,4.0
2025-05-28 07:43:05,131.25,88.0,306.07,30.0,129.0,24.0,414.22,18.0,218.66,174.82,112.0,48.0,38.01565506472346,160,64.0,18.0,0.4,129.75,
2025-05-28 07:43:06,132.0,88.0,301.77,31.0,129.0,24.0,410.89,18.0,216.89,169.76999999999998,112.0,49.0,38.992664310098704,161,63.0,1.0,0.39,129.75,
2025-05-28 07:43:07,132.0,121.0,271.32,31.0,129.94,17.0,376.97,35.0,201.66,139.32,138.0,66.0,18.77190373936689,204,72.0,43.0,0.35,129.75,
2025-05-28 07:43:08,132.09,121.0,136.29,34.0,131.0,11.0,226.43,21.0,134.19,4.199999999999989,132.0,55.0,34.52267037759464,187,77.0,-17.0,0.41,129.75,
2025-05-28 07:43:11,133.0,6.0,146.33,6.0,129.75,8.0,634.78,9.0,139.67,13.330000000000013,14.0,15.0,29.51995308261885,29,-1.0,-85.0,-0.03,133.5,4.0
2025-05-28 07:43:12,132.0,9.0,167.8,10.0,129.0,27.0,498.7,20.0,149.9,35.80000000000001,36.0,30.0,6.671571778824746,66,6.0,37.0,0.09,133.5,
2025-05-28 07:43:13,129.0,24.0,166.07,15.0,128.0,42.0,236.64,22.0,147.53,37.06999999999999,66.0,37.0,7.095029950607166,103,29.0,37.0,0.28,130.5,2.0
2025-05-28 07:43:14,129.0,24.0,164.13,15.0,128.0,48.0,211.27,26.0,146.57,35.129999999999995,72.0,41.0,6.367984767570852,113,31.0,10.0,0.27,130.5,
2025-05-28 07:43:15,127.71,14.0,160.59,29.0,104.89,37.0,161.91,11.0,144.15,32.88000000000001,51.0,40.0,3.8864096541687223,91,11.0,-22.0,0.12,127.86,7.0
2025-05-28 07:43:16,130.0,176.0,158.68,31.0,80.57,21.0,159.11,19.0,144.34,28.680000000000007,197.0,50.0,2.3881938782302607,247,147.0,156.0,0.6,130.0,2.0
2025-05-28 07:43:17,130.66,47.0,156.0,10.0,117.33,138.0,158.0,40.0,143.33,25.340000000000003,185.0,50.0,1.7778863855757252,235,135.0,-12.0,0.57,130.0,
2025-05-28 07:43:21,132.59,17.0,146.2,20.0,130.04,104.0,147.64,25.0,139.39,13.609999999999983,121.0,45.0,1.5570067437275246,166,76.0,8.0,0.46,130.0,
2025-05-28 07:43:22,132.4,30.0,142.04,24.0,130.02,206.0,143.24,33.0,137.22,9.639999999999986,236.0,57.0,2.228459108893871,293,179.0,127.0,0.61,130.0,
2025-05-28 07:43:24,132.0,16.0,134.62,24.0,130.0,136.0,142.0,32.0,133.31,2.6200000000000045,152.0,56.0,3.3053396194656437,208,96.0,34.0,0.46,130.0,
2025-05-28 07:43:25,130.09,176.0,142.48,50.0,129.74,92.0,157.48,61.0,136.29,12.389999999999986,268.0,111.0,2.45202569317871,379,157.0,171.0,0.41,131.83,12.0
2025-05-28 07:43:26,130.31,118.0,255.15,13.0,129.64,44.0,348.78,37.0,192.73,124.84,162.0,50.0,25.76848210508365,212,112.0,-167.0,0.53,131.83,
2025-05-28 07:43:28,132.94,51.0,223.48,27.0,131.07,80.0,231.5,20.0,178.21,90.54,131.0,47.0,27.905155796017876,178,84.0,-59.0,0.47,135.0,4.0
2025-05-28 07:43:29,132.0,143.0,228.4,30.0,130.0,154.0,229.64,44.0,180.2,96.4,297.0,74.0,21.90588391277642,371,223.0,176.0,0.6,135.0,
2025-05-28 07:43:30,132.0,169.0,224.4,40.0,130.0,178.0,225.05,38.0,178.2,92.4,347.0,78.0,6.079709697020292,425,269.0,54.0,0.63,135.0,
2025-05-28 07:43:31,132.0,182.0,219.84,67.0,130.0,212.0,222.13,30.0,175.92,87.84,394.0,97.0,2.8460674623136253,491,297.0,66.0,0.6,135.0,
2025-05-28 07:43:32,132.0,117.0,216.8,35.0,130.47,34.0,217.94,34.0,174.4,84.80000000000001,151.0,69.0,2.2541916511332856,220,82.0,-176.0,0.37,135.0,
2025-05-28 07:43:33,132.0,165.0,191.94,64.0,131.0,30.0,196.32,37.0,161.97,59.94,195.0,101.0,7.151085232329195,296,94.0,76.0,0.32,132.0,2.0
2025-05-28 07:43:34,132.0,143.0,181.0,34.0,131.0,26.0,184.29,31.0,156.5,49.0,169.0,65.0,9.572947299553755,234,104.0,-62.0,0.44,132.0,
2025-05-28 07:43:35,132.0,176.0,163.95,37.0,131.0,32.0,164.97,35.0,147.97,31.94999999999999,208.0,72.0,11.889897812850611,280,136.0,46.0,0.49,132.0,
2025-05-28 07:43:36,132.0,143.0,159.5,30.0,131.0,26.0,160.69,35.0,145.75,27.5,169.0,65.0,11.56836937515509,234,104.0,-46.0,0.44,132.0,
2025-05-28 07:43:37,132.0,86.0,156.54,35.0,131.0,20.0,157.29,35.0,144.27,24.539999999999992,106.0,70.0,7.619069496993872,176,36.0,-58.0,0.2,132.0,4.0
2025-05-28 07:43:38,132.0,77.0,153.3,33.0,131.0,22.0,153.95,42.0,142.65,21.30000000000001,99.0,75.0,5.436287336042886,174,24.0,-2.0,0.14,132.0,
2025-05-28 07:43:39,130.94,98.0,151.2,40.0,129.89,36.0,152.56,36.0,141.07,20.25999999999999,134.0,76.0,2.6794999533529547,210,58.0,36.0,0.28,131.6,10.0
2025-05-28 07:43:40,130.0,135.0,150.0,65.0,129.0,65.0,151.0,52.0,140.0,20.0,200.0,117.0,2.3294462861413043,317,83.0,107.0,0.26,130.0,2.0
2025-05-28 07:43:41,130.29,28.0,149.93,54.0,129.67,60.0,150.8,50.0,140.11,19.64000000000001,88.0,104.0,1.8228000438931469,192,-16.0,-125.0,-0.08,130.0,
2025-05-28 07:43:42,130.16,55.0,148.09,53.0,129.27,75.0,149.79,68.0,139.13,17.930000000000007,130.0,121.0,1.3401567072608644,251,9.0,59.0,0.04,130.6,5.0
2025-05-28 07:43:43,130.31,13.0,143.3,56.0,129.02,61.0,144.35,57.0,136.81,12.990000000000007,74.0,113.0,1.614862223230093,187,-39.0,-64.0,-0.21,130.6,
2025-05-28 07:43:45,132.82,17.0,135.69,51.0,129.13,23.0,137.25,72.0,134.25,2.8700000000000045,40.0,123.0,2.2819027148444846,163,-83.0,85.0,-0.51,130.2,5.0
2025-05-28 07:43:46,129.0,20.0,132.57,47.0,128.0,50.0,133.42,43.0,130.79,3.569999999999993,70.0,90.0,3.18684797252923,160,-20.0,-3.0,-0.12,130.2,
2025-05-28 07:43:47,128.56,64.0,130.34,88.0,127.03,68.0,133.52,87.0,129.45,1.7800000000000011,132.0,175.0,3.4226422541674824,307,-43.0,147.0,-0.14,128.67,6.0
2025-05-28 07:43:48,128.06,31.0,129.77,26.0,125.47,19.0,133.33,36.0,128.92,1.710000000000008,50.0,62.0,3.4168743026356454,112,-12.0,-176.0,-0.11,130.0,2.0
2025-05-28 07:43:49,125.38,16.0,128.75,24.0,124.22,9.0,206.62,40.0,127.06,3.3700000000000045,25.0,64.0,2.681180710062416,89,-39.0,-23.0,-0.44,128.0,5.0
2025-05-28 07:43:50,124.12,34.0,127.53,32.0,85.14,21.0,220.5,30.0,125.82,3.4099999999999966,55.0,62.0,1.9708297744883887,117,-7.0,28.0,-0.06,128.0,1.0
2025-05-28 07:43:51,123.33,21.0,126.45,33.0,68.76,45.0,127.75,24.0,124.89,3.1200000000000045,66.0,57.0,1.9542952694025937,123,9.0,6.0,0.07,124.5,2.0
2025-05-28 07:43:52,90.0,44.0,123.0,24.0,60.59,41.0,125.12,24.0,106.5,33.0,85.0,48.0,9.146710884247245,133,37.0,10.0,0.28,123.0,2.0
2025-05-28 07:43:57,108.0,10.0,121.79,14.0,45.5,40.0,125.18,39.0,114.89,13.790000000000006,50.0,53.0,13.001564136671906,103,-3.0,-8.0,-0.03,122.2,5.0
2025-05-28 07:44:02,98.67,49.0,175.68,47.0,83.2,60.0,213.67,48.0,137.18,77.01,109.0,95.0,38.71679674249943,204,14.0,17.0,0.07,122.2,
2025-05-28 07:44:03,89.33,91.0,121.15,39.0,35.43,42.0,122.74,54.0,105.24,31.820000000000007,133.0,93.0,36.91375109630577,226,40.0,22.0,0.18,122.2,
2025-05-28 07:44:07,123.33,12.0,352.53,17.0,97.11,18.0,578.6,10.0,237.93,229.2,30.0,27.0,63.22654719340612,57,3.0,-1.0,0.05,122.2,
