DateTime,Bid1_Price,Bid1_Volume,Ask1_Price,Ask1_Volume,Bid2_Price,Bid2_Volume,Ask2_Price,Ask2_Volume,Mid-Price,Bid_Ask_Spread,Market_Depth_Bid,Market_Depth_Ask,Historical_Volatility,Total_volume,Cumulative_Volume_Difference,Total_Volume_Change_Corrected,Order_imbalance,Weighted_Avg_Price,Trade_Volume
2025-04-02 07:30:09,142.0,54.0,316.82,17.0,141.0,12.0,467.33,18.0,229.41,174.82,66.0,35.0,48.78367073109605,101,31.0,23.0,0.31,,
2025-04-02 07:30:10,143.33,6.0,317.0,12.0,142.0,27.0,318.0,6.0,230.17,173.67,33.0,18.0,56.87225307652228,51,15.0,-50.0,0.29,,
2025-04-02 07:30:11,144.0,16.0,249.53,30.0,142.0,72.0,261.8,20.0,196.77,105.53,88.0,50.0,60.88323685547605,138,38.0,87.0,0.28,,
2025-04-02 07:30:12,144.17,6.0,170.4,20.0,142.0,54.0,171.8,20.0,157.28,26.230000000000015,60.0,40.0,55.74496273207111,100,20.0,-38.0,0.2,144.0,1.0
2025-04-02 07:30:13,145.0,5.0,165.14,14.0,142.0,45.0,166.38,16.0,155.07,20.139999999999983,50.0,30.0,36.8557159745947,80,20.0,-20.0,0.25,144.0,
2025-04-02 07:30:14,142.05,63.0,150.53,30.0,141.36,25.0,162.47,34.0,146.29,8.47999999999999,88.0,64.0,35.46386160586569,152,24.0,72.0,0.16,142.5,6.0
2025-04-02 07:30:15,142.0,24.0,143.83,24.0,141.0,12.0,146.67,24.0,142.92,1.8300000000000125,36.0,48.0,21.58048261740211,84,-12.0,-68.0,-0.14,142.5,
2025-04-02 07:30:16,141.73,30.0,144.6,40.0,139.4,20.0,148.25,32.0,143.17,2.8700000000000045,50.0,72.0,6.77657952067224,122,-22.0,38.0,-0.18,142.0,4.0
2025-04-02 07:30:17,141.26,19.0,145.46,26.0,138.67,24.0,147.22,46.0,143.36,4.200000000000017,43.0,72.0,5.164365401479102,115,-29.0,-7.0,-0.25,142.0,
2025-04-02 07:30:18,142.78,9.0,145.0,18.0,141.0,18.0,147.16,38.0,143.89,2.219999999999999,27.0,56.0,1.368732990759869,83,-29.0,-32.0,-0.35,142.0,
2025-04-02 07:30:19,142.27,22.0,145.85,52.0,140.11,36.0,151.36,100.0,144.06,3.579999999999984,58.0,152.0,0.481819468260106,210,-94.0,127.0,-0.45,143.0,1.0
2025-04-02 07:30:20,139.21,38.0,147.31,26.0,136.75,81.0,152.2,60.0,143.26,8.099999999999994,119.0,86.0,0.400087490424845,205,33.0,-5.0,0.16,139.67,3.0
2025-04-02 07:30:21,138.57,75.0,144.67,15.0,136.83,115.0,147.74,57.0,141.62,6.099999999999994,190.0,72.0,0.9661883874247544,262,118.0,57.0,0.45,143.0,2.0
2025-04-02 07:30:22,137.0,154.0,142.36,14.0,134.83,23.0,143.43,14.0,139.68,5.360000000000014,177.0,28.0,1.8486535640823585,205,149.0,-57.0,0.73,143.0,
2025-04-02 07:30:23,137.0,132.0,141.0,12.0,135.0,12.0,143.6,20.0,139.0,4.0,144.0,32.0,2.1923229689063515,176,112.0,-29.0,0.64,143.0,
2025-04-02 07:30:24,137.0,99.0,140.89,9.0,135.0,9.0,144.0,18.0,138.94,3.8899999999999855,108.0,27.0,1.8860010604435724,135,81.0,-41.0,0.6,143.0,
2025-04-02 07:30:25,137.0,76.0,140.0,11.0,131.71,17.0,143.83,24.0,138.5,3.0,93.0,35.0,1.2327692403666777,128,58.0,-7.0,0.45,137.0,5.0
2025-04-02 07:30:26,137.0,96.0,138.5,44.0,135.0,16.0,143.4,60.0,137.75,1.5,112.0,104.0,0.7111821145066735,216,8.0,88.0,0.04,137.0,
2025-04-02 07:30:27,138.45,44.0,143.25,48.0,138.12,32.0,144.81,32.0,140.85,4.800000000000011,76.0,80.0,1.1443644524338403,156,-4.0,-60.0,-0.03,138.0,3.0
2025-04-02 07:30:28,143.0,20.0,144.0,60.0,142.0,40.0,145.0,20.0,143.5,1.0,60.0,80.0,2.311183679415011,140,-20.0,-16.0,-0.14,138.0,
2025-04-02 07:30:29,142.05,37.0,143.76,63.0,140.77,88.0,144.35,46.0,142.91,1.7099999999999795,125.0,109.0,2.5636438910258925,234,16.0,94.0,0.07,142.4,5.0
2025-04-02 07:30:30,142.0,10.0,143.0,20.0,141.0,60.0,144.82,22.0,142.5,1.0,70.0,42.0,2.3169527401296794,112,28.0,-122.0,0.25,142.4,
2025-04-02 07:30:31,142.0,8.0,143.0,16.0,141.0,48.0,145.0,16.0,142.5,1.0,56.0,32.0,0.9847690084453724,88,24.0,-24.0,0.27,143.0,2.0
2025-04-02 07:30:32,142.52,23.0,144.73,30.0,141.06,70.0,148.0,60.0,143.63,2.2099999999999795,93.0,90.0,0.5372801876065356,183,3.0,95.0,0.02,143.0,3.0
2025-04-02 07:30:33,142.0,12.0,144.0,24.0,141.0,72.0,148.5,48.0,143.0,2.0,84.0,72.0,0.4644028423626525,156,12.0,-27.0,0.08,143.0,
2025-04-02 07:30:34,142.0,11.0,143.0,33.0,141.0,66.0,144.0,22.0,142.5,1.0,77.0,55.0,0.498878742776744,132,22.0,-24.0,0.17,143.0,
2025-04-02 07:30:35,141.01,91.0,143.12,33.0,137.48,124.0,145.72,36.0,142.07,2.1100000000000136,215.0,69.0,0.5966154540359345,284,146.0,152.0,0.51,142.0,1.0
2025-04-02 07:30:36,141.0,46.0,142.22,18.0,137.0,108.0,148.08,26.0,141.61,1.2199999999999989,154.0,44.0,0.7881433879659782,198,110.0,-86.0,0.56,141.0,4.0
2025-04-02 07:30:37,137.21,116.0,161.28,29.0,136.57,46.0,200.78,37.0,149.24,24.069999999999997,162.0,66.0,3.1482264848632693,228,96.0,30.0,0.42,139.0,4.0
2025-04-02 07:30:38,138.0,20.0,144.0,20.0,137.0,100.0,146.0,20.0,141.0,6.0,120.0,40.0,3.3756969650717354,160,80.0,-68.0,0.5,139.0,
2025-04-02 07:30:39,138.12,16.0,143.07,30.0,137.0,80.0,144.25,16.0,140.6,4.949999999999989,96.0,46.0,3.5863811844245626,142,50.0,-18.0,0.35,139.0,
2025-04-02 07:30:40,139.82,34.0,142.8,60.0,137.0,172.0,144.0,34.0,141.31,2.980000000000018,206.0,94.0,3.646171965225245,300,112.0,158.0,0.37,142.0,2.0
2025-04-02 07:30:41,141.0,20.0,142.0,20.0,137.0,101.0,144.71,35.0,141.5,1.0,121.0,55.0,3.655106017613517,176,66.0,-124.0,0.38,142.0,
2025-04-02 07:30:42,141.0,60.0,142.0,18.0,137.0,90.0,145.0,45.0,141.5,1.0,150.0,63.0,0.3842134823175487,213,87.0,37.0,0.41,142.0,
2025-04-02 07:30:43,137.0,30.0,145.0,15.0,135.0,3.0,146.0,6.0,141.0,8.0,33.0,21.0,0.3842134823175487,54,12.0,-159.0,0.22,141.0,2.0
2025-04-02 07:30:44,137.0,150.0,145.0,75.0,135.0,15.0,146.0,30.0,141.0,8.0,165.0,105.0,0.2514358765064591,270,60.0,180.0,0.22,141.0,
2025-04-02 07:30:45,137.0,90.0,145.0,45.0,135.0,9.0,146.0,18.0,141.0,8.0,99.0,63.0,0.2738612787426704,162,36.0,-108.0,0.22,141.0,
2025-04-02 07:30:46,139.88,51.0,145.0,30.0,136.82,33.0,146.0,12.0,142.44,5.1200000000000045,84.0,42.0,0.6266737588207811,126,42.0,-36.0,0.33,141.0,
2025-04-02 07:30:47,142.85,61.0,145.0,50.0,136.98,91.0,146.0,20.0,143.93,2.1500000000000057,152.0,70.0,1.3075855612519407,222,82.0,96.0,0.37,144.0,7.0
2025-04-02 07:30:48,138.06,85.0,143.92,39.0,136.62,37.0,144.86,28.0,140.99,5.859999999999985,122.0,67.0,1.309263151545382,189,55.0,-33.0,0.29,143.0,6.0
2025-04-02 07:30:49,142.82,34.0,144.0,70.0,138.15,104.0,145.0,32.0,143.41,1.1800000000000068,138.0,102.0,1.3509367120611238,240,36.0,51.0,0.15,143.33,3.0
2025-04-02 07:30:50,142.0,22.0,143.96,23.0,137.0,90.0,178.87,15.0,142.98,1.960000000000008,112.0,38.0,1.1263436420535704,150,74.0,-90.0,0.49,142.0,1.0
2025-04-02 07:30:51,142.0,24.0,144.0,48.0,137.5,80.0,315.0,12.0,143.0,2.0,104.0,60.0,1.115602975970615,164,44.0,14.0,0.27,142.0,
2025-04-02 07:30:52,142.91,92.0,144.0,32.0,141.64,22.0,281.96,23.0,143.46,1.0900000000000034,114.0,55.0,1.0187099685359398,169,59.0,5.0,0.35,142.0,
2025-04-02 07:30:54,142.17,53.0,219.17,58.0,137.7,57.0,379.5,28.0,180.67,77.0,110.0,86.0,75.6029369138527,196,24.0,10.0,0.12,142.0,5.0
2025-04-02 07:30:55,143.5,48.0,145.0,36.0,141.0,12.0,257.0,12.0,144.25,1.5,60.0,48.0,75.42609608086575,108,12.0,-88.0,0.11,142.0,
2025-04-02 07:30:56,142.75,20.0,327.61,33.0,137.87,46.0,517.57,35.0,235.18,184.86,66.0,68.0,73.59199868192186,134,-2.0,26.0,-0.01,145.0,3.0
2025-04-02 07:30:57,144.0,1.0,187.0,1.0,141.0,1.0,382.0,4.0,165.5,43.0,2.0,5.0,69.59282312135346,7,-3.0,-127.0,-0.43,145.0,
2025-04-02 07:30:58,140.45,53.0,240.12,8.0,135.65,31.0,382.0,32.0,190.29,99.67000000000002,84.0,40.0,33.87100338047268,124,44.0,117.0,0.35,138.43,7.0
2025-04-02 07:30:59,143.0,55.0,367.0,15.0,136.0,20.0,423.71,14.0,255.0,224.0,75.0,29.0,46.465307811312194,104,46.0,-20.0,0.44,138.43,
2025-04-02 07:31:00,143.0,88.0,256.75,32.0,136.0,32.0,353.52,25.0,199.88,113.75,120.0,57.0,35.80061591648932,177,63.0,73.0,0.36,138.43,
2025-04-02 07:31:01,143.0,99.0,147.0,49.0,136.0,36.0,169.33,9.0,145.0,4.0,135.0,58.0,41.657888568673165,193,77.0,16.0,0.4,138.43,
2025-04-02 07:31:02,143.0,55.0,144.0,20.0,136.0,20.0,147.0,30.0,143.5,1.0,75.0,50.0,45.979926924691725,125,25.0,-68.0,0.2,138.43,
2025-04-02 07:31:03,143.0,86.0,144.0,36.0,136.74,61.0,147.0,54.0,143.5,1.0,147.0,90.0,49.68724061567509,237,57.0,112.0,0.24,143.0,5.0
2025-04-02 07:31:04,143.0,60.0,144.0,40.0,137.05,82.0,147.0,60.0,143.5,1.0,142.0,100.0,25.054617937617675,242,42.0,5.0,0.17,143.0,
2025-04-02 07:31:05,143.0,57.0,144.0,20.0,141.0,5.0,147.0,30.0,143.5,1.0,62.0,50.0,0.670820393245533,112,12.0,-130.0,0.11,143.0,
2025-04-02 07:31:06,143.0,90.0,144.0,24.0,141.67,9.0,147.0,36.0,143.5,1.0,99.0,60.0,0.0,159,39.0,47.0,0.25,143.0,
2025-04-02 07:31:07,143.0,100.0,144.0,48.0,141.59,17.0,147.0,12.0,143.5,1.0,117.0,60.0,0.0,177,57.0,18.0,0.32,143.0,10.0
2025-04-02 07:31:08,143.0,45.0,144.0,36.0,141.0,9.0,147.0,9.0,143.5,1.0,54.0,45.0,0.0,99,9.0,-78.0,0.09,143.0,
2025-04-02 07:31:09,143.0,40.0,144.0,32.0,141.0,8.0,147.0,8.0,143.5,1.0,48.0,40.0,0.0,88,8.0,-11.0,0.09,143.0,
2025-04-02 07:31:10,143.0,45.0,144.0,36.0,141.0,9.0,147.0,9.0,143.5,1.0,54.0,45.0,0.0,99,9.0,11.0,0.09,143.0,
2025-04-02 07:31:11,143.0,17.0,144.0,40.0,141.0,9.0,147.0,12.0,143.5,1.0,26.0,52.0,0.0,78,-26.0,-21.0,-0.33,143.0,4.0
2025-04-02 07:31:12,141.86,14.0,144.0,60.0,137.24,85.0,147.0,10.0,142.93,2.1399999999999864,99.0,70.0,0.2549117494233903,169,29.0,91.0,0.17,143.0,1.0
2025-04-02 07:31:13,142.13,23.0,143.91,66.0,141.0,13.0,145.32,28.0,143.02,1.7800000000000011,36.0,94.0,0.2893095228195743,130,-58.0,-39.0,-0.45,142.0,2.0
2025-04-02 07:31:14,141.62,13.0,144.0,42.0,137.28,85.0,145.6,10.0,142.81,2.3799999999999955,98.0,52.0,0.3262974103392257,150,46.0,20.0,0.31,144.0,1.0
2025-04-02 07:31:15,142.33,15.0,144.0,40.0,138.6,25.0,145.0,10.0,143.17,1.6699999999999875,40.0,50.0,0.2661390613834867,90,-10.0,-60.0,-0.11,143.0,4.0
2025-04-02 07:31:16,141.0,7.0,144.0,28.0,138.0,28.0,145.0,7.0,142.5,3.0,35.0,35.0,0.2526459973838459,70,0.0,-20.0,0.0,143.0,
2025-04-02 07:31:17,141.9,31.0,143.57,35.0,139.11,19.0,144.37,19.0,142.74,1.6699999999999875,50.0,54.0,0.2585923432626688,104,-4.0,34.0,-0.04,143.0,
2025-04-02 07:31:18,142.1,59.0,143.21,42.0,141.12,16.0,146.18,28.0,142.66,1.1100000000000136,75.0,70.0,0.2486563894093187,145,5.0,41.0,0.03,142.0,3.0
2025-04-02 07:31:19,142.95,37.0,144.34,29.0,138.94,31.0,146.9,48.0,143.65,1.3900000000000148,68.0,77.0,0.4660793923722387,145,-9.0,0.0,-0.06,142.75,4.0
2025-04-02 07:31:20,141.0,12.0,144.0,36.0,137.0,195.0,146.55,66.0,142.5,3.0,207.0,102.0,0.4809365862502878,309,105.0,164.0,0.34,142.75,
2025-04-02 07:31:21,141.0,14.0,143.19,16.0,137.21,189.0,145.05,44.0,142.09,2.1899999999999977,203.0,60.0,0.5731230234374416,263,143.0,-46.0,0.54,142.75,
2025-04-02 07:31:22,141.0,12.0,144.53,40.0,137.0,228.0,145.11,38.0,142.76,3.530000000000001,240.0,78.0,0.5732974794939136,318,162.0,55.0,0.51,142.75,
2025-04-02 07:31:23,141.0,9.0,144.7,23.0,137.0,171.0,145.04,49.0,142.85,3.6999999999999886,180.0,72.0,0.5736287998297123,252,108.0,-66.0,0.43,142.75,
2025-04-02 07:31:24,137.24,101.0,143.57,14.0,136.88,129.0,144.93,43.0,140.4,6.329999999999984,230.0,57.0,1.0057584202948733,287,173.0,35.0,0.6,142.75,
2025-04-02 07:31:25,137.0,171.0,143.64,11.0,136.0,27.0,144.95,37.0,140.32,6.639999999999986,198.0,48.0,1.2441181615883672,246,150.0,-41.0,0.61,143.0,2.0
2025-04-02 07:31:26,137.26,122.0,143.0,10.0,136.81,94.0,145.0,50.0,140.13,5.740000000000009,216.0,60.0,1.385016245389919,276,156.0,30.0,0.57,143.0,
2025-04-02 07:31:27,141.0,16.0,142.0,8.0,137.0,152.0,145.0,40.0,141.5,1.0,168.0,48.0,1.1449672484372544,216,120.0,-60.0,0.56,143.0,
2025-04-02 07:31:28,141.0,24.0,142.0,12.0,137.0,165.0,145.28,50.0,141.5,1.0,189.0,62.0,0.6735725647574726,251,127.0,35.0,0.51,143.0,
2025-04-02 07:31:29,137.1,78.0,142.0,10.0,134.88,48.0,145.86,28.0,139.55,4.900000000000006,126.0,38.0,0.8691662671744346,164,88.0,-87.0,0.54,138.33,6.0
2025-04-02 07:31:30,137.0,64.0,142.0,8.0,134.0,34.0,145.0,40.0,139.5,5.0,98.0,48.0,1.0023622099789724,146,50.0,-18.0,0.34,138.33,
2025-04-02 07:31:31,137.0,64.0,143.38,13.0,134.0,16.0,145.09,44.0,140.19,6.379999999999996,80.0,57.0,0.9981332576334332,137,23.0,-9.0,0.17,142.0,1.0
2025-04-02 07:31:32,140.5,80.0,145.0,66.0,136.59,74.0,147.0,26.0,142.75,4.5,154.0,92.0,1.4022374977135446,246,62.0,109.0,0.25,144.25,4.0
2025-04-02 07:31:33,143.95,19.0,145.0,55.0,137.74,73.0,147.0,22.0,144.47,1.0500000000000114,92.0,77.0,2.2184273709080444,169,15.0,-77.0,0.09,143.6,5.0
2025-04-02 07:31:34,139.57,21.0,145.0,60.0,136.92,78.0,147.0,24.0,142.29,5.430000000000007,99.0,84.0,2.0090793911625355,183,15.0,14.0,0.08,138.2,5.0
2025-04-02 07:31:35,137.0,9.0,144.67,24.0,136.0,12.0,145.81,16.0,140.83,7.6699999999999875,21.0,40.0,1.6834726014978778,61,-19.0,-122.0,-0.31,137.0,3.0
2025-04-02 07:31:36,135.55,20.0,143.0,20.0,133.79,38.0,144.0,30.0,139.28,7.449999999999989,58.0,50.0,1.967607684472186,108,8.0,47.0,0.07,136.0,2.0
2025-04-02 07:31:37,137.53,15.0,143.0,18.0,135.5,32.0,144.0,27.0,140.27,5.469999999999999,47.0,45.0,2.0192374798408284,92,2.0,-16.0,0.02,136.0,
2025-04-02 07:31:38,139.44,9.0,142.94,17.0,138.0,36.0,143.95,40.0,141.19,3.5,45.0,57.0,1.1136067528503455,102,-12.0,10.0,-0.12,136.0,
2025-04-02 07:31:39,138.44,45.0,144.27,41.0,137.6,43.0,144.91,35.0,141.36,5.8300000000000125,88.0,76.0,0.8409696784033823,164,12.0,62.0,0.07,140.0,1.0
2025-04-02 07:31:40,141.11,53.0,144.88,48.0,136.64,22.0,145.92,26.0,142.99,3.769999999999982,75.0,74.0,1.3798079576498798,149,1.0,-15.0,0.01,140.0,
2025-04-02 07:31:41,143.0,70.0,144.85,41.0,138.0,28.0,145.83,24.0,143.93,1.8499999999999943,98.0,65.0,1.4790267069914622,163,33.0,14.0,0.2,143.75,4.0
2025-04-02 07:31:42,143.0,90.0,145.0,63.0,138.0,36.0,147.0,18.0,144.0,2.0,126.0,81.0,1.3566981978295871,207,45.0,44.0,0.22,143.75,
2025-04-02 07:31:43,143.0,81.0,144.0,10.0,138.0,40.0,145.0,56.0,143.5,1.0,121.0,66.0,1.082002772636954,187,55.0,-20.0,0.29,143.0,5.0
2025-04-02 07:31:44,143.0,34.0,144.88,34.0,140.7,40.0,145.38,32.0,143.94,1.8799999999999957,74.0,66.0,0.4303138389525194,140,8.0,-47.0,0.06,143.0,3.0
2025-04-02 07:31:45,143.0,21.0,145.0,35.0,141.0,28.0,146.0,14.0,144.0,2.0,49.0,49.0,0.2116128540378537,98,0.0,-42.0,0.0,143.0,
2025-04-02 07:31:46,143.0,21.0,145.0,35.0,141.94,143.0,146.0,14.0,144.0,2.0,164.0,49.0,0.218449078720982,213,115.0,115.0,0.54,143.0,
2025-04-02 07:31:47,143.0,31.0,144.7,50.0,142.0,270.0,145.48,29.0,143.85,1.6999999999999886,301.0,79.0,0.209332271745296,380,222.0,167.0,0.58,143.0,
2025-04-02 07:31:48,142.0,270.0,144.68,38.0,141.0,40.0,145.83,24.0,143.34,2.680000000000007,310.0,62.0,0.2785318653117516,372,248.0,-8.0,0.67,143.0,4.0
2025-04-02 07:31:49,142.0,108.0,143.9,10.0,141.0,16.0,145.33,9.0,142.95,1.9000000000000057,124.0,19.0,0.4660150212107353,143,105.0,-180.0,0.73,143.0,
2025-04-02 07:31:50,142.0,161.0,143.38,8.0,141.0,24.0,144.24,17.0,142.69,1.3799999999999957,185.0,25.0,0.562787704195845,210,160.0,67.0,0.76,142.0,1.0
2025-04-02 07:31:51,142.28,36.0,144.55,29.0,141.98,264.0,146.22,18.0,143.41,2.2700000000000102,300.0,47.0,0.4464526850563506,347,253.0,137.0,0.73,142.0,
2025-04-02 07:31:52,143.0,11.0,145.29,28.0,142.0,286.0,146.69,13.0,144.14,2.289999999999992,297.0,41.0,0.5508448057248279,338,256.0,-9.0,0.76,142.0,
2025-04-02 07:31:53,143.0,10.0,144.0,50.0,142.0,260.0,146.0,20.0,143.5,1.0,270.0,70.0,0.5579157642458438,340,200.0,2.0,0.59,142.0,
2025-04-02 07:31:54,143.0,11.0,144.0,55.0,142.0,286.0,146.59,17.0,143.5,1.0,297.0,72.0,0.5148494925645959,369,225.0,29.0,0.61,142.0,
2025-04-02 07:31:55,142.16,62.0,144.0,35.0,141.94,138.0,146.91,11.0,143.08,1.8400000000000036,200.0,46.0,0.3842915559754287,246,154.0,-123.0,0.63,143.0,1.0
2025-04-02 07:31:56,143.0,48.0,144.0,40.0,142.0,208.0,146.0,24.0,143.5,1.0,256.0,64.0,0.3795787138315523,320,192.0,74.0,0.6,143.0,
2025-04-02 07:31:57,142.24,102.0,144.62,29.0,141.9,116.0,146.4,15.0,143.43,2.3799999999999955,218.0,44.0,0.1825376673293038,262,174.0,-58.0,0.66,144.0,5.0
2025-04-02 07:31:58,142.0,182.0,145.0,9.0,141.0,28.0,146.11,19.0,143.5,3.0,210.0,28.0,0.1825376673293038,238,182.0,-24.0,0.76,144.0,
2025-04-02 07:31:59,142.0,338.0,145.61,31.0,141.0,52.0,148.44,64.0,143.81,3.6100000000000136,390.0,95.0,0.260249879911634,485,295.0,180.0,0.61,143.0,1.0
2025-04-02 07:32:00,142.0,364.0,145.65,26.0,141.0,56.0,147.11,54.0,143.83,3.6500000000000057,420.0,80.0,0.1903417978112377,500,340.0,15.0,0.68,143.0,
2025-04-02 07:32:01,142.0,312.0,145.91,23.0,141.0,48.0,148.6,42.0,143.96,3.9099999999999966,360.0,65.0,0.2287575135247074,425,295.0,-75.0,0.69,145.0,2.0
2025-04-02 07:32:02,142.0,156.0,145.0,38.0,141.0,24.0,146.5,8.0,143.5,3.0,180.0,46.0,0.2089258241434188,226,134.0,-180.0,0.59,145.0,
2025-04-02 07:32:03,142.0,196.0,145.0,56.0,141.0,32.0,147.0,8.0,143.5,3.0,228.0,64.0,0.2089258241434188,292,164.0,66.0,0.56,142.0,3.0
2025-04-02 07:32:04,142.0,146.0,145.0,49.0,141.0,28.0,147.0,7.0,143.5,3.0,174.0,56.0,0.2211786608016616,230,118.0,-62.0,0.51,142.0,3.0
2025-04-02 07:32:05,142.0,100.0,145.0,35.0,141.0,20.0,147.0,5.0,143.5,3.0,120.0,40.0,0.2057182539154642,160,80.0,-70.0,0.5,142.0,
2025-04-02 07:32:06,142.0,180.0,145.0,63.0,141.0,36.0,147.0,9.0,143.5,3.0,216.0,72.0,0.0,288,144.0,128.0,0.5,142.0,
2025-04-02 07:32:07,142.0,280.0,144.81,86.0,141.0,56.0,145.53,38.0,143.41,2.8100000000000023,336.0,124.0,0.0402492235210081,460,212.0,172.0,0.46,142.0,
2025-04-02 07:32:08,142.0,280.0,143.43,56.0,141.0,56.0,145.0,94.0,142.71,1.4300000000000068,336.0,150.0,0.3454417461657857,486,186.0,26.0,0.38,142.0,
2025-04-02 07:32:09,142.0,240.0,143.0,39.0,141.0,48.0,145.0,60.0,142.5,1.0,288.0,99.0,0.4809677743821345,387,189.0,-99.0,0.49,143.0,3.0
2025-04-02 07:32:10,142.0,231.0,144.75,40.0,141.0,48.0,145.36,39.0,143.38,2.75,279.0,79.0,0.4600543446095338,358,200.0,-29.0,0.56,142.5,2.0
2025-04-02 07:32:11,142.0,209.0,145.0,55.0,141.0,44.0,146.0,22.0,143.5,3.0,253.0,77.0,0.4600543446095338,330,176.0,-28.0,0.53,142.5,
2025-04-02 07:32:12,143.76,66.0,145.0,35.0,142.51,78.0,146.0,14.0,144.38,1.240000000000009,144.0,49.0,0.7417411947533129,193,95.0,-137.0,0.49,142.5,
2025-04-02 07:32:13,144.0,83.0,145.0,65.0,143.0,104.0,146.53,17.0,144.5,1.0,187.0,82.0,0.8175084097390152,269,105.0,76.0,0.39,144.0,7.0
2025-04-02 07:32:14,143.56,32.0,145.0,36.0,142.46,105.0,148.0,13.0,144.28,1.4399999999999975,137.0,49.0,0.5260418234265718,186,88.0,-83.0,0.47,143.75,8.0
2025-04-02 07:32:15,143.0,39.0,145.0,26.0,142.0,247.0,146.0,13.0,144.0,2.0,286.0,39.0,0.3986477141461253,325,247.0,139.0,0.76,143.75,
2025-04-02 07:32:16,143.0,30.0,145.0,20.0,141.83,115.0,146.0,10.0,144.0,2.0,145.0,30.0,0.2256546033076102,175,115.0,-150.0,0.66,143.75,
2025-04-02 07:32:17,143.0,24.0,144.67,12.0,141.78,18.0,145.45,11.0,143.83,1.6699999999999875,42.0,23.0,0.2659323222061037,65,19.0,-110.0,0.29,143.75,
2025-04-02 07:32:18,143.0,27.0,144.6,10.0,142.0,20.0,146.75,28.0,143.8,1.5999999999999943,47.0,38.0,0.1908402473116072,85,9.0,20.0,0.11,143.0,1.0
2025-04-02 07:32:19,143.0,18.0,146.0,9.0,142.0,18.0,147.0,63.0,144.5,3.0,36.0,72.0,0.28085583489389,108,-36.0,23.0,-0.33,143.0,
2025-04-02 07:32:20,142.8,20.0,146.0,10.0,141.29,21.0,147.0,70.0,144.4,3.1999999999999886,41.0,80.0,0.3250846043631223,121,-39.0,13.0,-0.32,142.2,5.0
2025-04-02 07:32:21,142.81,70.0,146.39,18.0,140.52,25.0,147.18,82.0,144.6,3.579999999999984,95.0,100.0,0.3819424040269701,195,-5.0,74.0,-0.03,146.0,1.0
2025-04-02 07:32:22,144.11,46.0,146.8,61.0,142.95,86.0,148.36,77.0,145.46,2.6899999999999977,132.0,138.0,0.5954158210812358,270,-6.0,75.0,-0.02,146.0,
2025-04-02 07:32:23,143.44,32.0,146.91,46.0,142.35,31.0,191.66,44.0,145.18,3.469999999999999,63.0,90.0,0.4653170961761392,153,-27.0,-117.0,-0.18,144.2,5.0
2025-04-02 07:32:24,143.89,27.0,146.65,43.0,142.67,36.0,291.3,40.0,145.27,2.7600000000000198,63.0,83.0,0.4569682702264594,146,-20.0,-7.0,-0.14,144.2,
2025-04-02 07:32:25,143.0,39.0,146.0,27.0,141.0,18.0,148.0,63.0,144.5,3.0,57.0,90.0,0.4262862887705415,147,-33.0,1.0,-0.22,143.0,3.0
2025-04-02 07:32:26,143.0,20.0,145.13,46.0,141.0,20.0,146.77,39.0,144.07,2.1299999999999955,40.0,85.0,0.5868815894145868,125,-45.0,-22.0,-0.36,143.0,
2025-04-02 07:32:27,143.0,15.0,144.93,41.0,141.0,22.0,145.62,39.0,143.96,1.9300000000000068,37.0,80.0,0.6094505722319525,117,-43.0,-8.0,-0.37,144.33,3.0
2025-04-02 07:32:28,142.0,16.0,143.56,48.0,138.14,56.0,145.86,72.0,142.78,1.5600000000000025,72.0,120.0,0.9069895258457764,192,-48.0,75.0,-0.25,142.0,2.0
2025-04-02 07:32:29,141.0,9.0,143.0,27.0,137.0,60.0,146.0,72.0,142.0,2.0,69.0,99.0,1.0365423290893934,168,-30.0,-24.0,-0.18,142.0,
2025-04-02 07:32:30,141.0,6.0,143.0,18.0,137.0,54.0,146.0,48.0,142.0,2.0,60.0,66.0,1.0133706133464502,126,-6.0,-42.0,-0.05,142.0,
2025-04-02 07:32:31,141.19,48.0,143.0,33.0,137.44,91.0,146.0,88.0,142.09,1.8100000000000025,139.0,121.0,0.8450325437486021,260,18.0,134.0,0.07,141.0,3.0
2025-04-02 07:32:32,140.16,38.0,143.0,30.0,136.84,74.0,146.0,80.0,141.58,2.8400000000000034,112.0,110.0,0.4337049688374575,222,2.0,-38.0,0.01,140.0,5.0
2025-04-02 07:32:33,137.06,77.0,141.43,42.0,136.17,65.0,144.78,82.0,139.25,4.3700000000000045,142.0,124.0,1.2093097204580856,266,18.0,44.0,0.07,140.0,
2025-04-02 07:32:34,137.05,42.0,140.3,30.0,136.43,28.0,143.7,50.0,138.67,3.25,70.0,80.0,1.6292851193067837,150,-10.0,-116.0,-0.07,137.5,2.0
2025-04-02 07:32:35,137.0,50.0,139.8,30.0,136.0,20.0,142.61,46.0,138.4,2.800000000000012,70.0,76.0,1.714342439536105,146,-6.0,-4.0,-0.04,137.5,
2025-04-02 07:32:36,137.0,38.0,138.4,30.0,136.0,20.0,141.83,46.0,137.7,1.4000000000000057,58.0,76.0,1.483728411804094,134,-18.0,-12.0,-0.13,137.0,5.0
2025-04-02 07:32:37,136.0,18.0,142.12,25.0,135.0,27.0,142.28,39.0,139.06,6.1200000000000045,45.0,64.0,0.6098606398143176,109,-19.0,-25.0,-0.17,137.0,
2025-04-02 07:32:38,136.0,20.0,139.23,39.0,135.0,30.0,140.98,41.0,137.62,3.2299999999999898,50.0,80.0,0.6217716622641727,130,-30.0,21.0,-0.23,137.0,
2025-04-02 07:32:39,136.0,20.0,138.92,37.0,135.0,30.0,140.45,29.0,137.46,2.9199999999999875,50.0,66.0,0.6704625269131494,116,-16.0,-14.0,-0.14,138.75,4.0
2025-04-02 07:32:40,136.23,39.0,163.57,53.0,135.04,47.0,193.36,53.0,149.9,27.340000000000003,86.0,106.0,5.378059129462468,192,-20.0,76.0,-0.1,141.0,7.0
2025-04-02 07:32:41,137.0,108.0,220.3,50.0,136.0,24.0,286.07,42.0,178.65,83.30000000000001,132.0,92.0,17.609265174901363,224,40.0,32.0,0.18,141.0,
2025-04-02 07:32:42,137.72,79.0,192.6,75.0,137.67,86.0,338.71,59.0,165.16,54.88,165.0,134.0,17.96219140305529,299,31.0,75.0,0.1,141.0,
2025-04-02 07:32:43,140.0,18.0,141.44,45.0,138.0,54.0,150.22,45.0,140.72,1.4399999999999975,72.0,90.0,17.307467174603953,162,-18.0,-137.0,-0.11,141.0,5.0
2025-04-02 07:32:44,141.0,16.0,142.0,35.0,140.0,14.0,174.0,35.0,141.5,1.0,30.0,70.0,16.39019157911198,100,-40.0,-62.0,-0.4,141.0,3.0
2025-04-02 07:32:45,139.47,17.0,141.22,23.0,135.33,43.0,145.2,50.0,140.34,1.75,60.0,73.0,17.668734533066974,133,-13.0,33.0,-0.1,140.33,3.0
2025-04-02 07:32:46,136.85,13.0,141.0,20.0,134.88,51.0,142.0,50.0,138.92,4.150000000000006,64.0,70.0,11.125849181073503,134,-6.0,1.0,-0.04,136.33,3.0
2025-04-02 07:32:47,136.56,9.0,140.33,18.0,133.82,11.0,141.56,27.0,138.44,3.77000000000001,20.0,45.0,1.2730593073358198,65,-25.0,-69.0,-0.38,136.33,
2025-04-02 07:32:48,135.78,18.0,141.31,35.0,124.73,33.0,142.28,43.0,138.55,5.530000000000001,51.0,78.0,1.328118970572437,129,-27.0,64.0,-0.21,139.0,2.0
2025-04-02 07:32:52,140.88,17.0,142.0,42.0,125.69,13.0,144.0,30.0,141.44,1.1200000000000043,30.0,72.0,16.2782993583481,102,-42.0,-40.0,-0.41,139.0,
2025-04-02 07:32:53,140.93,30.0,142.0,36.0,138.8,25.0,144.0,55.0,141.47,1.0699999999999932,55.0,91.0,17.018112410017626,146,-36.0,44.0,-0.25,141.33,3.0
2025-04-02 07:32:54,138.0,14.0,142.0,35.0,134.93,29.0,144.0,35.0,140.0,4.0,43.0,70.0,17.906343847921484,113,-27.0,-33.0,-0.24,141.33,
2025-04-02 07:32:55,138.0,18.0,142.0,63.0,135.0,38.0,144.0,45.0,140.0,4.0,56.0,108.0,12.582165950264482,164,-52.0,51.0,-0.32,141.33,
2025-04-02 07:32:56,135.06,69.0,142.0,98.0,134.51,71.0,144.0,70.0,138.53,6.939999999999998,140.0,168.0,1.222771442255007,308,-28.0,144.0,-0.09,140.0,4.0
2025-04-02 07:32:57,137.0,9.0,142.0,20.0,134.45,22.0,144.0,20.0,139.5,5.0,31.0,40.0,1.0632262223978637,71,-9.0,-180.0,-0.13,140.0,
2025-04-02 07:32:58,141.0,13.0,142.0,61.0,136.54,78.0,144.0,65.0,141.5,1.0,91.0,126.0,1.0743276967454725,217,-35.0,146.0,-0.16,142.0,4.0
2025-04-02 07:32:59,141.0,10.0,143.09,35.0,137.0,69.0,148.6,47.0,142.04,2.0900000000000034,79.0,82.0,1.443045390829539,161,-3.0,-56.0,-0.02,142.0,1.0
2025-04-02 07:33:00,137.74,43.0,142.89,65.0,136.68,63.0,221.87,60.0,140.32,5.149999999999977,106.0,125.0,1.4326967578641228,231,-19.0,70.0,-0.08,140.43,7.0
2025-04-02 07:33:01,137.0,30.0,143.71,21.0,135.0,6.0,190.0,21.0,140.36,6.710000000000008,36.0,42.0,1.015618038434887,78,-6.0,-153.0,-0.08,143.0,2.0
2025-04-02 07:33:02,138.09,55.0,144.0,55.0,136.05,19.0,322.0,22.0,141.05,5.909999999999997,74.0,77.0,0.7401891650073552,151,-3.0,73.0,-0.02,143.0,
2025-04-02 07:33:03,143.0,33.0,144.0,36.0,137.0,45.0,262.89,18.0,143.5,1.0,78.0,54.0,1.3393580551869693,132,24.0,-19.0,0.18,143.5,6.0
2025-04-02 07:33:04,143.0,20.0,144.0,20.0,137.0,50.0,295.13,23.0,143.5,1.0,70.0,43.0,1.627261503260669,113,27.0,-19.0,0.24,143.5,
2025-04-02 07:33:05,140.53,17.0,294.0,14.0,136.81,32.0,561.33,18.0,217.26,153.47,49.0,32.0,33.641380471080424,81,17.0,-32.0,0.21,143.5,4.0
2025-04-02 07:33:11,144.31,16.0,356.68,25.0,143.32,25.0,481.29,31.0,250.5,212.37,41.0,56.0,68.60070626458553,97,-15.0,-66.0,-0.15,144.0,3.0
2025-04-02 07:33:12,143.0,45.0,358.47,19.0,141.0,10.0,480.33,12.0,250.74,215.47000000000003,55.0,31.0,78.34179854968835,86,24.0,-11.0,0.28,144.0,
2025-04-02 07:33:13,143.0,57.0,415.43,28.0,141.0,14.0,584.11,27.0,279.21,272.43,71.0,55.0,63.40962087885371,126,16.0,40.0,0.13,143.0,3.0
2025-04-02 07:33:14,143.0,42.0,328.43,28.0,141.0,14.0,363.0,28.0,235.71,185.43,56.0,56.0,31.14732942003171,112,0.0,-14.0,0.0,143.0,
2025-04-02 07:33:15,143.0,26.0,299.0,24.0,141.0,12.0,366.67,24.0,221.0,156.0,38.0,48.0,21.60007337950452,86,-10.0,-26.0,-0.12,143.0,5.0
2025-04-02 07:33:16,143.0,10.0,326.2,40.0,141.0,20.0,386.0,40.0,234.6,183.2,30.0,80.0,22.19762532344352,110,-50.0,24.0,-0.45,143.0,
2025-04-02 07:33:17,143.0,8.0,325.0,32.0,141.0,16.0,447.07,28.0,234.0,182.0,24.0,60.0,22.23680575082632,84,-36.0,-26.0,-0.43,143.0,
2025-04-02 07:33:18,137.42,86.0,320.06,64.0,138.27,22.0,450.45,49.0,228.74,182.64,108.0,113.0,6.104735866520934,221,-5.0,137.0,-0.02,138.75,8.0
2025-04-02 07:33:19,137.0,65.0,243.76,49.0,135.0,13.0,251.83,46.0,190.38,106.76,78.0,95.0,18.362218820175052,173,-17.0,-48.0,-0.1,138.75,
2025-04-02 07:33:20,141.19,31.0,241.19,27.0,136.94,31.0,243.45,22.0,191.19,100.0,62.0,49.0,22.934419983945386,111,13.0,-62.0,0.12,138.75,
2025-04-02 07:33:21,142.0,67.0,219.23,47.0,137.0,74.0,235.84,51.0,180.62,77.22999999999999,141.0,98.0,24.512402575023067,239,43.0,128.0,0.18,138.75,
2025-04-02 07:33:22,142.0,70.0,211.21,56.0,137.0,84.0,238.96,46.0,176.61,69.21000000000001,154.0,102.0,20.664548628024804,256,52.0,17.0,0.2,138.75,
2025-04-02 07:33:23,142.0,55.0,208.7,40.0,137.0,66.0,214.46,37.0,175.35,66.69999999999999,121.0,77.0,7.523546371227182,198,44.0,-58.0,0.22,138.75,
2025-04-02 07:33:24,142.0,85.0,207.48,67.0,137.91,70.0,208.46,52.0,174.74,65.47999999999999,155.0,119.0,6.817966705698036,274,36.0,76.0,0.13,138.75,
2025-04-02 07:33:25,142.0,75.0,171.78,46.0,141.0,30.0,174.32,41.0,156.89,29.78,105.0,87.0,9.206707880671022,192,18.0,-82.0,0.09,138.75,
2025-04-02 07:33:26,142.0,51.0,143.12,34.0,141.0,22.0,144.1,40.0,142.56,1.1200000000000043,73.0,74.0,15.048616215453595,147,-1.0,-45.0,-0.01,142.0,4.0
2025-04-02 07:33:27,137.79,19.0,142.75,16.0,135.46,13.0,183.43,21.0,140.27,4.960000000000008,32.0,37.0,16.84652397380586,69,-5.0,-78.0,-0.07,142.0,1.0
2025-04-02 07:33:28,137.0,108.0,141.44,9.0,135.0,18.0,143.0,27.0,139.22,4.439999999999998,126.0,36.0,15.191001612797576,162,90.0,93.0,0.56,142.0,
2025-04-02 07:33:29,137.0,72.0,139.33,12.0,135.0,12.0,142.25,12.0,138.17,2.3300000000000125,84.0,24.0,7.702361326244134,108,60.0,-54.0,0.56,142.0,
2025-04-02 07:33:30,137.0,123.0,178.3,20.0,135.0,24.0,233.58,26.0,157.65,41.30000000000001,147.0,46.0,8.03490696897116,193,101.0,85.0,0.52,138.14,7.0
2025-04-02 07:33:31,143.4,40.0,169.77,22.0,137.92,86.0,180.0,48.0,156.59,26.370000000000005,126.0,70.0,9.839446122623992,196,56.0,3.0,0.29,138.14,
2025-04-02 07:33:32,144.75,48.0,153.92,12.0,143.0,36.0,198.34,38.0,149.33,9.169999999999987,84.0,50.0,9.249492959077257,134,34.0,-62.0,0.25,138.14,
2025-04-02 07:33:33,144.8,41.0,153.0,12.0,142.86,28.0,200.0,48.0,148.9,8.199999999999989,69.0,60.0,7.801866443359501,129,9.0,-5.0,0.07,145.0,7.0
2025-04-02 07:33:34,143.0,26.0,151.62,21.0,142.0,13.0,314.59,27.0,147.31,8.620000000000005,39.0,48.0,4.788421451795816,87,-9.0,-42.0,-0.1,145.0,
2025-04-02 07:33:35,142.83,12.0,144.95,19.0,141.11,9.0,150.45,33.0,143.89,2.119999999999976,21.0,52.0,4.649922580002733,73,-31.0,-14.0,-0.42,143.0,2.0
2025-04-02 07:33:36,142.0,10.0,143.05,42.0,139.44,32.0,144.43,14.0,142.52,1.0500000000000114,42.0,56.0,3.042079880611309,98,-14.0,25.0,-0.14,143.0,
2025-04-02 07:33:37,138.84,43.0,143.04,47.0,136.38,65.0,145.6,15.0,140.94,4.199999999999989,108.0,62.0,3.3165298129250367,170,46.0,72.0,0.27,140.29,7.0
2025-04-02 07:33:38,137.0,104.0,141.5,20.0,131.0,48.0,145.5,12.0,139.25,4.5,152.0,32.0,3.0686756100997488,184,120.0,14.0,0.65,140.29,
2025-04-02 07:33:39,137.0,165.0,139.97,33.0,116.81,53.0,143.0,48.0,138.48,2.969999999999999,218.0,81.0,2.240408444909433,299,137.0,115.0,0.46,139.0,3.0
2025-04-02 07:33:40,137.0,112.0,138.08,13.0,14.0,69.0,143.55,73.0,137.54,1.0800000000000125,181.0,86.0,1.9897185730705376,267,95.0,-32.0,0.36,137.0,4.0
2025-04-02 07:33:41,137.0,213.0,141.08,25.0,23.57,53.0,143.72,76.0,139.04,4.0800000000000125,266.0,101.0,1.2467156853196355,367,165.0,100.0,0.45,137.0,6.0
2025-04-02 07:33:42,137.0,132.0,142.0,55.0,135.0,11.0,144.0,55.0,139.5,5.0,143.0,110.0,0.7798846068631429,253,33.0,-114.0,0.13,137.0,
2025-04-02 07:33:43,137.0,228.0,141.15,54.0,123.8,30.0,143.18,51.0,139.07,4.150000000000006,258.0,105.0,0.7554998345612582,363,153.0,110.0,0.42,137.0,
2025-04-02 07:33:44,133.88,48.0,138.07,28.0,117.39,31.0,142.02,47.0,135.97,4.189999999999998,79.0,75.0,1.4627132323262209,154,4.0,-180.0,0.03,137.0,7.0
2025-04-02 07:33:48,126.04,23.0,138.0,77.0,116.0,23.0,139.0,55.0,132.02,11.959999999999994,46.0,132.0,2.808668723794954,178,-86.0,28.0,-0.48,137.0,
2025-04-02 07:33:49,127.77,13.0,138.0,49.0,81.5,28.0,139.0,35.0,132.88,10.230000000000004,41.0,84.0,1.636728444191078,125,-43.0,-53.0,-0.34,137.0,1.0
2025-04-02 07:33:50,130.06,16.0,138.0,50.0,97.45,33.0,139.0,50.0,134.03,7.939999999999998,49.0,100.0,1.86745816553514,149,-51.0,24.0,-0.34,138.0,2.0
2025-04-02 07:33:51,134.11,27.0,138.0,45.0,105.0,27.0,139.0,45.0,136.06,3.8899999999999855,54.0,90.0,2.186257075465626,144,-36.0,-5.0,-0.25,138.0,
2025-04-02 07:33:52,136.21,19.0,138.55,33.0,120.56,27.0,139.86,21.0,137.38,2.3400000000000034,46.0,54.0,2.220378346143536,100,-8.0,-44.0,-0.08,138.29,7.0
2025-04-02 07:33:53,137.0,22.0,139.0,30.0,118.0,14.0,142.0,10.0,138.0,2.0,36.0,40.0,2.1782332290236552,76,-4.0,-24.0,-0.05,137.0,2.0
2025-04-02 07:33:54,137.1,10.0,140.0,18.0,134.96,27.0,208.0,28.0,138.55,2.9000000000000057,37.0,46.0,1.8068840582678656,83,-9.0,7.0,-0.11,138.4,5.0
2025-04-02 07:33:55,141.2,10.0,240.27,37.0,135.88,16.0,262.62,13.0,190.74,99.07000000000002,26.0,50.0,23.828824561862465,76,-24.0,-7.0,-0.32,142.0,1.0
2025-04-02 07:33:56,143.0,7.0,259.89,19.0,137.0,7.0,273.82,22.0,201.45,116.89,14.0,41.0,32.05981175864912,55,-27.0,-21.0,-0.49,142.0,
2025-04-02 07:33:57,143.43,23.0,243.62,21.0,137.43,14.0,277.2,20.0,193.53,100.19,37.0,41.0,31.44798451411495,78,-4.0,23.0,-0.05,142.0,
2025-04-02 07:33:58,143.0,11.0,206.8,15.0,139.74,35.0,266.12,17.0,174.9,63.80000000000001,46.0,32.0,25.01242551213321,78,14.0,0.0,0.18,142.0,
2025-04-02 07:33:59,142.1,10.0,249.57,14.0,139.75,16.0,319.87,23.0,195.84,107.47,26.0,37.0,9.973468303454402,63,-11.0,-15.0,-0.17,140.8,5.0
2025-04-02 07:34:00,139.4,10.0,213.25,12.0,135.89,18.0,248.68,34.0,176.32,73.85,28.0,46.0,12.04314203187899,74,-18.0,11.0,-0.24,140.0,1.0
2025-04-02 07:34:01,138.69,13.0,212.12,8.0,135.5,20.0,269.38,24.0,175.41,73.43,33.0,32.0,10.52837831767133,65,1.0,-9.0,0.02,138.75,4.0
2025-04-02 07:34:02,138.12,24.0,212.0,8.0,137.0,8.0,337.5,20.0,175.06,73.88,32.0,28.0,9.147534093951911,60,4.0,-5.0,0.07,138.75,
2025-04-02 07:34:03,139.0,18.0,211.5,6.0,137.0,6.0,385.6,15.0,175.25,72.5,24.0,21.0,9.104714712719597,45,3.0,-15.0,0.07,138.75,
2025-04-02 07:34:04,136.27,37.0,166.71,21.0,129.4,25.0,439.16,19.0,151.49,30.44,62.0,40.0,10.752959127608284,102,22.0,57.0,0.22,139.25,4.0
2025-04-02 07:34:05,136.94,71.0,209.93,15.0,135.13,75.0,310.53,55.0,173.44,72.99000000000001,146.0,70.0,10.449921052334052,216,76.0,114.0,0.35,139.25,
2025-04-02 07:34:06,137.0,55.0,147.46,24.0,135.0,55.0,156.38,32.0,142.23,10.460000000000008,110.0,56.0,15.549537935257629,166,54.0,-50.0,0.33,139.25,
2025-04-02 07:34:07,137.0,28.0,138.0,20.0,135.0,50.0,164.82,22.0,137.5,1.0,78.0,42.0,17.513690930241335,120,36.0,-46.0,0.3,137.0,3.0
2025-04-02 07:34:08,137.0,20.0,138.0,20.0,135.0,50.0,207.0,10.0,137.5,1.0,70.0,30.0,15.101601570695047,100,40.0,-20.0,0.4,137.0,
2025-04-02 07:34:09,137.0,16.0,138.0,14.0,135.0,40.0,207.0,8.0,137.5,1.0,56.0,22.0,15.6783825696409,78,34.0,-22.0,0.44,138.0,1.0
2025-04-02 07:34:10,137.57,21.0,181.12,8.0,129.0,21.0,329.5,18.0,159.35,43.55000000000001,42.0,26.0,9.466996883913088,68,16.0,-10.0,0.24,136.17,6.0
2025-04-02 07:34:11,137.56,36.0,207.0,10.0,135.17,23.0,338.0,26.0,172.28,69.44,59.0,36.0,16.168484159005725,95,23.0,27.0,0.24,136.17,
2025-04-02 07:34:12,138.4,10.0,207.0,8.0,136.45,22.0,323.0,16.0,172.7,68.6,32.0,24.0,17.60370074728657,56,8.0,-39.0,0.14,138.83,6.0
2025-04-02 07:34:15,138.0,98.0,305.64,22.0,136.0,12.0,324.53,19.0,221.82,167.64,110.0,41.0,80.6141379039682,151,69.0,-104.0,0.46,138.0,4.0
2025-04-02 07:34:16,138.0,91.0,301.3,27.0,107.14,21.0,303.2,25.0,219.65,163.3,112.0,52.0,72.14084384036549,164,60.0,13.0,0.37,138.0,
2025-04-02 07:34:17,138.65,74.0,299.44,27.0,137.21,84.0,300.31,29.0,219.05,160.79,158.0,56.0,60.97993194486197,214,102.0,50.0,0.48,138.0,
2025-04-02 07:34:18,140.85,104.0,295.96,46.0,138.0,169.0,297.44,45.0,218.4,155.11,273.0,91.0,47.5919355563524,364,182.0,150.0,0.5,138.0,
2025-04-02 07:34:19,143.17,96.0,216.0,48.0,138.0,156.0,222.17,46.0,179.58,72.83000000000001,252.0,94.0,18.001554099577184,346,158.0,-18.0,0.46,138.0,
2025-04-02 07:34:20,144.0,25.0,198.67,18.0,139.18,17.0,200.8,20.0,171.33,54.66999999999999,42.0,38.0,24.05045883138212,80,4.0,-180.0,0.05,144.0,3.0
2025-04-02 07:34:21,144.73,44.0,196.94,36.0,143.0,111.0,198.05,41.0,170.84,52.21000000000001,155.0,77.0,24.788028360480958,232,78.0,152.0,0.34,144.0,1.0
2025-04-02 07:34:22,145.0,50.0,191.79,63.0,143.0,220.0,193.82,66.0,168.4,46.78999999999999,270.0,129.0,20.93890159487861,399,141.0,167.0,0.35,145.0,3.0
2025-04-02 07:34:23,145.0,15.0,189.59,27.0,143.0,165.0,190.08,48.0,167.3,44.59,180.0,75.0,4.821835750003556,255,105.0,-144.0,0.41,145.0,
2025-04-02 07:34:24,145.0,11.0,186.55,20.0,143.0,121.0,187.41,34.0,165.78,41.55000000000001,132.0,54.0,2.348850782832522,186,78.0,-69.0,0.42,145.0,
2025-04-02 07:34:25,143.35,52.0,183.0,10.0,142.71,55.0,187.0,30.0,163.17,39.650000000000006,107.0,40.0,2.868138769309005,147,67.0,-39.0,0.46,144.6,5.0
2025-04-02 07:34:26,143.0,45.0,169.73,15.0,142.0,20.0,183.33,9.0,156.37,26.72999999999999,65.0,24.0,4.798857155616757,89,41.0,-58.0,0.46,144.6,
2025-04-02 07:34:27,142.74,62.0,144.77,39.0,139.52,84.0,146.71,56.0,143.76,2.030000000000001,146.0,95.0,9.631211242622378,241,51.0,152.0,0.21,143.0,8.0
2025-04-02 07:34:28,143.0,100.0,144.0,16.0,142.0,48.0,147.0,60.0,143.5,1.0,148.0,76.0,10.51487660412699,224,72.0,-17.0,0.32,143.67,3.0
2025-04-02 07:34:29,143.0,58.0,146.81,32.0,142.0,32.0,462.53,34.0,144.91,3.8100000000000014,90.0,66.0,8.951769098899863,156,24.0,-68.0,0.15,143.0,1.0
2025-04-02 07:34:30,143.0,44.0,146.38,40.0,142.0,32.0,498.53,34.0,144.69,3.3799999999999955,76.0,74.0,5.468594883516217,150,2.0,-6.0,0.01,143.0,2.0
2025-04-02 07:34:31,143.0,25.0,146.0,25.0,142.0,20.0,545.62,24.0,144.5,3.0,45.0,49.0,0.6107126984273802,94,-4.0,-56.0,-0.04,143.0,
2025-04-02 07:34:32,143.0,55.0,146.0,55.0,142.0,44.0,349.65,48.0,144.5,3.0,99.0,103.0,0.5413409277159891,202,-4.0,108.0,-0.02,143.0,
2025-04-02 07:34:33,143.0,31.0,146.0,35.0,142.0,28.0,361.43,35.0,144.5,3.0,59.0,70.0,0.1817965896829347,129,-11.0,-73.0,-0.09,143.0,1.0
2025-04-02 07:34:34,143.0,28.0,146.0,35.0,142.0,28.0,515.76,34.0,144.5,3.0,56.0,69.0,0.084970583264862,125,-13.0,-4.0,-0.1,143.0,
2025-04-02 07:34:35,142.8,30.0,144.75,40.0,140.44,50.0,509.12,40.0,143.78,1.9499999999999889,80.0,80.0,0.3219937887916974,160,0.0,35.0,0.0,142.8,5.0
2025-04-02 07:34:36,139.1,41.0,144.0,30.0,138.33,72.0,336.0,30.0,141.55,4.900000000000006,113.0,60.0,1.2774114450797025,173,53.0,13.0,0.31,142.0,3.0
2025-04-02 07:34:37,137.0,144.0,143.0,45.0,135.0,36.0,469.57,35.0,140.0,6.0,180.0,80.0,2.007555727749766,260,100.0,87.0,0.38,142.0,
2025-04-02 07:34:38,139.0,48.0,141.65,40.0,137.0,288.0,534.25,40.0,140.32,2.6500000000000057,336.0,80.0,2.0272395023827734,416,256.0,156.0,0.62,141.0,4.0
2025-04-02 07:34:40,137.0,279.0,222.23,26.0,135.0,36.0,534.24,29.0,179.62,85.22999999999999,315.0,55.0,81.1925321073312,370,260.0,69.0,0.7,139.0,5.0
2025-04-02 07:34:41,137.0,181.0,139.06,16.0,135.0,24.0,313.57,14.0,138.03,2.0600000000000023,205.0,30.0,81.6868424533597,235,175.0,-135.0,0.74,137.0,1.0
2025-04-02 07:34:42,137.0,281.0,141.48,25.0,135.0,44.0,405.07,28.0,139.24,4.47999999999999,325.0,53.0,81.7925771081949,378,272.0,143.0,0.72,137.0,7.0
2025-04-02 07:34:43,137.0,230.0,141.0,16.0,97.5,64.0,142.0,20.0,139.0,4.0,294.0,36.0,81.97489902403056,330,258.0,-48.0,0.78,141.0,2.0
2025-04-02 07:34:44,137.0,245.0,138.57,23.0,135.0,88.0,140.44,18.0,137.78,1.5699999999999932,333.0,41.0,18.39427574002348,374,292.0,44.0,0.78,137.75,4.0
2025-04-02 07:34:45,137.06,204.0,141.0,15.0,135.47,94.0,157.6,25.0,139.03,3.9399999999999977,298.0,40.0,0.6615360912437783,338,258.0,-36.0,0.76,139.0,1.0
2025-04-02 07:34:46,141.0,12.0,142.0,12.0,139.0,36.0,168.0,18.0,141.5,1.0,48.0,30.0,1.352442235371978,78,18.0,-180.0,0.23,139.0,
2025-04-02 07:34:47,141.0,22.0,142.0,22.0,139.0,66.0,221.68,31.0,141.5,1.0,88.0,53.0,1.6647882748319258,141,35.0,63.0,0.25,139.0,
2025-04-02 07:34:48,141.0,22.0,142.0,12.0,139.0,66.0,292.9,31.0,141.5,1.0,88.0,43.0,1.7518618667057504,131,45.0,-10.0,0.34,142.0,1.0
2025-04-02 07:34:49,139.0,30.0,142.0,8.0,137.0,160.0,227.3,20.0,140.5,3.0,190.0,28.0,1.0831343407064713,218,162.0,87.0,0.74,139.8,5.0
2025-04-02 07:34:50,139.0,39.0,295.72,25.0,137.0,260.0,481.39,36.0,217.36,156.72000000000003,299.0,61.0,34.040180963091466,360,238.0,142.0,0.66,142.0,1.0
2025-04-02 07:34:51,141.67,18.0,428.8,15.0,137.46,52.0,589.71,17.0,285.23,287.13,70.0,32.0,64.9186700418301,102,38.0,-180.0,0.37,142.0,
2025-04-02 07:34:52,143.0,33.0,220.67,21.0,139.0,37.0,264.62,29.0,181.83,77.66999999999999,70.0,50.0,60.48274158799356,120,20.0,18.0,0.17,142.0,
2025-04-02 07:34:53,143.0,21.0,209.71,31.0,139.0,21.0,246.0,9.0,176.35,66.71000000000001,42.0,40.0,54.76066407559357,82,2.0,-38.0,0.02,142.0,
2025-04-02 07:34:54,140.6,40.0,230.71,14.0,137.18,202.0,292.41,46.0,185.66,90.11,242.0,60.0,45.35824213965972,302,182.0,180.0,0.6,143.0,3.0
2025-04-02 07:34:55,139.0,33.0,226.13,15.0,137.0,253.0,253.89,18.0,182.57,87.13,286.0,33.0,46.464951522626215,319,253.0,17.0,0.79,143.0,
2025-04-02 07:34:56,139.0,17.0,222.1,29.0,137.0,275.0,223.43,21.0,180.55,83.1,292.0,50.0,3.3884391687042643,342,242.0,23.0,0.71,139.0,2.0
2025-04-02 07:34:57,139.88,48.0,219.9,31.0,137.09,157.0,220.71,21.0,179.89,80.02000000000001,205.0,52.0,3.4364778480312306,257,153.0,-85.0,0.6,139.0,
2025-04-02 07:34:58,140.58,72.0,158.19,31.0,139.0,12.0,196.82,17.0,149.39,17.609999999999985,84.0,48.0,14.829484819103156,132,36.0,-125.0,0.27,139.0,
2025-04-02 07:34:59,141.2,60.0,155.25,12.0,139.0,10.0,158.21,28.0,148.22,14.050000000000011,70.0,40.0,17.668213831624662,110,30.0,-22.0,0.27,139.0,
2025-04-02 07:35:00,142.07,82.0,153.31,13.0,139.75,16.0,156.0,39.0,147.69,11.240000000000007,98.0,52.0,17.42269841327729,150,46.0,40.0,0.31,139.0,
2025-04-02 07:35:01,143.0,178.0,153.0,11.0,142.0,44.0,156.0,33.0,148.0,10.0,222.0,44.0,14.130936628547188,266,178.0,116.0,0.67,139.0,
2025-04-02 07:35:02,143.12,182.0,150.07,45.0,142.75,130.0,156.39,18.0,146.59,6.949999999999989,312.0,63.0,1.007754930535282,375,249.0,109.0,0.66,144.0,5.0
2025-04-02 07:35:03,143.08,111.0,146.27,63.0,142.75,130.0,161.95,44.0,144.68,3.1899999999999977,241.0,107.0,1.4584683747062823,348,134.0,-27.0,0.39,144.0,2.0
2025-04-02 07:35:04,142.8,119.0,144.19,62.0,140.12,86.0,202.35,68.0,143.5,1.3899999999999864,205.0,130.0,1.946424927917492,335,75.0,-13.0,0.22,143.0,3.0
2025-04-02 07:35:05,140.11,54.0,177.55,44.0,137.95,97.0,305.59,37.0,158.83,37.44,151.0,81.0,6.124487733681751,232,70.0,-103.0,0.3,142.2,5.0
2025-04-02 07:35:06,139.0,80.0,220.53,47.0,138.0,10.0,434.58,36.0,179.77,81.53,90.0,83.0,15.30662372961514,173,7.0,-59.0,0.04,142.2,
2025-04-02 07:35:07,139.0,92.0,216.68,50.0,138.0,24.0,235.18,57.0,177.84,77.68,116.0,107.0,17.415301605198124,223,9.0,50.0,0.04,139.0,2.0
2025-04-02 07:35:08,139.33,72.0,160.25,51.0,138.64,56.0,215.78,55.0,149.79,20.919999999999987,128.0,106.0,16.340493566597562,234,22.0,11.0,0.09,139.0,
2025-04-02 07:35:09,140.1,40.0,142.7,43.0,138.96,69.0,201.14,44.0,141.4,2.5999999999999943,109.0,87.0,16.948806152647336,196,22.0,-38.0,0.11,141.0,2.0
2025-04-02 07:35:10,139.0,90.0,141.0,15.0,138.0,15.0,204.0,45.0,140.0,2.0,105.0,60.0,19.58465343068436,165,45.0,-31.0,0.27,141.0,
2025-04-02 07:35:11,140.66,76.0,189.75,24.0,138.83,36.0,337.11,37.0,165.2,49.09,112.0,61.0,16.29947177058253,173,51.0,8.0,0.29,139.0,1.0
2025-04-02 07:35:12,142.0,49.0,203.0,14.0,139.0,35.0,218.0,14.0,172.5,61.0,84.0,28.0,14.49075291349683,112,56.0,-61.0,0.5,139.0,
2025-04-02 07:35:13,142.0,70.0,187.2,20.0,139.0,50.0,315.42,24.0,164.6,45.19999999999999,120.0,44.0,14.977249413694643,164,76.0,52.0,0.46,139.0,
2025-04-02 07:35:14,143.82,222.0,199.06,36.0,141.88,124.0,235.59,54.0,171.44,55.24000000000001,346.0,90.0,13.205738146730612,436,256.0,180.0,0.59,144.0,3.0
2025-04-02 07:35:15,144.0,80.0,152.0,16.0,142.0,56.0,387.83,24.0,148.0,8.0,136.0,40.0,9.808135398739958,176,96.0,-180.0,0.55,144.0,
2025-04-02 07:35:16,144.28,152.0,150.88,34.0,142.88,137.0,288.84,62.0,147.58,6.599999999999994,289.0,96.0,12.279506504742612,385,193.0,180.0,0.5,144.0,
2025-04-02 07:35:17,145.38,79.0,149.1,20.0,144.23,91.0,200.22,36.0,147.24,3.719999999999999,170.0,56.0,11.442548667146522,226,114.0,-159.0,0.5,144.0,
2025-04-02 07:35:18,146.0,110.0,148.0,24.0,145.0,84.0,200.13,23.0,147.0,2.0,194.0,47.0,10.733010761199164,241,147.0,15.0,0.61,146.0,1.0
2025-04-02 07:35:19,146.0,81.0,148.0,18.0,145.0,63.0,350.0,9.0,147.0,2.0,144.0,27.0,0.4276447123693763,171,117.0,-70.0,0.68,146.0,
2025-04-02 07:35:20,146.0,91.0,147.77,26.0,145.0,91.0,158.52,42.0,146.88,1.7700000000000102,182.0,68.0,0.2785677655751046,250,114.0,79.0,0.46,146.0,7.0
2025-04-02 07:35:21,145.02,93.0,232.05,42.0,143.18,38.0,363.71,34.0,188.53,87.03,131.0,76.0,18.559824891415776,207,55.0,-43.0,0.27,146.0,2.0
2025-04-02 07:35:22,145.0,49.0,400.43,14.0,143.0,14.0,616.0,17.0,272.71,255.43,63.0,31.0,54.63959306217437,94,32.0,-113.0,0.34,146.0,
2025-04-02 07:35:23,145.27,37.0,433.36,22.0,144.49,47.0,684.73,33.0,289.32,288.09000000000003,84.0,55.0,68.2497602193591,139,29.0,45.0,0.21,145.29,7.0
2025-04-02 07:35:24,144.76,62.0,231.33,24.0,142.59,34.0,746.91,35.0,188.05,86.57000000000002,96.0,59.0,61.0311319737723,155,37.0,16.0,0.24,145.0,3.0
2025-04-02 07:35:25,145.0,23.0,291.3,20.0,143.0,16.0,574.42,19.0,218.15,146.3,39.0,39.0,47.31240027730584,78,0.0,-77.0,0.0,145.0,3.0
2025-04-02 07:35:26,145.0,9.0,244.59,27.0,143.0,18.0,356.36,33.0,194.8,99.59,27.0,60.0,45.957358823152674,87,-33.0,9.0,-0.38,145.0,
2025-04-02 07:35:27,145.0,8.0,232.88,16.0,143.0,16.0,292.48,25.0,188.94,87.88,24.0,41.0,42.84629937345829,65,-17.0,-22.0,-0.26,145.0,
2025-04-02 07:35:28,145.0,7.0,231.57,14.0,143.0,14.0,232.57,14.0,188.29,86.57,21.0,28.0,12.883381931776103,49,-7.0,-16.0,-0.14,145.0,
2025-04-02 07:35:29,145.0,16.0,230.06,32.0,143.0,32.0,231.25,32.0,187.53,85.06,48.0,64.0,12.961889137005263,112,-16.0,63.0,-0.14,145.0,
2025-04-02 07:35:30,145.0,13.0,182.19,27.0,143.0,26.0,185.45,31.0,163.59,37.19,39.0,58.0,12.108800518631718,97,-19.0,-15.0,-0.2,145.0,
2025-04-02 07:35:31,145.0,10.0,167.0,20.0,143.0,20.0,168.0,20.0,156.0,22.0,30.0,40.0,15.824444697998608,70,-10.0,-27.0,-0.14,145.0,
2025-04-02 07:35:32,144.56,9.0,166.56,18.0,142.91,23.0,167.67,18.0,155.56,22.0,32.0,36.0,16.486650053907763,68,-4.0,-2.0,-0.06,143.67,3.0
2025-04-02 07:35:33,143.0,10.0,164.22,27.0,142.0,10.0,165.6,20.0,153.61,21.22,20.0,47.0,14.091326055415006,67,-27.0,-1.0,-0.4,143.67,
2025-04-02 07:35:34,142.7,10.0,162.96,23.0,141.4,10.0,163.82,22.0,152.83,20.26000000000002,20.0,45.0,4.273671723473734,65,-25.0,-2.0,-0.38,143.0,1.0
2025-04-02 07:35:35,142.0,12.0,158.32,25.0,140.0,12.0,159.66,29.0,150.16,16.319999999999993,24.0,54.0,2.3464377255787974,78,-30.0,13.0,-0.38,143.0,
2025-04-02 07:35:36,143.76,17.0,153.45,29.0,138.59,27.0,154.92,26.0,148.61,9.689999999999998,44.0,55.0,2.7709980151598077,99,-11.0,21.0,-0.11,143.0,
2025-04-02 07:35:37,146.9,40.0,151.9,40.0,142.36,14.0,152.8,30.0,149.4,5.0,54.0,70.0,2.185650932793191,124,-16.0,25.0,-0.13,143.0,
2025-04-02 07:35:38,143.0,12.0,149.19,27.0,142.0,12.0,151.45,33.0,146.09,6.189999999999998,24.0,60.0,2.4454590571137937,84,-36.0,-40.0,-0.43,143.0,
2025-04-02 07:35:39,143.0,10.0,147.31,29.0,142.0,10.0,148.29,21.0,145.16,4.310000000000002,20.0,50.0,2.1589418704587726,70,-30.0,-14.0,-0.43,143.0,
2025-04-02 07:35:40,141.5,12.0,143.92,25.0,138.5,40.0,145.94,33.0,142.71,2.4199999999999875,52.0,58.0,2.698783059087959,110,-6.0,40.0,-0.05,142.5,2.0
2025-04-02 07:35:41,137.7,54.0,141.0,24.0,137.36,139.0,143.58,33.0,139.35,3.300000000000012,193.0,57.0,3.764687238007999,250,136.0,140.0,0.54,138.42,12.0
2025-04-02 07:35:42,137.0,83.0,140.1,20.0,136.0,26.0,332.22,49.0,138.55,3.0999999999999943,109.0,69.0,3.3708633908867385,178,40.0,-72.0,0.22,137.0,5.0
2025-04-02 07:35:43,137.0,50.0,199.0,24.0,136.0,24.0,470.02,56.0,168.0,62.0,74.0,80.0,12.169758830807616,154,-6.0,-24.0,-0.04,137.0,1.0
2025-04-02 07:35:44,144.61,23.0,179.0,14.0,141.38,32.0,529.62,32.0,161.8,34.389999999999986,55.0,46.0,13.791985716350624,101,9.0,-53.0,0.09,137.0,
2025-04-02 07:35:45,146.0,18.0,179.0,18.0,137.95,37.0,443.41,37.0,162.5,33.0,55.0,55.0,13.98576955337171,110,0.0,9.0,0.0,137.0,
2025-04-02 07:35:46,142.14,28.0,437.56,27.0,136.84,38.0,498.19,36.0,289.85,295.42,66.0,63.0,60.168340927767126,129,3.0,19.0,0.02,146.0,2.0
2025-04-02 07:35:47,137.0,44.0,314.31,32.0,136.0,14.0,414.14,14.0,225.66,177.31,58.0,46.0,56.144342724801895,104,12.0,-25.0,0.12,146.0,
2025-04-02 07:35:48,137.0,74.0,183.38,26.0,136.0,16.0,369.48,33.0,160.19,46.38,90.0,59.0,57.40597573423881,149,31.0,45.0,0.21,137.0,2.0
2025-04-02 07:35:49,137.0,40.0,138.0,15.0,136.0,10.0,145.0,5.0,137.5,1.0,50.0,20.0,62.27097277223165,70,30.0,-79.0,0.43,137.0,
2025-04-02 07:35:50,137.0,48.0,138.39,18.0,136.0,12.0,165.0,7.0,137.69,1.3899999999999864,60.0,25.0,66.3753001499806,85,35.0,15.0,0.41,138.0,5.0
2025-04-02 07:35:51,137.0,80.0,145.0,10.0,136.0,20.0,240.1,20.0,141.0,8.0,100.0,30.0,37.66770991180666,130,70.0,45.0,0.54,138.0,
2025-04-02 07:35:52,137.0,159.0,140.0,21.0,136.0,24.0,359.0,18.0,138.5,3.0,183.0,39.0,9.723545135392746,222,144.0,92.0,0.65,138.0,2.0
2025-04-02 07:35:53,137.08,119.0,140.91,11.0,136.36,22.0,391.92,13.0,138.99,3.829999999999984,141.0,24.0,1.402472816143162,165,117.0,-57.0,0.71,138.0,2.0
2025-04-02 07:35:54,141.3,74.0,144.0,15.0,139.27,131.0,236.48,58.0,142.65,2.6999999999999886,205.0,73.0,2.0220608299505742,278,132.0,113.0,0.47,143.0,3.0
2025-04-02 07:35:56,144.55,71.0,380.29,48.0,143.0,10.0,479.74,35.0,262.42,235.74,81.0,83.0,84.7243372945461,164,-2.0,-15.0,-0.01,145.0,3.0
2025-04-02 07:35:57,144.25,8.0,329.5,40.0,142.45,11.0,519.88,16.0,236.88,185.25,19.0,56.0,77.96866017830507,75,-37.0,-89.0,-0.49,145.0,5.0
2025-04-02 07:35:58,142.25,8.0,195.72,39.0,141.0,16.0,227.19,31.0,168.98,53.47,24.0,70.0,71.03637378132429,94,-46.0,19.0,-0.49,141.4,5.0
2025-04-02 07:35:59,140.0,4.0,176.0,20.0,137.2,20.0,177.0,16.0,158.0,36.0,24.0,36.0,66.74262056587243,60,-12.0,-34.0,-0.2,141.4,
2025-04-02 07:36:00,143.95,81.0,174.82,55.0,138.67,18.0,370.87,46.0,159.38,30.870000000000005,99.0,101.0,48.9680724554277,200,-2.0,140.0,-0.01,141.4,
2025-04-02 07:36:01,144.0,88.0,172.52,46.0,141.29,14.0,211.58,53.0,158.26,28.52000000000001,102.0,99.0,34.169199580909364,201,3.0,1.0,0.01,141.4,
2025-04-02 07:36:02,144.0,48.0,169.58,26.0,143.0,12.0,172.86,28.0,156.79,25.580000000000013,60.0,54.0,4.94870892253907,114,6.0,-87.0,0.05,141.4,
2025-04-02 07:36:03,141.08,26.0,166.97,40.0,138.09,22.0,168.31,39.0,154.03,25.889999999999983,48.0,79.0,2.042711433369365,127,-31.0,13.0,-0.24,140.4,5.0
2025-04-02 07:36:04,142.58,60.0,164.86,35.0,139.59,41.0,165.93,43.0,153.72,22.28,101.0,78.0,2.514205639962241,179,23.0,52.0,0.13,143.0,5.0
2025-04-02 07:36:05,143.11,38.0,163.08,48.0,141.59,34.0,164.05,42.0,153.09,19.97,72.0,90.0,2.230508910544405,162,-18.0,-17.0,-0.11,143.0,
2025-04-02 07:36:06,144.31,26.0,156.81,58.0,142.9,63.0,158.15,54.0,150.56,12.5,89.0,112.0,2.228782178683709,201,-23.0,39.0,-0.11,143.8,5.0
2025-04-02 07:36:07,143.0,10.0,152.4,25.0,141.0,15.0,155.0,20.0,147.7,9.400000000000006,25.0,45.0,2.6771720153957856,70,-20.0,-131.0,-0.29,143.8,
2025-04-02 07:36:08,143.0,14.0,151.0,28.0,141.0,21.0,152.0,35.0,147.0,8.0,35.0,63.0,3.046847551161448,98,-28.0,28.0,-0.29,143.8,
2025-04-02 07:36:09,143.0,20.0,148.52,42.0,141.0,30.0,149.71,45.0,145.76,5.52000000000001,50.0,87.0,2.9660950760248284,137,-37.0,39.0,-0.27,143.8,
2025-04-02 07:36:10,142.05,19.0,144.5,30.0,140.83,18.0,145.32,37.0,143.28,2.4499999999999886,37.0,67.0,2.666533330003403,104,-30.0,-33.0,-0.29,143.0,2.0
2025-04-02 07:36:11,139.78,40.0,141.98,64.0,137.46,70.0,143.09,58.0,140.88,2.1999999999999886,110.0,122.0,2.8183115512695496,232,-12.0,128.0,-0.05,139.57,7.0
2025-04-02 07:36:12,138.56,27.0,141.32,38.0,137.18,44.0,175.52,27.0,139.94,2.759999999999991,71.0,65.0,3.0357074957939614,136,6.0,-96.0,0.04,139.4,10.0
2025-04-02 07:36:13,141.27,11.0,232.64,22.0,137.75,24.0,361.0,40.0,186.95,91.36999999999998,35.0,62.0,20.02212076679236,97,-27.0,-39.0,-0.28,139.4,
2025-04-02 07:36:14,142.0,8.0,246.38,24.0,138.0,16.0,400.58,24.0,194.19,104.38,24.0,48.0,27.098447741522318,72,-24.0,-25.0,-0.33,139.4,
2025-04-02 07:36:15,142.0,12.0,245.0,36.0,138.0,24.0,392.6,30.0,193.5,103.0,36.0,66.0,28.15281637776252,102,-30.0,30.0,-0.29,139.4,
2025-04-02 07:36:16,139.56,16.0,243.17,12.0,130.55,31.0,280.31,32.0,191.36,103.61,47.0,44.0,23.230933472420148,91,3.0,-11.0,0.03,139.33,3.0
2025-04-02 07:36:17,137.08,49.0,238.94,17.0,128.69,52.0,244.33,27.0,188.01,101.86,101.0,44.0,3.228865125707246,145,57.0,54.0,0.39,137.5,2.0
2025-04-02 07:36:18,137.0,84.0,227.31,39.0,123.68,75.0,235.81,32.0,182.15,90.31,159.0,71.0,4.927308595979005,230,88.0,85.0,0.38,137.5,
2025-04-02 07:36:19,137.0,48.0,161.31,13.0,94.33,36.0,171.57,23.0,149.15,24.31,84.0,36.0,18.223109778520516,120,48.0,-110.0,0.4,137.5,
2025-04-02 07:36:20,137.0,24.0,156.92,26.0,108.0,36.0,157.77,26.0,146.96,19.919999999999987,60.0,52.0,21.69189318616545,112,8.0,-8.0,0.07,137.0,4.0
2025-04-02 07:36:21,137.0,17.0,145.35,34.0,99.54,39.0,153.12,24.0,141.18,8.349999999999994,56.0,58.0,21.82910098927605,114,-2.0,2.0,-0.02,137.0,1.0
2025-04-02 07:36:22,137.0,10.0,140.31,29.0,92.0,60.0,143.28,18.0,138.66,3.3100000000000023,70.0,47.0,17.584457625983646,117,23.0,3.0,0.2,137.0,
2025-04-02 07:36:24,117.38,16.0,268.22,23.0,97.2,30.0,386.31,32.0,192.8,150.84000000000003,46.0,55.0,26.3135227592205,101,-9.0,-37.0,-0.09,140.33,6.0
2025-04-02 07:36:25,136.29,14.0,152.38,16.0,118.2,10.0,457.61,33.0,144.33,16.090000000000003,24.0,49.0,26.37830965016552,73,-25.0,-28.0,-0.34,140.33,
2025-04-02 07:36:26,138.0,108.0,152.0,18.0,137.0,18.0,347.46,39.0,145.0,14.0,126.0,57.0,26.18681958543296,183,69.0,110.0,0.38,140.33,
2025-04-02 07:36:27,139.0,32.0,152.0,12.0,137.92,52.0,479.36,28.0,145.5,13.0,84.0,40.0,25.702649668857397,124,44.0,-59.0,0.35,140.33,
2025-04-02 07:36:28,142.0,16.0,151.38,16.0,138.0,96.0,630.64,28.0,146.69,9.379999999999995,112.0,44.0,21.22441118146779,156,68.0,32.0,0.44,140.33,
2025-04-02 07:36:29,142.92,53.0,150.89,18.0,139.47,38.0,560.0,27.0,146.91,7.969999999999999,91.0,45.0,1.1011493994983337,136,46.0,-20.0,0.34,140.33,
2025-04-02 07:36:30,143.0,63.0,150.0,18.0,142.0,18.0,286.54,37.0,146.5,7.0,81.0,55.0,0.8264683902095205,136,26.0,0.0,0.19,140.33,
2025-04-02 07:36:31,143.0,54.0,149.1,20.0,142.0,20.0,354.0,48.0,146.05,6.099999999999994,74.0,68.0,0.5617383732802124,142,6.0,6.0,0.04,143.0,2.0
2025-04-02 07:36:32,143.08,53.0,148.67,24.0,142.29,28.0,425.33,48.0,145.87,5.589999999999975,81.0,72.0,0.4351781244680072,153,9.0,11.0,0.06,143.0,1.0
2025-04-02 07:36:33,143.52,42.0,147.14,28.0,142.67,42.0,230.86,56.0,145.33,3.619999999999976,84.0,84.0,0.604003311262054,168,0.0,15.0,0.0,145.0,2.0
2025-04-02 07:36:34,143.0,101.0,146.93,28.0,142.0,28.0,237.15,52.0,144.96,3.930000000000007,129.0,80.0,0.6056153895135017,209,49.0,41.0,0.23,145.0,
2025-04-02 07:36:35,143.27,123.0,145.29,28.0,142.64,56.0,295.93,45.0,144.28,2.019999999999982,179.0,73.0,0.7148916001854247,252,106.0,43.0,0.42,144.0,1.0
2025-04-02 07:36:36,144.0,63.0,154.27,22.0,143.0,90.0,197.08,39.0,149.14,10.27000000000001,153.0,61.0,1.892757248042,214,92.0,-38.0,0.43,144.0,5.0
2025-04-02 07:36:37,143.04,73.0,195.0,44.0,142.31,29.0,208.27,44.0,169.02,51.96000000000001,102.0,88.0,10.499265688609595,190,14.0,-24.0,0.07,143.6,5.0
2025-04-02 07:36:38,143.0,98.0,193.79,56.0,142.0,28.0,241.0,56.0,168.39,50.78999999999999,126.0,112.0,12.507870322321615,238,14.0,48.0,0.06,143.6,
2025-04-02 07:36:39,143.0,63.0,190.8,40.0,142.0,18.0,218.78,36.0,166.9,47.80000000000001,81.0,76.0,11.867918098807944,157,5.0,-81.0,0.03,143.6,
2025-04-02 07:36:40,142.62,52.0,188.3,60.0,141.5,20.0,189.41,64.0,165.46,45.68000000000001,72.0,124.0,8.300543355709452,196,-52.0,39.0,-0.27,143.0,7.0
2025-04-02 07:36:41,139.94,54.0,183.63,43.0,137.38,58.0,185.45,55.0,161.79,43.69,112.0,98.0,2.879734362751506,210,14.0,14.0,0.07,141.4,5.0
2025-04-02 07:36:42,142.29,42.0,180.51,51.0,139.5,32.0,182.43,47.0,161.4,38.22,74.0,98.0,3.096493177775795,172,-24.0,-38.0,-0.14,141.4,
2025-04-02 07:36:43,142.0,24.0,177.77,57.0,138.92,59.0,180.18,44.0,159.89,35.77000000000001,83.0,101.0,2.9546184186815774,184,-18.0,12.0,-0.1,142.6,5.0
2025-04-02 07:36:44,142.0,12.0,176.16,44.0,138.0,24.0,177.11,53.0,159.08,34.16,36.0,97.0,2.4607580132984874,133,-61.0,-51.0,-0.46,142.6,
2025-04-02 07:36:45,142.0,9.0,172.5,30.0,138.0,18.0,173.95,42.0,157.25,30.5,27.0,72.0,1.838170285912884,99,-45.0,-34.0,-0.45,142.6,
2025-04-02 07:36:46,137.65,62.0,168.9,42.0,120.27,22.0,170.26,35.0,153.27,31.25,84.0,77.0,3.125519156878328,161,7.0,62.0,0.04,138.4,5.0
2025-04-02 07:36:47,139.77,52.0,166.9,39.0,135.86,147.0,167.9,31.0,153.33,27.129999999999995,199.0,70.0,3.1293897168639377,269,129.0,108.0,0.48,138.4,
2025-04-02 07:36:48,137.28,195.0,160.67,45.0,125.35,79.0,163.5,52.0,148.97,23.389999999999983,274.0,97.0,3.934768099903013,371,177.0,102.0,0.48,140.6,5.0
2025-04-02 07:36:49,137.0,140.0,157.44,36.0,106.92,26.0,221.07,54.0,147.22,20.44,166.0,90.0,3.967785276450193,256,76.0,-115.0,0.3,137.2,5.0
2025-04-02 07:36:50,137.0,110.0,158.3,50.0,126.57,21.0,355.55,33.0,147.65,21.30000000000001,131.0,83.0,3.0022857958587728,214,48.0,-42.0,0.22,137.2,
2025-04-02 07:36:51,137.04,69.0,156.44,45.0,135.4,45.0,394.3,30.0,146.74,19.40000000000001,114.0,75.0,2.674447606519072,189,39.0,-25.0,0.21,137.2,
2025-04-02 07:36:52,139.06,17.0,149.66,47.0,137.03,91.0,233.96,48.0,144.36,10.599999999999994,108.0,95.0,1.6873262873599733,203,13.0,14.0,0.06,137.2,
2025-04-02 07:36:53,137.35,83.0,141.08,39.0,112.54,39.0,142.82,49.0,139.21,3.730000000000018,122.0,88.0,3.4966312359207308,210,34.0,7.0,0.16,140.0,3.0
2025-04-02 07:36:54,137.0,182.0,138.2,70.0,100.58,31.0,141.2,71.0,137.6,1.1999999999999886,213.0,141.0,4.497807243537356,354,72.0,144.0,0.2,137.0,5.0
2025-04-02 07:36:55,137.43,28.0,141.59,39.0,132.1,10.0,155.73,26.0,139.51,4.159999999999997,38.0,65.0,3.8746006245828144,103,-27.0,-180.0,-0.26,137.0,4.0
2025-04-02 07:36:56,137.84,25.0,142.0,75.0,135.06,17.0,159.0,45.0,139.92,4.159999999999997,42.0,120.0,2.5282503831736776,162,-78.0,59.0,-0.48,141.0,3.0
2025-04-02 07:36:57,138.97,33.0,142.0,65.0,137.63,19.0,159.0,39.0,140.48,3.030000000000001,52.0,104.0,1.085048386026167,156,-52.0,-6.0,-0.33,141.0,
2025-04-02 07:36:58,139.0,14.0,140.41,39.0,138.0,15.0,142.0,55.0,139.71,1.4099999999999966,29.0,94.0,1.0926252788664412,123,-65.0,-33.0,-0.53,139.25,4.0
2025-04-02 07:36:59,139.0,6.0,140.0,18.0,138.0,6.0,142.0,30.0,139.5,1.0,12.0,48.0,0.4050061728145168,60,-36.0,-63.0,-0.6,139.25,
2025-04-02 07:37:00,136.79,19.0,140.98,41.0,134.5,20.0,250.55,51.0,138.88,4.189999999999998,39.0,92.0,0.585081190962331,131,-53.0,71.0,-0.4,139.0,1.0
2025-04-02 07:37:01,136.94,33.0,141.9,39.0,134.6,25.0,338.48,42.0,139.42,4.960000000000008,58.0,81.0,0.5803619560394473,139,-23.0,8.0,-0.17,139.0,
2025-04-02 07:37:02,137.33,27.0,150.72,50.0,136.11,72.0,228.34,73.0,144.03,13.389999999999986,99.0,123.0,2.103062053296977,222,-24.0,83.0,-0.11,140.5,4.0
2025-04-02 07:37:03,136.0,45.0,244.34,32.0,134.5,40.0,313.32,34.0,190.17,108.34,85.0,66.0,22.328852411174523,151,19.0,-71.0,0.13,140.5,
2025-04-02 07:37:04,136.0,40.0,139.95,19.0,134.19,31.0,141.75,40.0,137.97,3.9499999999999886,71.0,59.0,22.525193228916248,130,12.0,-21.0,0.09,139.0,2.0
2025-04-02 07:37:05,136.0,40.0,141.88,40.0,134.0,40.0,185.5,40.0,138.94,5.879999999999996,80.0,80.0,22.5177403395637,160,0.0,30.0,0.0,139.0,
2025-04-02 07:37:06,134.5,20.0,142.0,20.0,80.0,11.0,340.44,16.0,138.25,7.5,31.0,36.0,22.66216494512416,67,-5.0,-93.0,-0.07,139.0,
2025-04-02 07:37:07,134.77,31.0,142.0,30.0,90.0,9.0,561.71,28.0,138.39,7.22999999999999,40.0,58.0,23.160528491379782,98,-18.0,31.0,-0.18,134.0,3.0
2025-04-02 07:37:08,136.0,6.0,142.0,30.0,135.0,38.0,421.71,28.0,139.0,6.0,44.0,58.0,0.4468221122753791,102,-14.0,4.0,-0.14,134.0,
2025-04-02 07:37:09,135.38,13.0,142.0,32.0,134.89,37.0,423.1,29.0,138.69,6.6200000000000045,50.0,61.0,0.3300454514429573,111,-11.0,9.0,-0.1,138.14,7.0
2025-04-02 07:37:10,135.65,23.0,140.5,14.0,134.29,7.0,214.0,16.0,138.08,4.849999999999994,30.0,30.0,0.3658824948234518,60,0.0,-51.0,0.0,138.0,1.0
2025-04-02 07:37:11,136.89,27.0,141.0,23.0,133.44,9.0,142.0,18.0,138.94,4.110000000000014,36.0,41.0,0.3860699418734827,77,-5.0,17.0,-0.06,141.0,1.0
2025-04-02 07:37:12,134.25,16.0,140.75,24.0,132.5,12.0,142.0,24.0,137.5,6.5,28.0,48.0,0.6401718519415287,76,-20.0,-1.0,-0.26,134.0,4.0
2025-04-02 07:37:13,136.0,8.0,139.38,16.0,131.0,16.0,142.0,16.0,137.69,3.3799999999999955,24.0,32.0,0.6225351395851695,56,-8.0,-20.0,-0.14,134.0,
2025-04-02 07:37:14,137.91,23.0,139.33,18.0,135.2,10.0,144.14,21.0,138.62,1.420000000000016,33.0,39.0,0.6088349530195633,72,-6.0,16.0,-0.08,139.0,2.0
2025-04-02 07:37:15,138.31,13.0,141.4,35.0,134.12,25.0,148.7,47.0,139.85,3.0900000000000034,38.0,82.0,0.959765596392278,120,-44.0,48.0,-0.37,140.5,2.0
2025-04-02 07:37:16,137.0,10.0,140.45,22.0,135.0,10.0,141.5,24.0,138.73,3.4499999999999886,20.0,46.0,0.9412066723192296,66,-26.0,-54.0,-0.39,138.0,1.0
2025-04-02 07:37:17,135.25,8.0,138.0,8.0,133.05,43.0,141.82,17.0,136.62,2.75,51.0,25.0,1.2128767456004244,76,26.0,10.0,0.34,137.0,1.0
2025-04-02 07:37:18,135.25,12.0,138.0,12.0,132.29,62.0,142.42,24.0,136.62,2.75,74.0,36.0,1.4238925521324732,110,38.0,34.0,0.35,137.0,1.0
2025-04-02 07:37:22,131.0,49.0,422.04,27.0,130.0,20.0,446.42,24.0,276.52,291.04,69.0,51.0,62.858226032875045,120,18.0,-37.0,0.15,137.8,5.0
2025-04-02 07:37:23,135.29,56.0,368.23,44.0,130.6,40.0,424.27,52.0,251.76,232.94000000000003,96.0,96.0,70.85846681942817,192,0.0,72.0,0.0,141.0,3.0
2025-04-02 07:37:24,142.52,25.0,323.56,18.0,135.55,22.0,339.93,30.0,233.04,181.04,47.0,48.0,66.70135290981732,95,-1.0,-97.0,-0.01,141.0,
2025-04-02 07:37:25,143.0,43.0,245.3,20.0,137.67,24.0,338.67,30.0,194.15,102.3,67.0,50.0,55.70067997789607,117,17.0,22.0,0.15,143.0,3.0
2025-04-02 07:37:26,143.0,48.0,270.79,28.0,141.0,24.0,432.0,41.0,206.89,127.79000000000002,72.0,69.0,33.30011366346949,141,3.0,24.0,0.02,143.0,
2025-04-02 07:37:27,143.0,48.0,237.76,34.0,141.0,24.0,238.82,44.0,190.38,94.76,72.0,78.0,26.37745495683757,150,-6.0,9.0,-0.04,143.0,
2025-04-02 07:37:28,143.33,24.0,173.08,48.0,142.14,42.0,233.57,46.0,158.21,29.75,66.0,94.0,27.167162715307654,160,-28.0,10.0,-0.17,144.0,1.0
2025-04-02 07:37:29,144.9,10.0,216.8,40.0,143.0,40.0,297.67,24.0,180.85,71.9,50.0,64.0,18.171127648002667,114,-14.0,-46.0,-0.12,144.0,
2025-04-02 07:37:30,145.0,10.0,228.12,34.0,143.0,40.0,256.15,26.0,186.56,83.12,50.0,60.0,17.63934721014379,110,-10.0,-4.0,-0.09,144.0,
2025-04-02 07:37:31,145.0,17.0,223.57,46.0,140.86,115.0,224.29,56.0,184.28,78.57,132.0,102.0,12.694559070720388,234,30.0,124.0,0.13,144.0,
2025-04-02 07:37:32,145.0,15.0,222.0,30.0,143.0,30.0,223.0,60.0,183.5,77.0,45.0,90.0,11.623431076924303,135,-45.0,-99.0,-0.33,144.0,
2025-04-02 07:37:33,141.2,118.0,219.24,42.0,138.64,44.0,220.25,40.0,180.22,78.04000000000002,162.0,82.0,2.592261560878548,244,80.0,109.0,0.33,143.0,4.0
2025-04-02 07:37:34,141.0,166.0,214.97,60.0,137.5,96.0,216.25,48.0,177.98,73.97,262.0,108.0,3.4014879097254886,370,154.0,126.0,0.42,141.0,6.0
2025-04-02 07:37:35,141.0,104.0,184.57,23.0,138.0,104.0,206.68,31.0,162.78,43.56999999999999,208.0,54.0,8.745828720024768,262,154.0,-108.0,0.59,141.0,
2025-04-02 07:37:36,141.0,96.0,142.0,30.0,138.0,120.0,157.33,15.0,141.5,1.0,216.0,45.0,17.403484708529284,261,171.0,-1.0,0.66,141.0,6.0
2025-04-02 07:37:37,139.5,32.0,154.33,18.0,137.97,62.0,298.12,16.0,146.92,14.830000000000013,94.0,34.0,17.574993598861276,128,60.0,-133.0,0.47,141.0,2.0
2025-04-02 07:37:38,138.0,64.0,226.0,8.0,137.0,32.0,331.88,32.0,182.0,88.0,96.0,40.0,18.050946789573523,136,56.0,8.0,0.41,141.0,
2025-04-02 07:37:39,138.0,32.0,226.0,4.0,137.0,16.0,263.0,16.0,182.0,88.0,48.0,20.0,18.992477458194195,68,28.0,-68.0,0.41,141.0,
2025-04-02 07:37:40,138.0,44.0,177.56,18.0,137.0,40.0,304.21,28.0,157.78,39.56,84.0,46.0,19.140642622441256,130,38.0,62.0,0.29,138.0,4.0
2025-04-02 07:37:41,138.0,31.0,139.0,45.0,137.0,32.0,357.36,11.0,138.5,1.0,63.0,56.0,19.9743385372336,119,7.0,-11.0,0.06,138.67,3.0
2025-04-02 07:37:42,137.35,31.0,138.9,50.0,133.38,52.0,521.93,41.0,138.13,1.5500000000000114,83.0,91.0,21.868754422692103,174,-8.0,55.0,-0.05,137.0,4.0
2025-04-02 07:37:44,137.0,26.0,140.86,42.0,136.0,18.0,492.43,21.0,138.93,3.8600000000000136,44.0,63.0,8.812449716169734,107,-19.0,-110.0,-0.18,137.0,1.0
2025-04-02 07:37:45,137.81,31.0,140.62,42.0,136.62,16.0,281.37,27.0,139.21,2.8100000000000023,47.0,69.0,0.8615857473408961,116,-22.0,9.0,-0.19,137.0,
2025-04-02 07:37:46,138.0,40.0,139.86,28.0,137.0,16.0,166.75,16.0,138.93,1.8600000000000136,56.0,44.0,0.900388804917606,100,12.0,-16.0,0.12,139.0,4.0
2025-04-02 07:37:47,138.0,40.0,142.0,34.0,137.0,16.0,267.44,16.0,140.0,4.0,56.0,50.0,1.104640212929477,106,6.0,6.0,0.06,139.0,
2025-04-02 07:37:48,138.0,30.0,142.0,30.0,137.0,68.0,171.0,6.0,140.0,4.0,98.0,36.0,0.5470191952946113,134,62.0,28.0,0.46,139.0,
2025-04-02 07:37:49,139.0,40.0,142.0,30.0,137.1,102.0,156.58,26.0,140.5,3.0,142.0,56.0,0.6420825492261205,198,86.0,64.0,0.43,139.0,
2025-04-02 07:37:50,138.5,12.0,142.0,20.0,137.22,46.0,244.75,20.0,140.25,3.5,58.0,40.0,0.5993579898697304,98,18.0,-100.0,0.18,139.0,
2025-04-02 07:37:51,141.0,3.0,142.0,15.0,138.0,15.0,250.33,15.0,141.5,1.0,18.0,30.0,0.6224949799159826,48,-12.0,-50.0,-0.25,139.0,
2025-04-02 07:37:52,137.05,92.0,142.0,35.0,136.38,48.0,258.86,35.0,139.53,4.949999999999989,140.0,70.0,0.7330961737866439,210,70.0,162.0,0.33,137.57,7.0
2025-04-02 07:37:53,137.0,60.0,142.0,20.0,136.0,25.0,173.0,25.0,139.5,5.0,85.0,45.0,0.8224536461227704,130,40.0,-80.0,0.31,142.0,1.0
2025-04-02 07:37:54,137.0,84.0,140.48,33.0,136.0,35.0,156.62,21.0,138.74,3.4799999999999898,119.0,54.0,1.0398221001790195,173,65.0,43.0,0.38,142.0,
2025-04-02 07:37:55,137.0,126.0,140.0,50.0,136.0,50.0,141.0,31.0,138.5,3.0,176.0,81.0,1.1793981516098722,257,95.0,84.0,0.37,142.0,
2025-04-02 07:37:56,137.62,65.0,140.0,52.0,136.93,205.0,141.0,56.0,138.81,2.3799999999999955,270.0,108.0,0.4699255260367321,378,162.0,121.0,0.43,140.0,3.0
2025-04-02 07:37:57,137.0,198.0,141.0,36.0,135.0,27.0,258.73,33.0,139.0,4.0,225.0,69.0,0.3752332608137502,294,156.0,-84.0,0.53,140.0,2.0
2025-04-02 07:37:58,137.0,220.0,140.97,37.0,135.0,30.0,223.6,45.0,138.99,3.969999999999999,250.0,82.0,0.2058397435407991,332,168.0,38.0,0.51,140.0,
2025-04-02 07:37:59,137.0,249.0,138.11,28.0,135.0,39.0,140.28,25.0,137.55,1.1100000000000136,288.0,53.0,0.6050206608215818,341,235.0,9.0,0.69,137.33,9.0
2025-04-02 07:38:00,137.0,92.0,140.6,15.0,135.0,18.0,199.5,14.0,138.8,3.5999999999999943,110.0,29.0,0.6111873689965894,139,81.0,-180.0,0.58,137.0,1.0
2025-04-02 07:38:01,137.0,150.0,141.0,30.0,135.0,30.0,143.0,10.0,139.0,4.0,180.0,40.0,0.6307693714987811,220,140.0,81.0,0.64,137.0,
2025-04-02 07:38:02,137.78,68.0,141.07,28.0,136.96,138.0,143.36,11.0,139.43,3.289999999999992,206.0,39.0,0.7114984188464177,245,167.0,25.0,0.68,137.0,
2025-04-02 07:38:03,139.0,20.0,141.62,26.0,137.0,150.0,143.92,12.0,140.31,2.6200000000000045,170.0,38.0,1.0052213686650795,208,132.0,-37.0,0.63,137.0,
2025-04-02 07:38:04,139.0,22.0,140.09,33.0,137.0,165.0,144.0,11.0,139.55,1.0900000000000034,187.0,44.0,0.5852093642627574,231,143.0,23.0,0.62,137.0,
2025-04-02 07:38:05,137.09,94.0,139.42,12.0,135.28,72.0,144.0,37.0,138.25,2.329999999999984,166.0,49.0,0.7569147904624696,215,117.0,-16.0,0.54,140.0,2.0
2025-04-02 07:38:06,137.7,43.0,144.77,52.0,136.7,94.0,145.29,17.0,141.23,7.070000000000022,137.0,69.0,1.1063814893700754,206,68.0,-9.0,0.33,138.5,4.0
2025-04-02 07:38:07,137.0,70.0,145.0,40.0,134.0,15.0,146.0,5.0,141.0,8.0,85.0,45.0,1.209429617638286,130,40.0,-76.0,0.31,138.5,
2025-04-02 07:38:08,137.0,27.0,145.0,64.0,134.0,36.0,146.0,8.0,141.0,8.0,63.0,72.0,1.2811830470392067,135,-9.0,5.0,-0.07,137.0,3.0
2025-04-02 07:38:09,137.0,10.0,145.0,80.0,134.0,70.0,179.43,14.0,141.0,8.0,80.0,94.0,1.2594959309265823,174,-14.0,39.0,-0.08,137.0,
2025-04-02 07:38:10,137.31,13.0,145.0,72.0,134.16,56.0,146.0,9.0,141.15,7.689999999999998,69.0,81.0,0.1078424778114763,150,-12.0,-24.0,-0.08,137.0,
2025-04-02 07:38:11,141.0,11.0,145.0,88.0,137.0,33.0,146.0,11.0,143.0,4.0,44.0,99.0,0.8800568163592849,143,-55.0,-7.0,-0.38,137.0,
2025-04-02 07:38:12,138.23,13.0,144.71,51.0,135.73,33.0,145.43,14.0,141.47,6.480000000000018,46.0,65.0,0.847130450415058,111,-19.0,-32.0,-0.17,137.0,
2025-04-02 07:38:13,137.91,35.0,143.81,63.0,135.17,69.0,145.13,46.0,140.86,5.900000000000006,104.0,109.0,0.8707640323419554,213,-5.0,102.0,-0.02,140.0,3.0
2025-04-02 07:38:14,141.0,36.0,145.0,72.0,137.0,98.0,146.0,9.0,143.0,4.0,134.0,81.0,1.0306454288553002,215,53.0,2.0,0.25,140.0,
2025-04-02 07:38:15,141.0,34.0,145.0,72.0,137.0,135.0,146.0,9.0,143.0,4.0,169.0,81.0,1.0279494151076864,250,88.0,35.0,0.35,141.0,1.0
2025-04-02 07:38:16,141.0,36.0,143.1,80.0,137.0,180.0,144.93,30.0,142.05,2.0999999999999943,216.0,110.0,0.942618692802282,326,106.0,76.0,0.33,141.0,
2025-04-02 07:38:17,138.65,51.0,142.46,35.0,136.81,129.0,143.73,30.0,140.55,3.8100000000000014,180.0,65.0,1.1561012066511842,245,115.0,-81.0,0.47,141.25,4.0
2025-04-02 07:38:18,137.87,83.0,144.0,36.0,136.48,116.0,146.53,15.0,140.93,6.129999999999996,199.0,51.0,1.1408023492351018,250,148.0,5.0,0.59,137.0,1.0
2025-04-02 07:38:19,143.0,30.0,144.0,40.0,137.0,140.0,147.0,40.0,143.5,1.0,170.0,80.0,1.2747274218515443,250,90.0,0.0,0.36,137.0,
2025-04-02 07:38:20,143.0,30.0,145.14,37.0,137.0,140.0,147.12,34.0,144.07,2.1399999999999864,170.0,71.0,1.5445711378956315,241,99.0,-9.0,0.41,144.0,4.0
2025-04-02 07:38:21,143.0,72.0,145.54,72.0,137.0,292.0,146.48,46.0,144.27,2.539999999999992,364.0,118.0,1.7840067264503443,482,246.0,180.0,0.51,144.0,
2025-04-02 07:38:22,143.59,46.0,145.24,21.0,138.93,112.0,147.42,53.0,144.41,1.6500000000000057,158.0,74.0,1.4431146870640028,232,84.0,-180.0,0.36,143.0,3.0
2025-04-02 07:38:23,143.86,29.0,147.05,22.0,141.32,50.0,183.07,40.0,145.45,3.1899999999999977,79.0,62.0,0.7107038764630269,141,17.0,-91.0,0.12,144.0,1.0
2025-04-02 07:38:24,138.37,127.0,147.56,54.0,136.45,154.0,195.17,36.0,142.96,9.189999999999998,281.0,90.0,0.8889431927967042,371,191.0,180.0,0.51,144.0,
2025-04-02 07:38:25,136.51,122.0,145.23,60.0,135.91,110.0,146.58,65.0,140.87,8.719999999999999,232.0,125.0,1.759948862899087,357,107.0,-14.0,0.3,144.0,
2025-04-02 07:38:26,137.0,98.0,142.68,53.0,136.0,98.0,145.13,62.0,139.84,5.680000000000007,196.0,115.0,2.3496020939767783,311,81.0,-46.0,0.26,140.0,3.0
2025-04-02 07:38:27,137.0,77.0,142.05,42.0,136.0,77.0,144.0,42.0,139.52,5.050000000000011,154.0,84.0,2.477250491981058,238,70.0,-73.0,0.29,141.4,5.0
2025-04-02 07:38:28,137.0,63.0,142.32,37.0,136.0,63.0,143.21,19.0,139.66,5.319999999999993,126.0,56.0,1.4374978260925633,182,70.0,-56.0,0.38,141.4,
2025-04-02 07:38:29,137.0,112.0,141.36,56.0,136.0,112.0,142.17,72.0,139.18,4.360000000000014,224.0,128.0,0.6379498413050092,352,96.0,170.0,0.27,141.4,
2025-04-02 07:38:30,137.0,98.0,140.22,40.0,136.0,98.0,141.31,48.0,138.61,3.219999999999999,196.0,88.0,0.4849948453553263,284,108.0,-68.0,0.38,140.0,4.0
2025-04-02 07:38:31,137.0,64.0,139.2,10.0,135.68,62.0,142.0,30.0,138.1,2.1999999999999886,126.0,40.0,0.6518281982404294,166,86.0,-118.0,0.52,137.0,2.0
2025-04-02 07:38:32,137.0,41.0,138.2,10.0,135.02,46.0,142.0,30.0,137.6,1.1999999999999886,87.0,40.0,0.8224354078111576,127,47.0,-39.0,0.37,137.0,1.0
2025-04-02 07:38:33,137.0,40.0,138.6,10.0,136.0,10.0,143.0,28.0,137.8,1.5999999999999943,50.0,38.0,0.6406403047121174,88,12.0,-39.0,0.14,141.75,4.0
2025-04-02 07:38:34,141.18,11.0,144.67,9.0,137.64,22.0,208.15,13.0,142.92,3.4899999999999807,33.0,22.0,2.2208286741712624,55,11.0,-33.0,0.2,144.0,1.0
2025-04-02 07:38:35,144.46,76.0,146.43,14.0,143.0,14.0,327.36,14.0,145.44,1.9699999999999989,90.0,28.0,3.592982048385529,118,62.0,63.0,0.53,144.0,1.0
2025-04-02 07:38:36,146.0,70.0,147.0,14.0,145.0,28.0,248.38,52.0,146.5,1.0,98.0,66.0,4.180803750479074,164,32.0,46.0,0.2,144.0,
2025-04-02 07:38:37,146.0,35.0,147.0,7.0,145.0,14.0,287.0,35.0,146.5,1.0,49.0,42.0,3.675557100633727,91,7.0,-73.0,0.08,144.0,
2025-04-02 07:38:38,145.24,21.0,225.19,21.0,143.4,10.0,306.82,39.0,185.21,79.94999999999999,31.0,60.0,17.890298488287296,91,-29.0,0.0,-0.32,146.0,5.0
2025-04-02 07:38:39,145.0,16.0,147.0,40.0,143.0,8.0,353.84,31.0,146.0,2.0,24.0,71.0,17.49152080294948,95,-47.0,4.0,-0.49,146.0,
2025-04-02 07:38:40,145.0,12.0,147.0,30.0,143.0,6.0,224.67,12.0,146.0,2.0,18.0,42.0,17.425235149059375,60,-24.0,-35.0,-0.4,146.0,
2025-04-02 07:38:41,145.0,22.0,147.0,44.0,143.0,11.0,295.33,15.0,146.0,2.0,33.0,59.0,17.4806841971364,92,-26.0,32.0,-0.28,147.0,1.0
2025-04-02 07:38:42,143.0,11.0,147.0,32.0,141.71,17.0,374.88,8.0,145.0,4.0,28.0,40.0,17.652360182140363,68,-12.0,-24.0,-0.18,144.33,3.0
2025-04-02 07:38:43,142.29,14.0,147.0,24.0,141.12,17.0,368.0,6.0,144.64,4.710000000000008,31.0,30.0,0.658726043221449,61,1.0,-7.0,0.02,144.33,
2025-04-02 07:38:44,143.0,32.0,147.0,32.0,142.0,16.0,248.07,14.0,145.0,4.0,48.0,46.0,0.6308090043890351,94,2.0,33.0,0.02,144.33,
2025-04-02 07:38:45,143.0,20.0,147.0,20.0,142.0,10.0,172.0,20.0,145.0,4.0,30.0,40.0,0.5117812032679464,70,-10.0,-24.0,-0.14,144.33,
2025-04-02 07:38:46,143.0,24.0,147.0,24.0,142.0,12.0,514.07,29.0,145.0,4.0,36.0,53.0,0.1609968944374121,89,-17.0,19.0,-0.19,144.33,
2025-04-02 07:38:47,142.94,17.0,147.0,20.0,141.89,9.0,565.4,25.0,144.97,4.060000000000002,26.0,45.0,0.1581771159760291,71,-19.0,-18.0,-0.27,142.8,5.0
2025-04-02 07:38:48,142.0,7.0,147.0,28.0,141.0,7.0,548.53,17.0,144.5,5.0,14.0,45.0,0.2206354459702769,59,-31.0,-12.0,-0.53,142.8,
2025-04-02 07:38:49,142.0,9.0,147.0,36.0,141.0,9.0,228.08,13.0,144.5,5.0,18.0,49.0,0.2686633581613781,67,-31.0,8.0,-0.46,142.8,
2025-04-02 07:38:50,143.3,23.0,147.0,44.0,141.55,11.0,278.15,47.0,145.15,3.6999999999999886,34.0,91.0,0.3035292407965598,125,-57.0,58.0,-0.46,142.8,
2025-04-02 07:38:51,144.15,34.0,147.0,48.0,139.39,23.0,275.67,54.0,145.57,2.8499999999999943,57.0,102.0,0.4552691511825512,159,-45.0,34.0,-0.28,143.6,5.0
2025-04-02 07:38:52,137.14,56.0,147.0,32.0,136.52,92.0,315.92,26.0,142.07,9.860000000000014,148.0,58.0,1.3575234804668213,206,90.0,47.0,0.44,138.0,2.0
2025-04-02 07:38:53,137.62,96.0,146.55,44.0,136.32,113.0,162.84,25.0,142.09,8.930000000000007,209.0,69.0,1.6832646850745012,278,140.0,72.0,0.5,138.0,
2025-04-02 07:38:54,142.0,44.0,145.91,55.0,137.48,100.0,147.0,44.0,143.95,3.9099999999999966,144.0,99.0,1.6499333319922374,243,45.0,-35.0,0.19,138.0,
2025-04-02 07:38:55,142.0,52.0,144.75,60.0,137.0,126.0,146.29,56.0,143.38,2.75,178.0,116.0,1.4574017977274394,294,62.0,51.0,0.21,144.0,1.0
2025-04-02 07:38:56,142.0,36.0,143.32,37.0,137.0,90.0,144.95,38.0,142.66,1.3199999999999932,126.0,75.0,0.8232557318473284,201,51.0,-93.0,0.25,144.0,
2025-04-02 07:38:57,139.58,48.0,143.0,50.0,136.78,102.0,145.0,40.0,141.29,3.4199999999999875,150.0,90.0,1.0468189910483874,240,60.0,39.0,0.25,142.0,4.0
2025-04-02 07:38:58,137.02,93.0,141.5,68.0,136.01,135.0,143.0,58.0,139.26,4.47999999999999,228.0,126.0,1.8772240143413528,354,102.0,114.0,0.29,137.4,5.0
2025-04-02 07:38:59,137.0,69.0,139.37,54.0,134.73,30.0,141.13,46.0,138.19,2.3700000000000045,99.0,100.0,2.2032997980348674,199,-1.0,-155.0,-0.01,137.0,5.0
2025-04-02 07:39:00,136.04,27.0,139.2,40.0,134.78,36.0,180.6,15.0,137.62,3.1599999999999966,63.0,55.0,2.123424121559593,118,8.0,-81.0,0.07,137.17,6.0
2025-04-02 07:39:01,136.41,34.0,144.0,27.0,134.43,21.0,269.0,15.0,140.21,7.590000000000003,55.0,42.0,1.486886007742834,97,13.0,-21.0,0.13,137.17,
2025-04-02 07:39:02,135.0,48.0,141.2,10.0,92.7,33.0,149.71,35.0,138.1,6.199999999999989,81.0,45.0,1.0461022894639822,126,36.0,29.0,0.29,137.17,
2025-04-02 07:39:03,135.2,30.0,142.75,36.0,124.23,39.0,143.48,21.0,138.97,7.550000000000011,69.0,57.0,1.0131485577257764,126,12.0,0.0,0.1,137.17,
2025-04-02 07:39:04,138.0,20.0,143.0,70.0,135.0,37.0,145.0,10.0,140.5,5.0,57.0,80.0,1.264654102915728,137,-23.0,11.0,-0.17,137.17,
2025-04-02 07:39:05,138.0,20.0,143.0,70.0,135.0,16.0,145.0,10.0,140.5,5.0,36.0,80.0,1.0750953446189182,116,-44.0,-21.0,-0.38,137.17,
2025-04-02 07:39:06,138.0,6.0,143.0,21.0,135.0,3.0,145.0,3.0,140.5,5.0,9.0,24.0,1.1193658919322296,33,-15.0,-83.0,-0.45,137.17,
2025-04-02 07:39:07,138.0,14.0,143.0,49.0,135.0,7.0,145.0,7.0,140.5,5.0,21.0,56.0,0.6842368011302474,77,-35.0,44.0,-0.45,137.17,
2025-04-02 07:39:08,134.44,18.0,143.0,63.0,87.2,41.0,145.0,9.0,138.72,8.560000000000002,59.0,72.0,0.7960402000031106,131,-13.0,54.0,-0.1,136.25,4.0
2025-04-02 07:39:09,134.0,91.0,143.0,27.0,86.0,30.0,145.0,6.0,138.5,9.0,121.0,33.0,1.0381136739400212,154,88.0,23.0,0.57,136.25,
2025-04-02 07:39:10,136.0,60.0,142.78,23.0,124.4,50.0,144.27,11.0,139.39,6.780000000000001,110.0,34.0,0.9510625636735952,144,76.0,-10.0,0.53,136.25,
2025-04-02 07:39:11,139.0,31.0,142.0,56.0,133.04,112.0,143.0,24.0,140.5,3.0,143.0,80.0,0.9510625636735952,223,63.0,79.0,0.28,140.88,8.0
2025-04-02 07:39:12,139.0,4.0,142.0,8.0,137.0,4.0,143.0,8.0,140.5,3.0,8.0,16.0,0.9510625636735952,24,-8.0,-180.0,-0.33,140.88,
2025-04-02 07:39:13,137.0,11.0,141.53,15.0,133.0,198.0,142.62,37.0,139.27,4.530000000000001,209.0,52.0,0.8628267497135923,261,157.0,180.0,0.6,140.88,
2025-04-02 07:39:14,137.0,9.0,141.53,15.0,133.0,162.0,142.92,53.0,139.27,4.530000000000001,171.0,68.0,0.6536283347753653,239,103.0,-22.0,0.43,141.0,2.0
2025-04-02 07:39:15,137.0,4.0,141.0,4.0,133.0,72.0,143.0,28.0,139.0,4.0,76.0,32.0,0.731348070361346,108,44.0,-131.0,0.41,141.0,
2025-04-02 07:39:16,138.49,47.0,141.82,17.0,133.12,130.0,143.06,72.0,140.16,3.329999999999984,177.0,89.0,0.6506535176430731,266,88.0,158.0,0.33,141.0,1.0
2025-04-02 07:39:17,140.57,70.0,143.0,49.0,137.0,7.0,145.0,14.0,141.79,2.430000000000007,77.0,63.0,1.1449323124189974,140,14.0,-126.0,0.1,141.0,
2025-04-02 07:39:18,140.88,82.0,142.21,56.0,133.76,29.0,149.31,29.0,141.55,1.3300000000000125,111.0,85.0,1.278526495627216,196,26.0,56.0,0.13,143.0,7.0
2025-04-02 07:39:19,139.79,73.0,141.16,50.0,134.6,30.0,205.86,29.0,140.48,1.3700000000000043,103.0,79.0,1.127665730622622,182,24.0,-14.0,0.13,141.0,4.0
2025-04-02 07:39:20,135.85,34.0,145.0,22.0,129.29,82.0,384.73,55.0,140.43,9.150000000000006,116.0,77.0,0.7344862149968965,193,39.0,11.0,0.2,139.0,3.0
2025-04-02 07:39:21,142.99,137.0,145.0,18.0,136.56,25.0,382.95,44.0,144.0,2.009999999999991,162.0,62.0,1.4499482749463697,224,100.0,31.0,0.45,139.0,
2025-04-02 07:39:22,143.0,179.0,144.13,46.0,142.0,11.0,185.71,28.0,143.57,1.1299999999999957,190.0,74.0,1.691339705682959,264,116.0,40.0,0.44,143.0,2.0
2025-04-02 07:39:23,143.0,132.0,144.55,33.0,142.0,12.0,226.43,42.0,143.77,1.5500000000000114,144.0,75.0,1.827607725968418,219,69.0,-45.0,0.32,143.0,6.0
2025-04-02 07:39:24,143.0,90.0,145.0,20.0,142.0,10.0,240.0,40.0,144.0,2.0,100.0,60.0,1.5333068838360464,160,40.0,-59.0,0.25,143.0,
2025-04-02 07:39:25,143.0,72.0,144.86,21.0,142.0,10.0,230.33,42.0,143.93,1.8600000000000136,82.0,63.0,0.1844722201811764,145,19.0,-15.0,0.13,143.0,3.0
2025-04-02 07:39:26,143.0,77.0,144.71,17.0,142.0,13.0,190.59,37.0,143.85,1.710000000000008,90.0,54.0,0.1660722734793275,144,36.0,-1.0,0.25,143.0,1.0
2025-04-02 07:39:27,143.36,78.0,147.0,22.0,142.33,15.0,225.82,44.0,145.18,3.6399999999999855,93.0,66.0,0.5844056810284963,159,27.0,15.0,0.17,143.0,
2025-04-02 07:39:28,144.58,264.0,147.0,20.0,143.0,50.0,272.96,49.0,145.79,2.4199999999999875,314.0,69.0,0.8819580488992095,383,245.0,180.0,0.64,145.0,4.0
2025-04-02 07:39:29,145.0,216.0,147.0,18.0,143.0,45.0,319.29,42.0,146.0,2.0,261.0,60.0,1.013829374213348,321,201.0,-62.0,0.63,145.0,
2025-04-02 07:39:30,145.0,384.0,146.63,41.0,143.0,80.0,338.84,68.0,145.82,1.6299999999999957,464.0,109.0,0.8822527982486544,573,355.0,180.0,0.62,145.0,
2025-04-02 07:39:31,145.0,162.0,146.35,34.0,143.0,40.0,258.48,21.0,145.68,1.3499999999999943,202.0,55.0,0.3094834406189391,257,147.0,-180.0,0.57,145.0,9.0
2025-04-02 07:39:32,145.0,144.0,149.0,22.0,142.98,50.0,284.0,44.0,147.0,4.0,194.0,66.0,0.5389990723712724,260,128.0,3.0,0.49,145.0,3.0
2025-04-02 07:39:33,145.0,96.0,149.0,54.0,143.0,52.0,293.54,52.0,147.0,4.0,148.0,106.0,0.6489992295965589,254,42.0,-6.0,0.17,145.0,5.0
2025-04-02 07:39:34,145.87,104.0,149.0,68.0,144.79,78.0,295.04,53.0,147.43,3.1299999999999955,182.0,121.0,0.7846527894659756,303,61.0,49.0,0.2,145.0,
2025-04-02 07:39:35,146.0,81.0,206.18,34.0,145.0,63.0,268.38,39.0,176.09,60.18000000000001,144.0,73.0,13.125427612082309,217,71.0,-86.0,0.33,145.0,
2025-04-02 07:39:36,146.0,72.0,149.0,24.0,145.0,56.0,320.94,34.0,147.5,3.0,128.0,58.0,12.90758420464544,186,70.0,-31.0,0.38,145.0,
2025-04-02 07:39:37,146.0,108.0,149.0,36.0,145.0,84.0,405.14,56.0,147.5,3.0,192.0,92.0,12.851254024413818,284,100.0,98.0,0.35,145.0,
2025-04-02 07:39:38,146.0,81.0,148.22,27.0,145.0,78.0,251.9,31.0,147.11,2.219999999999999,159.0,58.0,12.83827986920414,217,101.0,-67.0,0.47,145.0,
2025-04-02 07:39:39,146.0,117.0,148.0,39.0,145.0,97.0,149.0,39.0,147.0,2.0,214.0,78.0,12.887321288771082,292,136.0,75.0,0.47,145.0,
2025-04-02 07:39:40,146.0,99.0,148.0,33.0,145.0,77.0,149.0,33.0,147.0,2.0,176.0,66.0,0.2577207791698621,242,110.0,-50.0,0.45,145.0,
2025-04-02 07:39:41,146.0,99.0,148.0,33.0,145.0,77.0,149.0,33.0,147.0,2.0,176.0,66.0,0.216610249101894,242,110.0,0.0,0.45,145.0,
2025-04-02 07:39:42,146.0,67.0,148.33,36.0,144.15,71.0,173.86,44.0,147.17,2.3300000000000125,138.0,80.0,0.0795612972243707,218,58.0,-24.0,0.27,146.0,8.0
2025-04-02 07:39:43,145.05,19.0,148.69,48.0,144.93,40.0,178.31,64.0,146.87,3.6399999999999855,59.0,112.0,0.1066302021758032,171,-53.0,-47.0,-0.31,145.25,4.0
2025-04-02 07:39:44,140.58,43.0,148.0,45.0,137.1,21.0,150.0,27.0,144.29,7.4199999999999875,64.0,72.0,1.2210773931313226,136,-8.0,-35.0,-0.06,142.86,7.0
2025-04-02 07:39:45,137.51,47.0,148.0,80.0,136.18,82.0,150.0,48.0,142.76,10.490000000000007,129.0,128.0,1.988584924014282,257,1.0,121.0,0.0,139.0,2.0
2025-04-02 07:39:46,137.65,20.0,142.03,33.0,136.9,67.0,146.61,59.0,139.84,4.379999999999996,87.0,92.0,3.0430297402453417,179,-5.0,-78.0,-0.03,141.0,3.0
2025-04-02 07:39:47,138.0,10.0,141.0,20.0,137.0,54.0,142.0,20.0,139.5,3.0,64.0,40.0,3.0955080358510534,104,24.0,-75.0,0.23,141.0,
2025-04-02 07:39:48,138.0,13.0,140.0,26.0,137.0,78.0,142.0,36.0,139.0,2.0,91.0,62.0,2.31769713293589,153,29.0,49.0,0.19,141.0,
2025-04-02 07:39:49,137.82,11.0,140.0,20.0,136.89,61.0,142.0,20.0,138.91,2.180000000000007,72.0,40.0,1.5875515739716353,112,32.0,-41.0,0.29,137.67,6.0
2025-04-02 07:39:50,137.0,28.0,139.71,49.0,136.0,118.0,140.68,41.0,138.36,2.710000000000008,146.0,90.0,0.5698420834058155,236,56.0,124.0,0.24,137.67,
2025-04-02 07:39:51,137.0,14.0,138.86,14.0,136.0,63.0,140.0,7.0,137.93,1.8600000000000136,77.0,21.0,0.6071655458114289,98,56.0,-138.0,0.57,137.67,
2025-04-02 07:39:52,136.03,121.0,138.46,24.0,134.82,44.0,141.58,65.0,137.25,2.430000000000007,165.0,89.0,0.7253619786153395,254,76.0,156.0,0.3,137.4,5.0
2025-04-02 07:39:53,136.0,62.0,140.86,29.0,134.0,16.0,142.33,24.0,138.43,4.860000000000014,78.0,53.0,0.6235222530277733,131,25.0,-123.0,0.19,136.0,2.0
2025-04-02 07:39:54,136.0,61.0,140.08,39.0,117.86,14.0,143.92,50.0,138.04,4.0800000000000125,75.0,89.0,0.4699680840450077,164,-14.0,33.0,-0.09,136.0,5.0
2025-04-02 07:39:55,136.0,20.0,138.6,30.0,135.0,50.0,143.94,65.0,137.3,2.5999999999999943,70.0,95.0,0.505816172162436,165,-25.0,1.0,-0.15,136.0,
2025-04-02 07:39:58,136.0,18.0,138.76,17.0,135.0,45.0,143.14,28.0,137.38,2.759999999999991,63.0,45.0,0.5861740356083728,108,18.0,-60.0,0.17,138.6,5.0
2025-04-02 07:39:59,142.33,54.0,143.93,30.0,139.6,30.0,144.47,15.0,143.13,1.5999999999999943,84.0,45.0,2.7636153856896963,129,39.0,21.0,0.3,143.0,1.0
2025-04-02 07:40:00,143.0,44.0,144.2,20.0,142.0,48.0,330.67,12.0,143.6,1.1999999999999886,92.0,32.0,3.5570170086773656,124,60.0,-5.0,0.48,144.0,4.0
2025-04-02 07:40:01,143.0,21.0,145.0,7.0,142.0,42.0,346.14,14.0,144.0,2.0,63.0,21.0,3.661313971789264,84,42.0,-40.0,0.5,144.0,
2025-04-02 07:40:02,143.96,68.0,218.1,29.0,141.85,47.0,451.65,34.0,181.03,74.13999999999999,115.0,63.0,17.650313594948226,178,52.0,94.0,0.29,145.0,1.0
2025-04-02 07:40:05,145.0,36.0,307.42,19.0,143.0,27.0,489.27,15.0,226.21,162.42000000000002,63.0,34.0,104.0877743541476,97,29.0,-10.0,0.3,145.0,
2025-04-02 07:40:06,145.0,20.0,328.2,5.0,143.0,15.0,491.11,18.0,236.6,183.2,35.0,23.0,85.70570091890002,58,12.0,-39.0,0.21,145.0,
2025-04-02 07:40:07,145.0,40.0,373.67,12.0,143.0,30.0,619.08,26.0,259.33,228.67,70.0,38.0,69.97260085204731,108,32.0,50.0,0.3,145.0,
2025-04-02 07:40:08,145.0,49.0,368.0,13.0,143.0,39.0,569.0,26.0,256.5,223.0,88.0,39.0,49.868259143466695,127,49.0,19.0,0.39,145.0,1.0
2025-04-02 07:40:09,145.0,9.0,401.0,10.0,143.0,27.0,516.68,19.0,273.0,256.0,36.0,29.0,18.730223437000443,65,7.0,-62.0,0.11,145.0,2.0
2025-04-02 07:40:10,142.42,50.0,259.5,34.0,139.49,135.0,388.18,11.0,200.96,117.08,185.0,45.0,27.978983541221854,230,140.0,165.0,0.61,143.2,5.0
2025-04-02 07:40:11,142.0,110.0,149.14,28.0,137.0,230.0,258.62,16.0,145.57,7.139999999999986,340.0,44.0,53.24560892693383,384,296.0,154.0,0.77,143.2,
2025-04-02 07:40:12,142.0,77.0,144.0,7.0,137.0,161.0,145.0,28.0,143.0,2.0,238.0,35.0,60.54206867955528,273,203.0,-111.0,0.74,143.2,
2025-04-02 07:40:13,142.0,132.0,143.0,12.0,137.0,276.0,145.0,48.0,142.5,1.0,408.0,60.0,57.10502674896493,468,348.0,180.0,0.74,143.2,
2025-04-02 07:40:14,142.0,118.0,144.41,54.0,137.0,345.0,178.58,38.0,143.2,2.4099999999999966,463.0,92.0,25.69399696427193,555,371.0,87.0,0.67,142.0,6.0
2025-04-02 07:40:15,142.0,45.0,146.0,36.0,137.0,207.0,213.0,18.0,144.0,4.0,252.0,54.0,1.1996166054291362,306,198.0,-180.0,0.65,142.0,
2025-04-02 07:40:16,143.0,120.0,146.0,40.0,142.0,50.0,213.0,20.0,144.5,3.0,170.0,60.0,0.8018728078825554,230,110.0,-76.0,0.48,142.0,
2025-04-02 07:40:17,143.32,87.0,146.0,44.0,142.0,55.0,213.0,22.0,144.66,2.680000000000007,142.0,66.0,0.9104504379818016,208,76.0,-22.0,0.37,143.0,5.0
2025-04-02 07:40:18,144.0,47.0,146.0,32.0,142.0,40.0,270.5,16.0,145.0,2.0,87.0,48.0,0.6992281459015661,135,39.0,-73.0,0.29,144.0,3.0
2025-04-02 07:40:19,144.0,34.0,145.8,35.0,142.0,55.0,279.12,32.0,144.9,1.8000000000000114,89.0,67.0,0.3946137352154976,156,22.0,21.0,0.14,144.0,1.0
2025-04-02 07:40:20,144.69,13.0,149.38,32.0,142.26,47.0,163.22,36.0,147.03,4.689999999999998,60.0,68.0,1.0318527026762718,128,-8.0,-28.0,-0.06,144.0,2.0
2025-04-02 07:40:21,143.63,19.0,150.0,36.0,142.49,49.0,167.0,36.0,146.82,6.3700000000000045,68.0,72.0,1.1438181673762673,140,-4.0,12.0,-0.03,143.75,4.0
2025-04-02 07:40:22,142.11,56.0,147.94,51.0,141.17,60.0,162.58,48.0,145.02,5.829999999999984,116.0,99.0,1.0725110722132185,215,17.0,75.0,0.08,143.75,
2025-04-02 07:40:23,142.0,75.0,143.0,27.0,141.0,75.0,149.0,60.0,142.5,1.0,150.0,87.0,1.8283271042185767,237,63.0,22.0,0.27,143.0,4.0
2025-04-02 07:40:24,142.0,55.0,143.0,11.0,141.0,55.0,149.0,44.0,142.5,1.0,110.0,55.0,2.218012623954297,165,55.0,-72.0,0.33,143.0,
2025-04-02 07:40:25,142.25,60.0,218.0,46.0,141.36,70.0,292.95,56.0,180.12,75.75,130.0,102.0,16.162757190529593,232,28.0,67.0,0.12,143.0,1.0
2025-04-02 07:40:26,143.22,27.0,162.7,23.0,142.26,47.0,355.24,42.0,152.96,19.47999999999999,74.0,65.0,15.960532572568347,139,9.0,-93.0,0.06,143.0,
2025-04-02 07:40:27,145.0,16.0,149.0,16.0,143.0,48.0,400.0,32.0,147.0,4.0,64.0,48.0,15.747973837926418,112,16.0,-27.0,0.14,143.0,
2025-04-02 07:40:28,143.08,74.0,148.6,30.0,142.09,66.0,310.05,41.0,145.84,5.519999999999982,140.0,71.0,15.253461246550383,211,69.0,99.0,0.33,146.0,2.0
2025-04-02 07:40:29,143.0,51.0,145.89,27.0,142.0,45.0,149.0,18.0,144.44,2.8899999999999864,96.0,45.0,14.918857865132107,141,51.0,-70.0,0.36,143.0,3.0
2025-04-02 07:40:30,143.0,27.0,145.0,27.0,142.0,45.0,149.0,18.0,144.0,2.0,72.0,45.0,3.6161194670557,117,27.0,-24.0,0.23,143.0,
2025-04-02 07:40:31,142.78,37.0,144.71,35.0,141.36,64.0,159.8,25.0,143.75,1.9300000000000068,101.0,60.0,1.3767280050977406,161,41.0,44.0,0.25,143.0,3.0
2025-04-02 07:40:32,141.3,50.0,149.8,20.0,139.06,102.0,221.08,36.0,145.55,8.5,152.0,56.0,0.9328611901138332,208,96.0,47.0,0.46,141.0,1.0
2025-04-02 07:40:33,142.0,165.0,149.53,38.0,141.0,33.0,172.77,31.0,145.76,7.530000000000001,198.0,69.0,0.9091479527670938,267,129.0,59.0,0.48,141.0,
2025-04-02 07:40:34,142.0,185.0,148.79,58.0,141.0,39.0,169.94,35.0,145.4,6.789999999999992,224.0,93.0,0.9413129129149744,317,131.0,50.0,0.41,142.0,2.0
2025-04-02 07:40:35,142.0,143.0,147.55,44.0,141.0,33.0,149.0,22.0,144.77,5.550000000000011,176.0,66.0,0.8131605007748312,242,110.0,-75.0,0.45,142.0,
2025-04-02 07:40:36,142.0,78.0,146.96,25.0,141.0,18.0,162.09,22.0,144.48,4.960000000000008,96.0,47.0,0.5429272511306557,143,49.0,-99.0,0.34,142.0,
2025-04-02 07:40:37,142.0,91.0,144.9,29.0,141.0,21.0,146.42,12.0,143.45,2.9000000000000057,112.0,41.0,0.89491340364338,153,71.0,10.0,0.46,142.0,
2025-04-02 07:40:38,142.0,104.0,143.88,26.0,141.0,24.0,144.4,20.0,142.94,1.8799999999999957,128.0,46.0,0.9991346255740408,174,82.0,21.0,0.47,142.0,
2025-04-02 07:40:39,142.0,118.0,143.54,13.0,141.0,39.0,145.5,28.0,142.77,1.539999999999992,157.0,41.0,0.9023136926930418,198,116.0,24.0,0.59,142.0,5.0
2025-04-02 07:40:40,142.0,73.0,143.17,12.0,141.0,36.0,145.43,14.0,142.58,1.1699999999999875,109.0,26.0,0.7629089067651941,135,83.0,-63.0,0.61,142.0,4.0
2025-04-02 07:40:41,141.4,30.0,144.0,12.0,139.45,62.0,149.0,24.0,142.7,2.5999999999999943,92.0,36.0,0.3401029256297557,128,56.0,-7.0,0.44,141.57,7.0
2025-04-02 07:40:42,139.0,24.0,142.0,11.0,138.0,128.0,143.48,27.0,140.5,3.0,152.0,38.0,1.013518623421559,190,114.0,62.0,0.6,141.57,
2025-04-02 07:40:43,139.0,9.0,141.0,3.0,138.0,48.0,142.67,12.0,140.0,2.0,57.0,15.0,1.3461797799784234,72,42.0,-118.0,0.58,141.57,
2025-04-02 07:40:44,138.06,51.0,141.0,4.0,137.4,40.0,142.0,16.0,139.53,2.9399999999999977,91.0,20.0,1.481391238000017,111,71.0,39.0,0.64,139.0,3.0
2025-04-02 07:40:45,138.0,153.0,141.0,13.0,137.0,104.0,142.0,52.0,139.5,3.0,257.0,65.0,1.3244168528162403,322,192.0,180.0,0.6,138.0,5.0
2025-04-02 07:40:46,138.0,120.0,141.0,16.0,137.0,128.0,142.0,64.0,139.5,3.0,248.0,80.0,0.4423573216577176,328,168.0,6.0,0.51,138.0,4.0
2025-04-02 07:40:47,138.0,56.0,141.0,8.0,137.0,64.0,144.55,11.0,139.5,3.0,120.0,19.0,0.2206354459835231,139,101.0,-180.0,0.73,138.0,
2025-04-02 07:40:48,138.54,89.0,143.31,13.0,137.15,95.0,146.92,13.0,140.92,4.77000000000001,184.0,26.0,0.6318227599764022,210,158.0,71.0,0.75,141.0,1.0
2025-04-02 07:40:49,142.0,45.0,146.0,11.0,137.29,119.0,148.0,11.0,144.0,4.0,164.0,22.0,1.9530181770847668,186,142.0,-24.0,0.76,142.0,3.0
2025-04-02 07:40:50,142.0,7.0,146.0,5.0,137.0,70.0,148.0,5.0,144.0,4.0,77.0,10.0,2.280412243438191,87,67.0,-99.0,0.77,142.0,2.0
2025-04-02 07:40:51,142.2,15.0,145.35,23.0,137.25,116.0,147.13,15.0,143.77,3.1500000000000057,131.0,38.0,2.09702646621881,169,93.0,82.0,0.55,145.0,1.0
2025-04-02 07:40:52,142.0,6.0,143.17,6.0,141.0,6.0,145.0,14.0,142.58,1.1699999999999875,12.0,20.0,1.330518695855748,32,-8.0,-137.0,-0.25,145.0,
2025-04-02 07:40:53,142.0,4.0,144.14,7.0,141.0,4.0,145.38,8.0,143.07,2.1399999999999864,8.0,15.0,0.6330323846544703,23,-7.0,-9.0,-0.3,143.0,1.0
2025-04-02 07:40:54,141.56,9.0,143.77,26.0,137.27,73.0,145.0,24.0,142.66,2.210000000000008,82.0,50.0,0.6435293311276071,132,32.0,109.0,0.24,142.0,1.0
2025-04-02 07:40:55,142.88,17.0,144.0,36.0,138.28,25.0,147.0,9.0,143.44,1.1200000000000043,42.0,45.0,0.5072770446429004,87,-3.0,-45.0,-0.03,142.0,
2025-04-02 07:40:56,143.0,16.0,144.0,32.0,141.0,8.0,147.0,8.0,143.5,1.0,24.0,40.0,0.4266145801794343,64,-16.0,-23.0,-0.25,142.0,
2025-04-02 07:40:57,142.43,7.0,144.0,28.0,137.51,39.0,147.0,7.0,143.21,1.5699999999999932,46.0,35.0,0.3366452138699954,81,11.0,17.0,0.14,143.0,2.0
2025-04-02 07:40:58,141.67,18.0,144.0,36.0,137.11,105.0,147.0,9.0,142.83,2.3300000000000125,123.0,45.0,0.3709043003547031,168,78.0,87.0,0.46,143.0,
2025-04-02 07:40:59,142.26,38.0,144.0,36.0,141.53,15.0,147.0,9.0,143.13,1.740000000000009,53.0,45.0,0.2678992348281994,98,8.0,-70.0,0.08,143.0,
2025-04-02 07:41:00,142.43,63.0,145.36,22.0,141.77,31.0,330.68,40.0,143.9,2.930000000000007,94.0,62.0,0.4052530074181552,156,32.0,58.0,0.21,144.0,4.0
2025-04-02 07:41:01,143.25,16.0,147.0,7.0,142.62,32.0,567.67,27.0,145.12,3.75,48.0,34.0,0.9163896551255926,82,14.0,-74.0,0.17,144.0,
2025-04-02 07:41:02,144.98,42.0,146.53,17.0,143.04,25.0,283.74,38.0,145.75,1.5500000000000114,67.0,55.0,1.2595753252667317,122,12.0,40.0,0.1,146.0,4.0
2025-04-02 07:41:03,143.11,19.0,147.87,15.0,142.02,92.0,503.79,28.0,145.49,4.759999999999991,111.0,43.0,1.118646503601724,154,68.0,32.0,0.44,145.0,1.0
2025-04-02 07:41:04,143.0,14.0,147.29,14.0,142.0,70.0,149.14,7.0,145.14,4.289999999999992,84.0,21.0,0.7096830278511789,105,63.0,-49.0,0.6,145.0,
2025-04-02 07:41:05,143.0,16.0,146.38,16.0,142.0,80.0,150.0,8.0,144.69,3.3799999999999955,96.0,24.0,0.4029516100227077,120,72.0,15.0,0.6,145.0,
2025-04-02 07:41:06,143.0,26.0,145.09,22.0,142.0,122.0,148.36,11.0,144.05,2.0900000000000034,148.0,33.0,0.6741513183403649,181,115.0,61.0,0.64,145.0,
2025-04-02 07:41:07,142.3,60.0,145.0,22.0,141.9,60.0,148.0,11.0,143.65,2.6999999999999886,120.0,33.0,0.7577466595243987,153,87.0,-28.0,0.57,142.4,5.0
2025-04-02 07:41:08,142.17,36.0,145.0,14.0,141.71,17.0,148.0,7.0,143.58,2.8300000000000125,53.0,21.0,0.6765131188829082,74,32.0,-79.0,0.43,142.0,1.0
2025-04-02 07:41:09,142.59,32.0,146.62,13.0,141.89,38.0,190.0,17.0,144.6,4.030000000000001,70.0,30.0,0.5178127074732457,100,40.0,26.0,0.4,143.4,5.0
2025-04-02 07:41:10,142.03,67.0,147.75,16.0,140.26,58.0,189.64,28.0,144.89,5.719999999999999,125.0,44.0,0.5776936904802911,169,81.0,69.0,0.48,143.4,
2025-04-02 07:41:11,143.92,26.0,147.0,26.0,142.0,65.0,148.0,13.0,145.46,3.0800000000000125,91.0,39.0,0.8111904831915462,130,52.0,-39.0,0.4,143.4,
2025-04-02 07:41:12,145.0,28.0,146.5,28.0,142.0,70.0,148.0,14.0,145.75,1.5,98.0,42.0,0.8454170568543286,140,56.0,10.0,0.4,143.4,
2025-04-02 07:41:13,143.79,28.0,146.4,20.0,141.76,66.0,402.62,26.0,145.09,2.6100000000000136,94.0,46.0,0.4553789630846292,140,48.0,0.0,0.34,146.0,2.0
2025-04-02 07:41:14,143.0,9.0,148.0,9.0,142.0,45.0,305.33,18.0,145.5,5.0,54.0,27.0,0.3439040564167644,81,27.0,-59.0,0.33,146.0,
2025-04-02 07:41:15,143.0,6.0,148.0,6.0,142.0,30.0,281.8,20.0,145.5,5.0,36.0,26.0,0.2367488120768832,62,10.0,-19.0,0.16,146.0,
2025-04-02 07:41:16,143.0,6.0,148.0,6.0,142.0,30.0,192.82,22.0,145.5,5.0,36.0,28.0,0.2374236719870395,64,8.0,2.0,0.12,146.0,
2025-04-02 07:41:17,143.0,2.0,148.0,2.0,142.0,10.0,166.0,10.0,145.5,5.0,12.0,12.0,0.1833575742091047,24,0.0,-40.0,0.0,146.0,
2025-04-02 07:41:18,143.0,7.0,147.57,7.0,142.0,35.0,165.4,20.0,145.29,4.569999999999993,42.0,27.0,0.093914855160507,69,15.0,45.0,0.22,146.0,
2025-04-02 07:41:19,143.0,12.0,147.0,12.0,142.0,60.0,148.0,12.0,145.0,4.0,72.0,24.0,0.2198181066697896,96,48.0,27.0,0.5,146.0,
2025-04-02 07:41:20,143.0,10.0,146.9,10.0,142.0,50.0,148.0,10.0,144.95,3.9000000000000057,60.0,20.0,0.264140114371087,80,40.0,-16.0,0.5,146.0,
2025-04-02 07:41:21,142.25,24.0,146.0,12.0,141.38,78.0,147.0,12.0,144.12,3.75,102.0,24.0,0.526089346043194,126,78.0,46.0,0.62,142.33,3.0
2025-04-02 07:41:22,142.0,36.0,145.0,60.0,141.0,96.0,146.0,12.0,143.5,3.0,132.0,72.0,0.7407901187383725,204,60.0,78.0,0.29,142.33,
2025-04-02 07:41:23,141.17,87.0,143.92,38.0,140.45,49.0,144.29,49.0,142.55,2.75,136.0,87.0,1.0327778076724734,223,49.0,19.0,0.22,142.4,5.0
2025-04-02 07:41:24,141.14,56.0,144.0,50.0,139.8,20.0,147.08,13.0,142.57,2.8600000000000136,76.0,63.0,1.0304222435589532,139,13.0,-84.0,0.09,141.0,2.0
2025-04-02 07:41:25,142.72,43.0,144.53,68.0,140.27,55.0,177.11,63.0,143.63,1.8100000000000025,98.0,131.0,0.6916140542392342,229,-33.0,90.0,-0.14,142.75,8.0
2025-04-02 07:41:26,141.0,42.0,144.4,15.0,137.0,91.0,167.3,46.0,142.7,3.4000000000000057,133.0,61.0,0.5300471677326392,194,72.0,-35.0,0.37,142.75,
2025-04-02 07:41:27,141.0,16.0,142.0,6.0,137.0,72.0,146.0,35.0,141.5,1.0,88.0,41.0,0.7556123344821913,129,47.0,-65.0,0.36,141.0,5.0
2025-04-02 07:41:28,137.04,103.0,139.82,11.0,136.44,25.0,145.57,28.0,138.43,2.780000000000001,128.0,39.0,2.012021371661362,167,89.0,38.0,0.53,141.0,1.0
2025-04-02 07:41:29,137.0,220.0,145.47,40.0,136.0,34.0,146.67,30.0,141.24,8.469999999999999,254.0,70.0,1.9665579066028591,324,184.0,157.0,0.57,139.33,3.0
2025-04-02 07:41:30,137.55,31.0,145.0,6.0,136.97,64.0,146.0,6.0,141.27,7.449999999999989,95.0,12.0,1.5709455751306267,107,83.0,-180.0,0.78,139.33,
2025-04-02 07:41:31,140.18,88.0,143.6,30.0,137.31,95.0,145.43,14.0,141.89,3.4199999999999875,183.0,44.0,1.3863368998993673,227,139.0,120.0,0.61,139.33,
2025-04-02 07:41:32,141.0,72.0,142.33,45.0,138.0,9.0,144.0,9.0,141.67,1.3300000000000125,81.0,54.0,1.4076931483894377,135,27.0,-92.0,0.2,139.33,
2025-04-02 07:41:33,141.0,96.0,142.0,60.0,138.0,12.0,144.0,12.0,141.5,1.0,108.0,72.0,0.2740985224736801,180,36.0,45.0,0.2,139.33,
2025-04-02 07:41:34,141.0,38.0,143.33,15.0,138.0,11.0,146.08,13.0,142.17,2.3300000000000125,49.0,28.0,0.3474190553526872,77,21.0,-103.0,0.27,141.0,5.0
2025-04-02 07:41:35,141.0,18.0,143.83,6.0,138.0,6.0,147.0,18.0,142.42,2.8300000000000125,24.0,24.0,0.3714162086151224,48,0.0,-29.0,0.0,141.0,
2025-04-02 07:41:36,141.12,34.0,143.27,22.0,139.12,16.0,144.5,44.0,142.2,2.1500000000000057,50.0,66.0,0.3885485812893928,116,-16.0,68.0,-0.14,142.33,3.0
2025-04-02 07:41:37,141.06,18.0,144.0,45.0,138.6,10.0,145.0,27.0,142.53,2.9399999999999977,28.0,72.0,0.4005371393790033,100,-44.0,-16.0,-0.44,141.33,3.0
2025-04-02 07:41:38,141.0,7.0,144.0,35.0,138.0,7.0,145.0,21.0,142.5,3.0,14.0,56.0,0.1686119806592043,70,-42.0,-30.0,-0.6,141.33,
2025-04-02 07:41:39,141.0,9.0,144.0,45.0,138.6,15.0,145.0,27.0,142.5,3.0,24.0,72.0,0.1349073757130617,96,-48.0,26.0,-0.5,141.33,
2025-04-02 07:41:40,141.0,7.0,144.0,35.0,138.12,32.0,145.0,21.0,142.5,3.0,39.0,56.0,0.1381303732774837,95,-17.0,-1.0,-0.18,141.33,
2025-04-02 07:41:41,141.0,13.0,144.0,65.0,137.0,151.0,145.0,39.0,142.5,3.0,164.0,104.0,0.0134164086754135,268,60.0,173.0,0.22,141.33,
2025-04-02 07:41:42,137.18,55.0,144.0,45.0,136.79,78.0,145.0,27.0,140.59,6.819999999999993,133.0,72.0,0.8541779674177601,205,61.0,-63.0,0.3,141.0,1.0
2025-04-02 07:41:43,141.37,27.0,144.0,50.0,137.49,47.0,145.0,30.0,142.69,2.6299999999999955,74.0,80.0,0.8792781130119868,154,-6.0,-51.0,-0.04,141.0,
2025-04-02 07:41:44,142.54,26.0,144.0,40.0,139.6,10.0,145.0,24.0,143.27,1.460000000000008,36.0,64.0,1.0120029644333357,100,-28.0,-54.0,-0.28,141.0,
2025-04-02 07:41:45,142.0,26.0,143.92,65.0,138.0,13.0,144.88,41.0,142.96,1.9199999999999875,39.0,106.0,1.0536460506364649,145,-67.0,45.0,-0.46,141.0,
2025-04-02 07:41:46,139.88,17.0,142.43,44.0,137.04,94.0,189.3,60.0,141.16,2.550000000000012,111.0,104.0,1.1847489185569842,215,7.0,70.0,0.03,142.0,2.0
2025-04-02 07:41:47,137.06,53.0,139.0,19.0,136.5,60.0,140.0,16.0,138.03,1.9399999999999975,113.0,35.0,2.1657954658790346,148,78.0,-67.0,0.53,139.0,1.0
2025-04-02 07:41:48,137.0,120.0,138.58,24.0,135.67,54.0,140.0,24.0,137.79,1.5800000000000125,174.0,48.0,2.622226153485369,222,126.0,74.0,0.57,139.0,
2025-04-02 07:41:49,137.0,146.0,138.56,32.0,135.0,48.0,141.58,38.0,137.78,1.5600000000000025,194.0,70.0,2.38542029840093,264,124.0,42.0,0.47,137.0,6.0
2025-04-02 07:41:50,137.0,56.0,141.0,14.0,135.0,21.0,143.0,28.0,139.0,4.0,77.0,42.0,1.436269473331354,119,35.0,-145.0,0.29,137.0,
2025-04-02 07:41:51,137.0,56.0,141.0,40.0,135.0,36.0,144.09,44.0,139.0,4.0,92.0,84.0,0.6287686379136009,176,8.0,57.0,0.05,137.0,
2025-04-02 07:41:52,137.0,32.0,141.0,48.0,135.0,24.0,147.0,24.0,139.0,4.0,56.0,72.0,0.6654922989964901,128,-16.0,-48.0,-0.12,137.0,
2025-04-02 07:41:53,137.0,32.0,141.0,48.0,135.0,24.0,147.0,24.0,139.0,4.0,56.0,72.0,0.5456005865315059,128,-16.0,0.0,-0.12,137.0,1.0
2025-04-02 07:41:54,138.12,88.0,141.0,60.0,136.83,70.0,147.0,30.0,139.56,2.8799999999999955,158.0,90.0,0.2504396135266231,248,68.0,120.0,0.27,137.0,
2025-04-02 07:41:55,139.0,63.0,144.46,26.0,137.0,55.0,151.55,11.0,141.73,5.460000000000008,118.0,37.0,1.1833934257139902,155,81.0,-93.0,0.52,141.0,6.0
2025-04-02 07:41:56,139.64,116.0,146.4,50.0,136.99,138.0,216.98,49.0,143.02,6.760000000000019,254.0,99.0,1.8193185537510312,353,155.0,180.0,0.44,139.5,4.0
2025-04-02 07:41:57,143.0,50.0,229.4,30.0,137.0,148.0,251.09,47.0,186.2,86.4,198.0,77.0,20.356196108311053,275,121.0,-78.0,0.44,143.0,4.0
2025-04-02 07:41:58,144.0,60.0,149.0,48.0,143.0,24.0,299.0,48.0,146.5,5.0,84.0,96.0,19.61484692777431,180,-12.0,-95.0,-0.07,143.0,
2025-04-02 07:41:59,144.44,62.0,149.0,44.0,143.2,25.0,409.67,39.0,146.72,4.560000000000002,87.0,83.0,18.7776723797178,170,4.0,-10.0,0.02,143.0,
2025-04-02 07:42:00,145.2,90.0,149.0,60.0,144.07,56.0,494.55,47.0,147.1,3.8000000000000114,146.0,107.0,18.12606189992785,253,39.0,83.0,0.15,143.0,
2025-04-02 07:42:01,146.0,30.0,149.0,40.0,145.0,50.0,473.06,36.0,147.5,3.0,80.0,76.0,17.555030048393984,156,4.0,-97.0,0.03,143.0,
2025-04-02 07:42:02,146.0,24.0,148.31,26.0,145.0,40.0,207.6,30.0,147.15,2.3100000000000023,64.0,56.0,0.3907428822374335,120,8.0,-36.0,0.07,143.0,
2025-04-02 07:42:03,146.0,27.0,147.44,27.0,145.0,45.0,149.22,36.0,146.72,1.4399999999999975,72.0,63.0,0.3286639621546556,135,9.0,15.0,0.07,143.0,
2025-04-02 07:42:04,145.0,70.0,151.0,56.0,143.0,56.0,292.7,46.0,148.0,6.0,126.0,102.0,0.4818505992723287,228,24.0,93.0,0.11,146.0,3.0
2025-04-02 07:42:05,144.84,49.0,151.0,40.0,142.97,37.0,222.0,20.0,147.92,6.159999999999997,86.0,60.0,0.5358357957611939,146,26.0,-82.0,0.18,146.0,
2025-04-02 07:42:06,143.53,17.0,150.89,45.0,142.95,38.0,313.81,42.0,147.21,7.359999999999985,55.0,87.0,0.5457563559126513,142,-32.0,-4.0,-0.23,146.0,
2025-04-02 07:42:07,143.6,10.0,150.0,50.0,142.5,32.0,344.0,41.0,146.8,6.400000000000006,42.0,91.0,0.6050619803120008,133,-49.0,-9.0,-0.37,143.4,5.0
2025-04-02 07:42:08,142.0,11.0,150.0,55.0,141.0,22.0,438.63,38.0,146.0,8.0,33.0,93.0,0.8302891062871608,126,-60.0,-7.0,-0.48,143.4,
2025-04-02 07:42:09,143.83,23.0,150.0,70.0,141.22,23.0,199.2,35.0,146.91,6.169999999999988,46.0,105.0,0.6952481571490958,151,-59.0,25.0,-0.39,145.0,3.0
2025-04-02 07:42:10,142.0,14.0,149.86,70.0,141.0,28.0,152.0,14.0,145.93,7.860000000000014,42.0,84.0,0.5728437832597761,126,-42.0,-25.0,-0.33,145.0,
2025-04-02 07:42:11,142.0,11.0,148.09,55.0,141.0,22.0,152.0,11.0,145.05,6.090000000000003,33.0,66.0,0.7550298007493021,99,-33.0,-27.0,-0.33,145.0,
