DateTime,Bid1_Price,Bid1_Volume,Ask1_Price,Ask1_Volume,Bid2_Price,Bid2_Volume,Ask2_Price,Ask2_Volume,Mid-Price,Bid_Ask_Spread,Market_Depth_Bid,Market_Depth_Ask,Historical_Volatility,Total_volume,Cumulative_Volume_Difference,Total_Volume_Change_Corrected,Order_imbalance,Weighted_Avg_Price,Trade_Volume
2025-05-08 07:30:05,176.0,2.0,183.0,4.0,175.0,6.0,612.5,4.0,179.5,7.0,8.0,8.0,,16,0.0,-12.0,0.0,,
2025-05-08 07:30:06,176.0,5.0,181.6,5.0,175.0,15.0,183.0,10.0,178.8,5.599999999999994,20.0,15.0,164.9393260565836,35,5.0,19.0,0.14,,
2025-05-08 07:30:07,176.44,9.0,181.0,6.0,171.15,13.0,183.0,12.0,178.72,4.560000000000002,22.0,18.0,153.4511053071955,40,4.0,5.0,0.1,176.75,4.0
2025-05-08 07:30:08,175.0,10.0,180.2,5.0,151.8,10.0,183.0,10.0,177.6,5.199999999999989,20.0,15.0,138.1750242265222,35,5.0,-5.0,0.14,176.75,
2025-05-08 07:30:09,175.0,18.0,178.22,9.0,156.0,18.0,182.53,15.0,176.61,3.219999999999999,36.0,24.0,1.1399473672042897,60,12.0,25.0,0.2,176.75,
2025-05-08 07:30:10,175.0,17.0,176.18,11.0,156.91,22.0,181.25,16.0,175.59,1.1800000000000068,39.0,27.0,1.3804093595727116,66,12.0,6.0,0.18,175.0,1.0
2025-05-08 07:30:11,156.75,8.0,183.0,8.0,155.25,8.0,190.0,8.0,169.88,26.25,16.0,16.0,3.443871368096642,32,0.0,-34.0,0.0,175.0,1.0
2025-05-08 07:30:12,156.0,10.0,183.0,10.0,110.12,16.0,190.0,10.0,169.5,27.0,26.0,20.0,3.853249278206081,46,6.0,14.0,0.13,175.0,
2025-05-08 07:30:13,156.0,6.0,183.0,6.0,125.0,15.0,190.0,6.0,169.5,27.0,21.0,12.0,3.567258050659572,33,9.0,-13.0,0.27,175.0,
2025-05-08 07:30:14,168.51,41.0,179.91,23.0,129.54,41.0,181.64,22.0,174.21,11.400000000000006,82.0,45.0,2.9333479166296392,127,37.0,94.0,0.29,175.0,
2025-05-08 07:30:15,175.0,63.0,177.21,19.0,160.29,14.0,178.86,14.0,176.11,2.210000000000008,77.0,33.0,3.1081586188602834,110,44.0,-17.0,0.4,175.0,
2025-05-08 07:30:16,175.0,90.0,176.5,30.0,159.6,20.0,178.4,20.0,175.75,1.5,110.0,50.0,3.2862486211477533,160,60.0,50.0,0.38,175.0,
2025-05-08 07:30:17,174.52,71.0,176.95,21.0,156.7,20.0,180.0,20.0,175.74,2.4299999999999784,91.0,41.0,2.761026982844528,132,50.0,-28.0,0.38,175.1,10.0
2025-05-08 07:30:18,158.0,10.0,178.0,10.0,131.36,22.0,182.0,10.0,168.0,20.0,32.0,20.0,3.4124434061234674,52,12.0,-80.0,0.23,175.1,
2025-05-08 07:30:19,160.31,39.0,181.06,31.0,148.36,42.0,202.56,36.0,170.69,20.75,81.0,67.0,3.699509426936969,148,14.0,96.0,0.09,178.0,3.0
2025-05-08 07:30:20,162.13,47.0,179.92,65.0,161.24,41.0,181.11,37.0,171.03,17.789999999999992,88.0,102.0,3.4064013269131115,190,-14.0,42.0,-0.07,178.0,
2025-05-08 07:30:21,164.0,51.0,178.32,95.0,163.0,95.0,182.0,38.0,171.16,14.319999999999991,146.0,133.0,2.7868135926170807,279,13.0,89.0,0.05,178.0,
2025-05-08 07:30:22,165.81,108.0,171.93,30.0,164.84,70.0,177.53,30.0,168.87,6.1200000000000045,178.0,60.0,1.4271475046382347,238,118.0,-41.0,0.5,174.8,5.0
2025-05-08 07:30:23,169.93,88.0,177.13,60.0,166.45,130.0,178.37,54.0,173.53,7.199999999999989,218.0,114.0,1.661679872898286,332,104.0,94.0,0.31,174.8,
2025-05-08 07:30:24,175.12,82.0,176.8,40.0,173.43,61.0,180.79,38.0,175.96,1.6800000000000068,143.0,78.0,2.7113373084135786,221,65.0,-111.0,0.29,176.43,7.0
2025-05-08 07:30:25,175.39,88.0,179.73,11.0,173.53,57.0,184.61,31.0,177.56,4.340000000000003,145.0,42.0,3.514730430629861,187,103.0,-34.0,0.55,176.33,3.0
2025-05-08 07:30:26,176.55,99.0,181.33,30.0,175.06,114.0,184.83,58.0,178.94,4.780000000000001,213.0,88.0,3.9601982273613223,301,125.0,114.0,0.42,176.33,
2025-05-08 07:30:27,178.66,154.0,181.76,34.0,177.44,75.0,185.54,111.0,180.21,3.0999999999999943,229.0,145.0,2.6084382300518545,374,84.0,73.0,0.22,180.5,8.0
2025-05-08 07:30:28,181.45,44.0,184.38,16.0,177.1,39.0,185.75,80.0,182.91,2.930000000000007,83.0,96.0,2.645927058706698,179,-13.0,-176.0,-0.07,182.0,1.0
2025-05-08 07:30:29,182.0,30.0,184.0,15.0,181.0,15.0,185.0,75.0,183.0,2.0,45.0,90.0,2.409176207751616,135,-45.0,-44.0,-0.33,182.0,
2025-05-08 07:30:30,182.91,22.0,184.0,11.0,181.0,11.0,185.0,55.0,183.45,1.0900000000000034,33.0,66.0,2.0033896276053285,99,-33.0,-36.0,-0.33,182.0,
2025-05-08 07:30:31,182.85,26.0,184.0,14.0,177.12,34.0,185.0,70.0,183.42,1.1500000000000057,60.0,84.0,1.3567497927019343,144,-24.0,45.0,-0.17,183.0,2.0
2025-05-08 07:30:32,181.0,13.0,183.4,25.0,175.0,143.0,184.94,53.0,182.2,2.4000000000000057,156.0,78.0,0.5066853066715363,234,78.0,90.0,0.33,183.0,
2025-05-08 07:30:33,175.75,40.0,182.0,50.0,174.16,95.0,185.12,42.0,178.88,6.25,135.0,92.0,1.9178633945087609,227,43.0,-7.0,0.19,176.2,5.0
2025-05-08 07:30:34,175.0,70.0,182.0,50.0,173.0,80.0,186.0,30.0,178.5,7.0,150.0,80.0,2.430164603477812,230,70.0,3.0,0.3,176.2,
2025-05-08 07:30:35,175.0,84.0,182.0,60.0,173.0,112.0,186.0,36.0,178.5,7.0,196.0,96.0,2.3367070847661355,292,100.0,62.0,0.34,176.2,
2025-05-08 07:30:36,175.0,91.0,181.59,41.0,173.0,112.0,183.06,51.0,178.29,6.590000000000003,203.0,92.0,1.6494787055297224,295,111.0,3.0,0.38,176.2,
2025-05-08 07:30:37,175.0,84.0,179.67,12.0,173.0,99.0,181.0,60.0,177.33,4.669999999999988,183.0,72.0,0.5825375524339436,255,111.0,-40.0,0.44,176.2,
2025-05-08 07:30:38,175.0,63.0,178.05,37.0,173.0,87.0,180.18,17.0,176.53,3.050000000000012,150.0,54.0,0.873126565851466,204,96.0,-51.0,0.47,176.2,
2025-05-08 07:30:39,175.0,77.0,177.73,22.0,173.0,88.0,179.0,11.0,176.36,2.7299999999999898,165.0,33.0,0.9804947730587016,198,132.0,-6.0,0.67,178.0,3.0
2025-05-08 07:30:40,175.0,60.0,176.48,29.0,173.0,80.0,178.08,13.0,175.74,1.4799999999999898,140.0,42.0,0.984708078567064,182,98.0,-16.0,0.54,175.0,5.0
2025-05-08 07:30:41,173.0,54.0,174.39,33.0,172.0,9.0,175.86,22.0,173.7,1.3899999999999864,63.0,55.0,1.370572872923914,118,8.0,-64.0,0.07,173.67,6.0
2025-05-08 07:30:42,172.31,13.0,174.5,14.0,170.03,73.0,181.59,17.0,173.4,2.1899999999999977,86.0,31.0,1.490093956767356,117,55.0,-1.0,0.47,173.0,4.0
2025-05-08 07:30:43,170.08,100.0,175.79,24.0,169.31,104.0,181.07,30.0,172.94,5.70999999999998,204.0,54.0,1.5210917132094064,258,150.0,141.0,0.58,172.0,2.0
2025-05-08 07:30:44,174.54,70.0,178.1,92.0,170.41,54.0,181.06,33.0,176.32,3.5600000000000023,124.0,125.0,1.5084429057787727,249,-1.0,-9.0,-0.0,178.0,2.0
2025-05-08 07:30:45,176.0,12.0,178.0,36.0,175.0,36.0,181.0,12.0,177.0,2.0,48.0,48.0,1.8505458654122549,96,0.0,-153.0,0.0,178.0,
2025-05-08 07:30:46,177.91,22.0,179.41,34.0,175.0,66.0,231.9,30.0,178.66,1.5,88.0,64.0,2.436037766537035,152,24.0,56.0,0.16,178.0,6.0
2025-05-08 07:30:47,175.12,68.0,181.0,24.0,171.23,105.0,342.49,35.0,178.06,5.879999999999996,173.0,59.0,2.236577742890941,232,114.0,80.0,0.49,180.0,2.0
2025-05-08 07:30:48,175.0,40.0,181.33,18.0,170.79,61.0,269.0,21.0,178.17,6.3300000000000125,101.0,39.0,0.9552067838931868,140,62.0,-92.0,0.44,175.0,2.0
2025-05-08 07:30:49,175.0,36.0,180.64,22.0,171.07,56.0,182.22,18.0,177.82,5.639999999999986,92.0,40.0,0.6090320188591787,132,52.0,-8.0,0.39,175.0,
2025-05-08 07:30:50,176.45,66.0,179.92,48.0,173.64,66.0,181.0,24.0,178.19,3.469999999999999,132.0,72.0,0.3060228749551045,204,60.0,72.0,0.29,175.0,
2025-05-08 07:30:51,177.0,30.0,178.89,18.0,175.0,20.0,180.33,12.0,177.94,1.8899999999999864,50.0,30.0,0.1566205605778839,80,20.0,-124.0,0.25,175.0,
2025-05-08 07:30:52,176.04,50.0,178.0,30.0,174.29,84.0,180.0,36.0,177.02,1.960000000000008,134.0,66.0,0.4778807382555204,200,68.0,120.0,0.34,177.0,6.0
2025-05-08 07:30:53,175.0,28.0,178.0,28.0,174.0,70.0,182.0,14.0,176.5,3.0,98.0,42.0,0.7075167842500268,140,56.0,-60.0,0.4,177.0,
2025-05-08 07:30:54,175.26,38.0,177.52,31.0,174.1,78.0,179.23,26.0,176.39,2.2600000000000198,116.0,57.0,0.8224779632278221,173,59.0,33.0,0.34,177.0,
2025-05-08 07:30:55,176.0,22.0,177.67,18.0,175.0,32.0,179.5,16.0,176.83,1.6699999999999875,54.0,34.0,0.6153291801916017,88,20.0,-85.0,0.23,176.0,3.0
2025-05-08 07:30:56,176.0,14.0,177.14,14.0,175.0,28.0,180.57,14.0,176.57,1.1399999999999864,42.0,28.0,0.257429602018028,70,14.0,-18.0,0.2,176.0,2.0
2025-05-08 07:30:57,175.69,116.0,180.11,37.0,172.27,178.0,181.58,31.0,177.9,4.420000000000016,294.0,68.0,0.6153616822611223,362,226.0,176.0,0.62,176.0,
2025-05-08 07:30:58,176.0,260.0,179.46,37.0,175.0,52.0,181.15,26.0,177.73,3.460000000000008,312.0,63.0,0.6880261622898797,375,249.0,13.0,0.66,178.0,3.0
2025-05-08 07:30:59,177.04,134.0,181.8,20.0,176.26,76.0,182.91,44.0,179.42,4.760000000000019,210.0,64.0,1.1216728578313628,274,146.0,-101.0,0.53,177.0,4.0
2025-05-08 07:31:00,178.0,20.0,182.74,47.0,177.0,160.0,184.57,23.0,180.37,4.740000000000009,180.0,70.0,1.497421116451849,250,110.0,-24.0,0.44,177.0,
2025-05-08 07:31:01,179.35,34.0,181.0,62.0,177.38,48.0,184.3,20.0,180.18,1.6500000000000057,82.0,82.0,1.2446485447692472,164,0.0,-86.0,0.0,177.0,
2025-05-08 07:31:02,179.89,76.0,182.67,36.0,178.67,24.0,312.57,14.0,181.28,2.780000000000001,100.0,50.0,1.3312512910778722,150,50.0,-14.0,0.33,180.67,12.0
2025-05-08 07:31:03,180.47,30.0,184.0,22.0,179.78,36.0,390.27,15.0,182.23,3.530000000000001,66.0,37.0,1.0833882037371845,103,29.0,-47.0,0.28,180.67,
2025-05-08 07:31:04,181.0,22.0,184.0,22.0,180.0,44.0,315.68,38.0,182.5,3.0,66.0,60.0,1.0516510828203112,126,6.0,23.0,0.05,180.67,
2025-05-08 07:31:05,181.27,30.0,184.0,26.0,180.08,48.0,245.45,44.0,182.63,2.7299999999999898,78.0,70.0,1.0310334621132915,148,8.0,22.0,0.05,180.67,
2025-05-08 07:31:06,182.0,40.0,183.48,29.0,181.0,20.0,196.44,27.0,182.74,1.4799999999999898,60.0,56.0,0.5884131201779366,116,4.0,-32.0,0.03,180.67,
2025-05-08 07:31:07,181.85,47.0,183.14,58.0,180.14,28.0,190.0,32.0,182.49,1.289999999999992,75.0,90.0,0.1909712020112734,165,-15.0,49.0,-0.09,181.8,5.0
2025-05-08 07:31:08,176.75,20.0,182.73,11.0,175.38,48.0,186.29,21.0,179.74,5.97999999999999,68.0,32.0,1.2786907366511469,100,36.0,-65.0,0.36,177.29,7.0
2025-05-08 07:31:09,175.41,34.0,180.64,25.0,173.18,44.0,181.5,40.0,178.03,5.22999999999999,78.0,65.0,2.135048008827237,143,13.0,43.0,0.09,176.0,4.0
2025-05-08 07:31:10,175.0,8.0,179.5,8.0,174.0,24.0,182.0,32.0,177.25,4.5,32.0,40.0,2.510288828003023,72,-8.0,-71.0,-0.11,176.0,
2025-05-08 07:31:11,178.11,27.0,181.77,13.0,174.28,25.0,183.71,28.0,179.94,3.6599999999999966,52.0,41.0,2.025722093475951,93,11.0,21.0,0.12,181.25,4.0
2025-05-08 07:31:12,179.0,30.0,182.0,12.0,175.0,10.0,184.0,20.0,180.5,3.0,40.0,32.0,1.3822336994866105,72,8.0,-21.0,0.11,181.25,
2025-05-08 07:31:13,179.0,18.0,182.0,12.0,175.0,6.0,184.0,12.0,180.5,3.0,24.0,24.0,1.5074249566716391,48,0.0,-24.0,0.0,181.25,
2025-05-08 07:31:14,179.0,42.0,180.83,41.0,177.53,49.0,182.2,20.0,179.91,1.8300000000000125,91.0,61.0,1.3557470265490643,152,30.0,104.0,0.2,181.25,
2025-05-08 07:31:15,179.0,33.0,180.32,25.0,177.5,32.0,183.07,15.0,179.66,1.3199999999999932,65.0,40.0,0.3792360742292222,105,25.0,-47.0,0.24,180.0,3.0
2025-05-08 07:31:16,179.32,22.0,182.33,24.0,178.42,26.0,183.86,21.0,180.83,3.0100000000000198,48.0,45.0,0.4797395126491669,93,3.0,-12.0,0.03,180.0,
2025-05-08 07:31:17,179.33,18.0,181.3,37.0,178.45,22.0,183.71,17.0,180.32,1.9699999999999989,40.0,54.0,0.4656500832136157,94,-14.0,1.0,-0.15,180.0,1.0
2025-05-08 07:31:18,177.57,21.0,181.0,9.0,174.67,15.0,238.75,12.0,179.29,3.430000000000007,36.0,21.0,0.5956257214029377,57,15.0,-37.0,0.26,178.25,4.0
2025-05-08 07:31:19,177.71,21.0,181.0,7.0,175.0,7.0,185.0,7.0,179.36,3.289999999999992,28.0,14.0,0.6637544726755006,42,14.0,-15.0,0.33,178.25,
2025-05-08 07:31:20,178.33,45.0,180.11,45.0,175.0,15.0,182.33,15.0,179.22,1.7800000000000011,60.0,60.0,0.7282375985876494,120,0.0,78.0,0.0,178.25,
2025-05-08 07:31:21,178.0,20.0,180.4,25.0,173.33,30.0,183.5,10.0,179.2,2.4000000000000057,50.0,35.0,0.4748894608186229,85,15.0,-35.0,0.18,179.0,3.0
2025-05-08 07:31:22,176.44,27.0,180.0,15.0,173.38,37.0,181.92,13.0,178.22,3.5600000000000023,64.0,28.0,0.4726732486575404,92,36.0,7.0,0.39,179.0,
2025-05-08 07:31:23,173.56,32.0,179.29,14.0,171.66,38.0,182.5,12.0,176.42,5.72999999999999,70.0,26.0,1.24011289808482,96,44.0,4.0,0.46,176.75,4.0
2025-05-08 07:31:24,173.0,15.0,179.0,7.0,171.76,33.0,182.0,7.0,176.0,6.0,48.0,14.0,1.5245064775185944,62,34.0,-34.0,0.55,176.75,
2025-05-08 07:31:25,175.78,51.0,178.95,19.0,172.71,68.0,181.75,24.0,177.37,3.1699999999999875,119.0,43.0,1.3062235643242914,162,76.0,100.0,0.47,176.75,
2025-05-08 07:31:26,176.0,65.0,237.27,15.0,175.0,13.0,359.5,18.0,206.63,61.27000000000001,78.0,33.0,13.277732110567571,111,45.0,-51.0,0.41,181.5,2.0
2025-05-08 07:31:27,180.39,33.0,305.79,28.0,173.12,51.0,398.1,29.0,243.09,125.40000000000003,84.0,57.0,29.414580908114257,141,27.0,30.0,0.19,176.0,5.0
2025-05-08 07:31:28,185.0,153.0,255.76,21.0,179.41,34.0,318.76,34.0,220.38,70.75999999999999,187.0,55.0,28.696681515464487,242,132.0,101.0,0.55,176.0,
2025-05-08 07:31:29,185.0,131.0,254.73,55.0,180.0,66.0,256.0,22.0,219.86,69.72999999999999,197.0,77.0,24.06200386501512,274,120.0,32.0,0.44,185.0,6.0
2025-05-08 07:31:30,185.0,99.0,228.82,33.0,180.0,54.0,247.85,13.0,206.91,43.81999999999999,153.0,46.0,14.844676823696878,199,107.0,-75.0,0.54,185.0,
2025-05-08 07:31:31,185.0,121.0,225.87,15.0,180.0,66.0,227.96,51.0,205.43,40.870000000000005,187.0,66.0,15.109560880449274,253,121.0,54.0,0.48,185.0,
2025-05-08 07:31:32,185.0,165.0,223.76,51.0,181.6,90.0,224.72,39.0,204.38,38.75999999999999,255.0,90.0,8.020178925685032,345,165.0,92.0,0.48,185.0,
2025-05-08 07:31:33,185.0,154.0,211.14,70.0,183.0,84.0,206.41,34.0,198.07,26.139999999999983,238.0,104.0,7.975547003184291,342,134.0,-3.0,0.39,185.0,
2025-05-08 07:31:34,185.0,99.0,192.22,37.0,183.0,54.0,193.97,37.0,188.61,7.219999999999999,153.0,74.0,7.542585763516444,227,79.0,-115.0,0.35,185.0,
2025-05-08 07:31:35,185.0,88.0,187.25,40.0,183.0,48.0,187.92,24.0,186.12,2.25,136.0,64.0,8.864229802977835,200,72.0,-27.0,0.36,185.0,
2025-05-08 07:31:36,185.0,28.0,186.25,40.0,183.0,48.0,190.94,16.0,185.62,1.25,76.0,56.0,8.296267232918677,132,20.0,-68.0,0.15,185.0,9.0
2025-05-08 07:31:37,183.09,44.0,185.58,33.0,180.33,54.0,191.56,45.0,184.33,2.490000000000009,98.0,78.0,5.543739712504532,176,20.0,44.0,0.11,184.0,4.0
2025-05-08 07:31:38,183.0,48.0,185.42,60.0,180.29,42.0,269.19,57.0,184.21,2.4199999999999875,90.0,117.0,1.7830787980343916,207,-27.0,31.0,-0.13,184.0,
2025-05-08 07:31:39,182.96,25.0,211.29,35.0,181.0,12.0,390.29,35.0,197.12,28.329999999999984,37.0,70.0,5.451013667199873,107,-33.0,-100.0,-0.31,183.0,4.0
2025-05-08 07:31:40,182.0,11.0,209.56,25.0,180.0,66.0,366.04,27.0,195.78,27.56,77.0,52.0,6.465900555993715,129,25.0,22.0,0.19,183.0,
2025-05-08 07:31:41,182.0,16.0,183.0,48.0,180.0,96.0,436.48,27.0,182.5,1.0,112.0,75.0,7.0477138137129165,187,37.0,58.0,0.2,183.0,
2025-05-08 07:31:42,181.16,57.0,182.93,44.0,180.3,89.0,206.33,18.0,182.04,1.7700000000000102,146.0,62.0,7.471512564400861,208,84.0,21.0,0.4,183.0,2.0
2025-05-08 07:31:43,180.0,71.0,181.42,12.0,179.0,12.0,186.17,12.0,180.71,1.4199999999999875,83.0,24.0,8.092187590509749,107,59.0,-101.0,0.55,180.8,5.0
2025-05-08 07:31:44,180.0,44.0,183.5,10.0,178.1,10.0,185.0,20.0,181.75,3.5,54.0,30.0,6.308742346934141,84,24.0,-23.0,0.29,180.0,1.0
2025-05-08 07:31:45,180.0,44.0,183.0,11.0,178.62,55.0,185.91,22.0,181.5,3.0,99.0,33.0,0.6667458286334582,132,66.0,48.0,0.5,180.0,
2025-05-08 07:31:46,180.0,48.0,183.0,12.0,179.0,144.0,187.0,24.0,181.5,3.0,192.0,36.0,0.4945199692632381,228,156.0,96.0,0.68,180.0,
2025-05-08 07:31:47,179.16,73.0,182.57,14.0,176.85,120.0,186.56,18.0,180.87,3.4099999999999966,193.0,32.0,0.4499222154996571,225,161.0,-3.0,0.72,179.44,9.0
2025-05-08 07:31:48,179.0,91.0,181.15,39.0,176.0,169.0,185.0,13.0,180.08,2.1500000000000057,260.0,52.0,0.6759807689573131,312,208.0,87.0,0.67,179.44,
2025-05-08 07:31:49,177.38,65.0,180.71,21.0,175.81,96.0,187.0,12.0,179.05,3.3300000000000125,161.0,33.0,1.044724844157604,194,128.0,-118.0,0.66,178.33,9.0
2025-05-08 07:31:50,176.0,77.0,185.0,7.0,175.0,42.0,189.0,14.0,180.5,9.0,119.0,21.0,0.9173058377663044,140,98.0,-54.0,0.7,178.33,
2025-05-08 07:31:51,176.0,178.0,184.02,66.0,175.0,77.0,185.53,15.0,180.01,8.02000000000001,255.0,81.0,0.6826199528289305,336,174.0,176.0,0.52,178.33,
2025-05-08 07:31:52,176.0,221.0,183.62,65.0,175.0,65.0,185.0,13.0,179.81,7.620000000000003,286.0,78.0,0.5325880208943707,364,208.0,28.0,0.57,178.33,
2025-05-08 07:31:53,176.0,187.0,182.07,67.0,175.0,55.0,187.18,11.0,179.04,6.069999999999993,242.0,78.0,0.6333798228552868,320,164.0,-44.0,0.51,178.33,
2025-05-08 07:31:54,176.11,108.0,181.43,35.0,175.36,47.0,188.0,7.0,178.77,5.319999999999993,155.0,42.0,0.7108656694483151,197,113.0,-123.0,0.57,178.33,
2025-05-08 07:31:55,176.33,183.0,180.5,70.0,175.65,130.0,183.81,32.0,178.41,4.169999999999988,313.0,102.0,0.6823635394716147,415,211.0,176.0,0.51,178.33,
2025-05-08 07:31:56,176.0,187.0,179.47,43.0,175.0,55.0,181.25,40.0,177.73,3.469999999999999,242.0,83.0,0.7687782515135827,325,159.0,-90.0,0.49,179.0,3.0
2025-05-08 07:31:57,176.23,44.0,178.67,60.0,175.94,180.0,184.73,22.0,177.45,2.4399999999999977,224.0,82.0,0.6756478372645949,306,142.0,-19.0,0.46,179.0,
2025-05-08 07:31:58,176.15,40.0,178.25,32.0,175.73,112.0,183.2,10.0,177.2,2.0999999999999943,152.0,42.0,0.6591054543852287,194,110.0,-112.0,0.57,177.0,1.0
2025-05-08 07:31:59,176.01,154.0,181.0,40.0,173.82,62.0,184.47,17.0,178.5,4.990000000000009,216.0,57.0,0.5772088010420139,273,159.0,79.0,0.58,177.0,
2025-05-08 07:32:00,176.25,44.0,181.0,27.0,175.87,178.0,183.33,54.0,178.62,4.75,222.0,81.0,0.6324160023278655,303,141.0,30.0,0.47,181.0,3.0
2025-05-08 07:32:01,177.14,100.0,182.79,47.0,175.88,195.0,184.15,53.0,179.96,5.650000000000006,295.0,100.0,1.0977158102169813,395,195.0,92.0,0.49,181.0,1.0
2025-05-08 07:32:02,178.07,58.0,182.0,52.0,176.0,221.0,183.77,65.0,180.03,3.930000000000007,279.0,117.0,1.1749127627191158,396,162.0,1.0,0.41,178.0,4.0
2025-05-08 07:32:03,179.88,16.0,182.0,36.0,176.32,75.0,183.0,45.0,180.94,2.1200000000000045,91.0,81.0,1.034408043278939,172,10.0,-176.0,0.06,178.0,
2025-05-08 07:32:04,180.15,13.0,181.24,42.0,176.02,188.0,182.78,45.0,180.7,1.0900000000000034,201.0,87.0,0.903880523078198,288,114.0,116.0,0.4,182.0,2.0
2025-05-08 07:32:05,176.31,145.0,182.5,44.0,174.55,99.0,183.16,49.0,179.41,6.189999999999998,244.0,93.0,0.6139788269965903,337,151.0,49.0,0.45,180.75,4.0
2025-05-08 07:32:06,176.0,136.0,181.78,18.0,173.0,48.0,182.96,51.0,178.89,5.780000000000001,184.0,69.0,0.8594358614813256,253,115.0,-84.0,0.45,180.75,
2025-05-08 07:32:07,176.0,204.0,180.0,48.0,173.0,72.0,182.0,44.0,178.0,4.0,276.0,92.0,1.2354230044807335,368,184.0,115.0,0.5,180.75,
2025-05-08 07:32:08,176.0,153.0,179.0,28.0,173.0,54.0,182.0,65.0,177.5,3.0,207.0,93.0,1.2520183704723664,300,114.0,-68.0,0.38,177.0,6.0
2025-05-08 07:32:09,176.0,143.0,179.0,22.0,173.0,70.0,182.0,77.0,177.5,3.0,213.0,99.0,0.8576421165033531,312,114.0,12.0,0.37,177.0,
2025-05-08 07:32:10,176.58,31.0,181.8,40.0,175.81,125.0,223.31,49.0,179.19,5.219999999999999,156.0,89.0,0.7865939231905879,245,67.0,-67.0,0.27,181.33,9.0
2025-05-08 07:32:11,178.12,17.0,183.0,63.0,176.04,94.0,262.35,17.0,180.56,4.879999999999996,111.0,80.0,1.318825234820875,191,31.0,-54.0,0.16,181.33,
2025-05-08 07:32:12,178.93,28.0,183.0,98.0,176.16,73.0,190.0,42.0,180.96,4.069999999999993,101.0,140.0,1.6363434847244862,241,-39.0,50.0,-0.16,181.33,
2025-05-08 07:32:13,178.34,35.0,183.0,98.0,176.17,36.0,318.9,30.0,180.67,4.659999999999997,71.0,128.0,1.4438940404337808,199,-57.0,-42.0,-0.29,177.6,5.0
2025-05-08 07:32:14,176.28,58.0,182.96,80.0,172.91,47.0,215.39,18.0,179.62,6.680000000000007,105.0,98.0,0.7557446658760775,203,7.0,4.0,0.03,177.6,
2025-05-08 07:32:15,176.0,60.0,181.7,61.0,172.15,33.0,182.89,45.0,178.85,5.699999999999989,93.0,106.0,0.8751971206534838,199,-13.0,-4.0,-0.07,177.6,
2025-05-08 07:32:16,176.0,55.0,180.09,33.0,172.23,26.0,183.12,57.0,178.05,4.090000000000003,81.0,90.0,1.2201844122919172,171,-9.0,-28.0,-0.05,177.6,
2025-05-08 07:32:17,176.0,50.0,177.89,27.0,172.0,40.0,182.92,50.0,176.94,1.8899999999999864,90.0,77.0,1.4309542270807274,167,13.0,-4.0,0.08,177.6,
2025-05-08 07:32:18,176.0,50.0,177.0,20.0,172.0,40.0,178.0,30.0,176.5,1.0,90.0,50.0,1.2964065720291098,140,40.0,-27.0,0.29,177.6,
2025-05-08 07:32:19,176.0,42.0,177.5,24.0,172.0,40.0,179.6,30.0,176.75,1.5,82.0,54.0,0.9959267041305304,136,28.0,-4.0,0.21,176.0,2.0
2025-05-08 07:32:20,172.44,54.0,177.43,42.0,169.41,64.0,182.0,42.0,174.94,4.990000000000009,118.0,84.0,1.118002683360106,202,34.0,66.0,0.17,176.0,3.0
2025-05-08 07:32:21,170.54,99.0,174.88,51.0,159.68,62.0,178.12,51.0,172.71,4.340000000000003,161.0,102.0,1.7826020307405952,263,59.0,61.0,0.22,176.0,
2025-05-08 07:32:22,172.43,169.0,175.08,50.0,169.88,93.0,179.04,81.0,173.75,2.6500000000000057,262.0,131.0,1.7391233423770032,393,131.0,130.0,0.33,175.33,9.0
2025-05-08 07:32:23,176.86,84.0,181.0,78.0,174.51,43.0,282.36,14.0,178.93,4.139999999999986,127.0,92.0,2.472464357680512,219,35.0,-174.0,0.16,175.33,
2025-05-08 07:32:24,177.0,64.0,181.0,48.0,176.0,24.0,382.12,8.0,179.0,4.0,88.0,56.0,2.9370614566264117,144,32.0,-75.0,0.22,175.33,
2025-05-08 07:32:25,177.0,56.0,181.0,42.0,176.0,23.0,284.88,17.0,179.0,4.0,79.0,59.0,3.169111862967346,138,20.0,-6.0,0.14,175.33,
2025-05-08 07:32:26,177.0,136.0,180.23,91.0,176.0,85.0,225.08,64.0,178.62,3.2299999999999898,221.0,155.0,2.3029220568660613,376,66.0,176.0,0.18,175.33,
2025-05-08 07:32:27,177.0,104.0,178.44,57.0,176.0,65.0,179.77,65.0,177.72,1.4399999999999975,169.0,122.0,0.5452338947644978,291,47.0,-85.0,0.16,178.0,4.0
2025-05-08 07:32:28,177.0,80.0,178.36,42.0,176.0,70.0,179.7,71.0,177.68,1.3600000000000136,150.0,113.0,0.6612715024860125,263,37.0,-28.0,0.14,177.43,7.0
2025-05-08 07:32:29,177.0,44.0,179.95,21.0,176.0,55.0,184.0,66.0,178.48,2.9499999999999886,99.0,87.0,0.5800000000001108,186,12.0,-77.0,0.06,179.5,4.0
2025-05-08 07:32:30,177.0,30.0,181.0,9.0,176.0,45.0,184.0,52.0,179.0,4.0,75.0,61.0,0.5800000000001108,136,14.0,-50.0,0.1,177.0,2.0
2025-05-08 07:32:31,177.0,12.0,180.2,15.0,176.0,30.0,183.5,18.0,178.6,3.1999999999999886,42.0,33.0,0.577304079320534,75,9.0,-61.0,0.12,177.0,
2025-05-08 07:32:32,177.0,14.0,180.0,28.0,176.0,35.0,181.86,7.0,178.5,3.0,49.0,35.0,0.4799166594317147,84,14.0,9.0,0.17,177.0,
2025-05-08 07:32:33,177.0,30.0,179.2,60.0,176.0,75.0,181.57,21.0,178.1,2.1999999999999886,105.0,81.0,0.3216830738476683,186,24.0,102.0,0.13,177.0,
2025-05-08 07:32:34,176.25,40.0,178.56,36.0,173.06,49.0,180.3,40.0,177.4,2.3100000000000023,89.0,76.0,0.6058052492345518,165,13.0,-21.0,0.08,177.0,2.0
2025-05-08 07:32:35,176.0,45.0,177.22,18.0,170.0,36.0,180.09,33.0,176.61,1.2199999999999989,81.0,51.0,0.8347574498021986,132,30.0,-33.0,0.23,177.0,
2025-05-08 07:32:36,172.69,29.0,178.71,14.0,169.71,28.0,183.8,25.0,175.7,6.02000000000001,57.0,39.0,1.1312470994439954,96,18.0,-36.0,0.19,176.0,5.0
2025-05-08 07:32:37,170.14,42.0,183.0,12.0,168.5,60.0,184.0,60.0,176.57,12.860000000000014,102.0,72.0,0.911059822404967,174,30.0,78.0,0.17,176.0,
2025-05-08 07:32:38,171.43,42.0,183.0,8.0,169.35,46.0,184.0,40.0,177.21,11.569999999999991,88.0,48.0,0.6661606412875435,136,40.0,-38.0,0.29,176.0,
2025-05-08 07:32:39,173.55,55.0,179.3,27.0,170.54,52.0,183.82,39.0,176.42,5.75,107.0,66.0,0.5402499421570433,173,41.0,37.0,0.24,176.0,
2025-05-08 07:32:40,176.5,40.0,178.0,56.0,170.61,49.0,182.0,13.0,177.25,1.5,89.0,69.0,0.63902269130341,158,20.0,-15.0,0.13,176.4,5.0
2025-05-08 07:32:41,175.0,11.0,181.0,16.0,171.25,16.0,182.92,26.0,178.0,6.0,27.0,42.0,0.6299603162108967,69,-15.0,-89.0,-0.22,177.0,3.0
2025-05-08 07:32:42,174.62,13.0,182.0,26.0,172.0,32.0,253.54,52.0,178.31,7.3799999999999955,45.0,78.0,0.7415996224381797,123,-33.0,54.0,-0.27,177.0,
2025-05-08 07:32:43,177.05,22.0,182.0,20.0,172.31,32.0,237.06,34.0,179.52,4.949999999999989,54.0,54.0,1.1635506005328489,108,0.0,-15.0,0.0,177.0,
2025-05-08 07:32:44,180.08,13.0,182.0,26.0,177.62,65.0,184.0,26.0,181.04,1.9199999999999875,78.0,52.0,1.4845639090319112,130,26.0,22.0,0.2,177.0,
2025-05-08 07:32:45,181.0,66.0,182.0,20.0,175.14,69.0,184.0,20.0,181.5,1.0,135.0,40.0,1.5721577528988335,175,95.0,45.0,0.54,177.0,
2025-05-08 07:32:46,181.0,63.0,182.0,14.0,175.0,56.0,184.0,14.0,181.5,1.0,119.0,28.0,1.4114460669822824,147,91.0,-28.0,0.62,177.0,
2025-05-08 07:32:47,181.0,54.0,182.0,12.0,175.0,42.0,184.0,12.0,181.5,1.0,96.0,24.0,0.8575080174550134,120,72.0,-27.0,0.6,177.0,
2025-05-08 07:32:48,181.0,78.0,182.0,20.0,175.0,60.0,184.0,20.0,181.5,1.0,138.0,40.0,0.2057182539288934,178,98.0,58.0,0.55,181.0,2.0
2025-05-08 07:32:49,181.0,42.0,182.0,12.0,175.0,36.0,184.0,12.0,181.5,1.0,78.0,24.0,0.0,102,54.0,-76.0,0.53,181.0,
2025-05-08 07:32:50,181.0,35.0,182.0,14.0,175.0,42.0,184.0,14.0,181.5,1.0,77.0,28.0,0.0,105,49.0,3.0,0.47,181.0,5.0
2025-05-08 07:32:51,181.0,16.0,183.25,16.0,176.62,13.0,484.15,26.0,182.12,2.25,29.0,42.0,0.2772724292091101,71,-13.0,-34.0,-0.18,182.0,2.0
2025-05-08 07:32:52,180.14,14.0,183.1,20.0,177.38,13.0,373.38,32.0,181.62,2.960000000000008,27.0,52.0,0.2689237810226496,79,-25.0,8.0,-0.32,181.0,2.0
2025-05-08 07:32:53,177.2,10.0,181.0,24.0,175.33,36.0,184.88,16.0,179.1,3.8000000000000114,46.0,40.0,1.1840270267183823,86,6.0,7.0,0.07,178.0,1.0
2025-05-08 07:32:54,176.0,16.0,180.06,16.0,175.0,96.0,181.75,20.0,178.03,4.060000000000002,112.0,36.0,1.7983548037024324,148,76.0,62.0,0.51,178.0,
2025-05-08 07:32:55,175.12,96.0,178.0,29.0,174.84,86.0,178.45,58.0,176.56,2.8799999999999955,182.0,87.0,2.3623251258028946,269,95.0,121.0,0.35,176.0,2.0
2025-05-08 07:32:56,175.0,60.0,178.0,30.0,174.0,12.0,180.0,18.0,176.5,3.0,72.0,48.0,2.120358460260835,120,24.0,-149.0,0.2,175.0,4.0
2025-05-08 07:32:57,175.0,56.0,177.43,7.0,174.0,14.0,180.43,21.0,176.21,2.430000000000007,70.0,28.0,1.2396168762967557,98,42.0,-22.0,0.43,178.0,4.0
2025-05-08 07:32:58,175.03,65.0,178.31,13.0,173.22,72.0,181.32,25.0,176.67,3.280000000000001,137.0,38.0,0.7115686895864145,175,99.0,77.0,0.57,175.0,1.0
2025-05-08 07:32:59,175.69,81.0,180.04,57.0,173.4,73.0,181.54,35.0,177.86,4.349999999999994,154.0,92.0,0.6380047021768185,246,62.0,71.0,0.25,175.78,9.0
2025-05-08 07:33:00,176.0,16.0,178.39,31.0,175.0,24.0,181.86,21.0,177.19,2.3899999999999864,40.0,52.0,0.6507149913746658,92,-12.0,-154.0,-0.13,177.0,5.0
2025-05-08 07:33:01,177.24,42.0,180.0,26.0,176.21,33.0,181.36,33.0,178.62,2.759999999999991,75.0,59.0,0.9555888237101456,134,16.0,42.0,0.12,177.0,
2025-05-08 07:33:02,178.91,23.0,181.0,23.0,175.76,37.0,199.14,29.0,179.96,2.0900000000000034,60.0,52.0,1.2896317303787717,112,8.0,-22.0,0.07,180.5,4.0
2025-05-08 07:33:03,176.2,20.0,183.0,27.0,174.45,29.0,394.74,19.0,179.6,6.800000000000011,49.0,46.0,1.1592152517974117,95,3.0,-17.0,0.03,180.5,
2025-05-08 07:33:04,175.68,25.0,183.0,33.0,173.11,57.0,257.95,38.0,179.34,7.319999999999993,82.0,71.0,1.0955455262104614,153,11.0,58.0,0.07,177.0,1.0
2025-05-08 07:33:05,179.1,40.0,181.29,42.0,175.79,42.0,219.98,47.0,180.19,2.1899999999999977,82.0,89.0,0.6100983527266652,171,-7.0,18.0,-0.04,180.5,6.0
2025-05-08 07:33:06,184.3,92.0,293.85,26.0,178.77,31.0,504.21,19.0,239.08,109.55,123.0,45.0,26.5251292174044,168,78.0,-3.0,0.46,180.5,
2025-05-08 07:33:08,185.0,140.0,396.79,29.0,183.0,30.0,592.57,28.0,290.9,211.79,170.0,57.0,66.36246318514708,227,113.0,116.0,0.5,180.5,
2025-05-08 07:33:09,185.0,54.0,273.0,15.0,183.0,15.0,491.0,15.0,229.0,88.0,69.0,30.0,57.45932631000822,99,39.0,-128.0,0.39,185.0,4.0
2025-05-08 07:33:12,185.0,30.0,367.82,11.0,183.0,15.0,505.25,16.0,276.41,182.82,45.0,27.0,49.52845121745691,72,18.0,-32.0,0.25,185.0,
2025-05-08 07:33:13,185.0,72.0,286.33,55.0,183.0,36.0,328.0,35.0,235.66,101.32999999999998,108.0,90.0,56.95752382258211,198,18.0,126.0,0.09,185.0,
2025-05-08 07:33:14,185.0,78.0,195.29,52.0,183.0,39.0,212.33,43.0,190.14,10.289999999999992,117.0,95.0,68.27461153313146,212,22.0,14.0,0.1,185.0,
2025-05-08 07:33:15,185.0,54.0,188.93,43.0,183.0,27.0,191.59,37.0,186.97,3.930000000000007,81.0,80.0,64.72387836030845,161,1.0,-51.0,0.01,185.0,
2025-05-08 07:33:16,185.0,21.0,186.74,47.0,183.0,33.0,187.51,41.0,185.87,1.740000000000009,54.0,88.0,40.15681947067026,142,-34.0,-19.0,-0.24,185.0,5.0
2025-05-08 07:33:17,183.25,24.0,186.34,44.0,181.41,44.0,221.3,50.0,184.8,3.0900000000000034,68.0,94.0,21.87742146597719,162,-26.0,20.0,-0.16,182.67,6.0
2025-05-08 07:33:18,178.0,24.0,186.0,40.0,175.0,24.0,257.55,22.0,182.0,8.0,48.0,62.0,2.980256700352893,110,-14.0,-52.0,-0.13,179.4,5.0
2025-05-08 07:33:19,175.0,90.0,183.53,36.0,173.94,130.0,207.09,69.0,179.26,8.530000000000001,220.0,105.0,3.1298322638758465,325,115.0,176.0,0.35,179.4,
2025-05-08 07:33:20,175.0,78.0,180.16,51.0,172.37,38.0,180.95,39.0,177.58,5.159999999999997,116.0,90.0,3.528912013637917,206,26.0,-119.0,0.13,179.4,
2025-05-08 07:33:21,176.33,36.0,178.13,46.0,175.0,60.0,179.48,31.0,177.23,1.799999999999983,96.0,77.0,3.20021561773544,173,19.0,-33.0,0.11,179.4,
2025-05-08 07:33:22,176.09,35.0,177.96,26.0,175.05,74.0,221.94,32.0,177.02,1.8700000000000043,109.0,58.0,2.0861255954514264,167,51.0,-6.0,0.31,176.6,5.0
2025-05-08 07:33:23,175.4,40.0,180.46,39.0,174.51,73.0,237.97,37.0,177.93,5.060000000000002,113.0,76.0,0.8846072574863051,189,37.0,22.0,0.2,176.0,2.0
2025-05-08 07:33:24,175.0,80.0,184.0,16.0,171.0,30.0,185.77,26.0,179.5,9.0,110.0,42.0,0.9842611442079052,152,68.0,-37.0,0.45,176.0,
2025-05-08 07:33:25,175.0,80.0,181.53,30.0,171.0,30.0,182.24,38.0,178.27,6.530000000000001,110.0,68.0,0.9849619281969616,178,42.0,26.0,0.24,176.0,
2025-05-08 07:33:26,175.0,80.0,180.29,35.0,171.0,30.0,181.71,35.0,177.64,5.289999999999992,110.0,70.0,0.9208528655531696,180,40.0,2.0,0.22,176.0,
2025-05-08 07:33:27,175.0,109.0,178.08,26.0,170.87,47.0,180.25,44.0,176.54,3.0800000000000125,156.0,70.0,1.070761411331899,226,86.0,46.0,0.38,176.0,
2025-05-08 07:33:28,175.08,61.0,177.0,12.0,173.69,51.0,181.37,38.0,176.04,1.9199999999999875,112.0,50.0,1.3800072463568536,162,62.0,-64.0,0.38,176.0,1.0
2025-05-08 07:33:29,175.0,94.0,181.38,24.0,172.85,26.0,263.13,46.0,178.19,6.379999999999996,120.0,70.0,1.0009145817687837,190,50.0,28.0,0.26,180.67,3.0
2025-05-08 07:33:30,175.0,37.0,181.07,30.0,174.0,12.0,201.13,30.0,178.03,6.069999999999993,49.0,60.0,0.9493524108556136,109,-11.0,-81.0,-0.1,175.0,1.0
2025-05-08 07:33:31,175.0,12.0,179.0,20.0,174.0,6.0,180.0,30.0,177.0,4.0,18.0,50.0,0.9330326896724164,68,-32.0,-41.0,-0.47,175.0,
2025-05-08 07:33:32,175.0,16.0,179.0,32.0,174.0,8.0,180.0,40.0,177.0,4.0,24.0,72.0,0.8776502720317247,96,-48.0,28.0,-0.5,175.0,
2025-05-08 07:33:33,175.55,66.0,178.45,40.0,175.42,62.0,179.62,63.0,177.0,2.8999999999999773,128.0,103.0,0.6105980674694336,231,25.0,135.0,0.11,177.0,4.0
2025-05-08 07:33:34,177.0,10.0,178.09,44.0,176.0,40.0,179.38,26.0,177.55,1.0900000000000034,50.0,70.0,0.4647902752827101,120,-20.0,-111.0,-0.17,177.0,
2025-05-08 07:33:35,175.09,88.0,178.0,55.0,174.56,54.0,181.45,22.0,176.55,2.9099999999999966,142.0,77.0,0.3546124645261584,219,65.0,99.0,0.3,177.0,1.0
2025-05-08 07:33:36,176.09,11.0,178.0,31.0,175.0,92.0,182.0,22.0,177.05,1.9099999999999968,103.0,53.0,0.3546124645261608,156,50.0,-63.0,0.32,178.0,3.0
2025-05-08 07:33:37,175.03,73.0,178.0,20.0,173.62,26.0,182.0,20.0,176.51,2.969999999999999,99.0,40.0,0.4255819545014907,139,59.0,-17.0,0.42,177.0,1.0
2025-05-08 07:33:38,175.0,37.0,178.0,20.0,172.25,32.0,182.0,20.0,176.5,3.0,69.0,40.0,0.462731023378918,109,29.0,-30.0,0.27,175.0,7.0
2025-05-08 07:33:39,172.45,47.0,177.07,61.0,170.49,45.0,182.0,62.0,174.76,4.6200000000000045,92.0,123.0,0.8771145877234285,215,-31.0,106.0,-0.14,175.0,1.0
2025-05-08 07:33:40,172.35,34.0,177.1,42.0,171.13,46.0,183.92,72.0,174.72,4.75,80.0,114.0,1.089297939040179,194,-34.0,-21.0,-0.18,175.0,4.0
2025-05-08 07:33:41,171.75,32.0,175.58,24.0,170.53,38.0,181.48,42.0,173.67,3.830000000000013,70.0,66.0,1.2415595032043676,136,4.0,-58.0,0.03,175.0,1.0
2025-05-08 07:33:42,170.11,36.0,173.44,18.0,167.0,27.0,174.67,9.0,171.78,3.329999999999984,63.0,27.0,1.7301965206290744,90,36.0,-46.0,0.4,175.0,
2025-05-08 07:33:43,170.31,49.0,173.31,26.0,167.42,85.0,176.6,40.0,171.81,3.0,134.0,66.0,1.4835666483164245,200,68.0,110.0,0.34,173.0,2.0
2025-05-08 07:33:44,167.04,84.0,174.0,22.0,166.12,57.0,177.81,52.0,170.52,6.960000000000008,141.0,74.0,1.674231166833524,215,67.0,15.0,0.31,173.0,
2025-05-08 07:33:45,168.0,9.0,174.0,18.0,167.0,9.0,177.0,18.0,171.0,6.0,18.0,36.0,1.200637330752585,54,-18.0,-161.0,-0.33,173.0,
2025-05-08 07:33:46,170.83,12.0,174.0,24.0,169.67,12.0,177.0,24.0,172.42,3.1699999999999875,24.0,48.0,0.7468467044827098,72,-24.0,18.0,-0.33,173.0,
2025-05-08 07:33:47,172.83,12.0,174.0,24.0,164.35,77.0,177.0,24.0,173.42,1.1699999999999875,89.0,48.0,1.1490778911791368,137,41.0,65.0,0.3,173.0,
2025-05-08 07:33:48,165.97,31.0,174.0,15.0,164.21,71.0,177.0,20.0,169.98,8.030000000000001,102.0,35.0,1.4184921571854694,137,67.0,0.0,0.49,174.0,1.0
2025-05-08 07:33:49,164.0,110.0,174.0,11.0,163.0,11.0,177.0,22.0,169.0,10.0,121.0,33.0,1.7873667782513698,154,88.0,17.0,0.57,174.0,
2025-05-08 07:33:50,165.1,146.0,172.94,64.0,164.08,143.0,174.0,16.0,169.02,7.840000000000003,289.0,80.0,2.034974201309851,369,209.0,176.0,0.57,174.0,
2025-05-08 07:33:51,166.2,120.0,172.04,48.0,165.0,60.0,174.53,30.0,169.12,5.840000000000003,180.0,78.0,1.895605444177846,258,102.0,-111.0,0.4,171.2,5.0
2025-05-08 07:33:52,167.0,128.0,173.03,66.0,165.0,70.0,174.36,22.0,170.02,6.030000000000001,198.0,88.0,0.5243281415265839,286,110.0,28.0,0.38,173.0,1.0
2025-05-08 07:33:53,167.75,96.0,172.67,36.0,165.18,68.0,173.2,30.0,170.21,4.919999999999988,164.0,66.0,0.5907452919801649,230,98.0,-56.0,0.43,173.0,
2025-05-08 07:33:54,168.5,144.0,171.62,26.0,166.0,54.0,172.62,52.0,170.06,3.1200000000000045,198.0,78.0,0.5678732252860145,276,120.0,46.0,0.43,173.0,
2025-05-08 07:33:55,168.34,70.0,172.76,37.0,166.26,39.0,173.52,25.0,170.55,4.419999999999988,109.0,62.0,0.5302546557992397,171,47.0,-105.0,0.27,170.8,5.0
2025-05-08 07:33:56,171.0,15.0,173.0,23.0,170.0,60.0,174.0,12.0,172.0,2.0,75.0,35.0,0.8272665833918538,110,40.0,-61.0,0.36,172.0,2.0
2025-05-08 07:33:57,172.73,33.0,175.24,34.0,169.82,40.0,175.79,28.0,173.98,2.5100000000000198,73.0,62.0,1.6539800482463334,135,11.0,25.0,0.08,173.5,2.0
2025-05-08 07:33:58,174.33,18.0,175.92,38.0,173.55,22.0,176.75,12.0,175.13,1.589999999999975,40.0,50.0,2.1789745294512044,90,-10.0,-45.0,-0.11,176.0,1.0
2025-05-08 07:33:59,172.62,29.0,175.38,39.0,164.93,28.0,176.17,29.0,174.0,2.759999999999991,57.0,68.0,1.83116629501453,125,-11.0,35.0,-0.09,174.0,3.0
2025-05-08 07:34:00,172.65,62.0,224.29,41.0,171.6,45.0,308.48,23.0,198.47,51.63999999999999,107.0,64.0,11.10016801674634,171,43.0,46.0,0.25,176.25,4.0
2025-05-08 07:34:01,178.0,56.0,219.8,50.0,176.0,108.0,311.97,58.0,198.9,41.80000000000001,164.0,108.0,13.326872476316398,272,56.0,101.0,0.21,178.0,4.0
2025-05-08 07:34:02,179.27,22.0,272.26,54.0,176.74,43.0,305.22,45.0,225.77,92.98999999999998,65.0,99.0,21.26246763665972,164,-34.0,-108.0,-0.21,178.0,
2025-05-08 07:34:03,180.27,22.0,246.45,44.0,178.0,22.0,305.9,50.0,213.36,66.17999999999998,44.0,94.0,19.36545506823951,138,-50.0,-26.0,-0.36,178.0,
2025-05-08 07:34:04,176.31,58.0,308.9,31.0,175.56,39.0,379.03,36.0,242.61,132.58999999999995,97.0,67.0,18.77542995513034,164,30.0,26.0,0.18,178.8,5.0
2025-05-08 07:34:06,176.0,52.0,435.25,16.0,175.0,28.0,608.11,19.0,305.62,259.25,80.0,35.0,48.54618553501411,115,45.0,-56.0,0.39,176.0,4.0
2025-05-08 07:34:07,184.0,20.0,420.44,36.0,181.6,43.0,430.5,24.0,302.22,236.44,63.0,60.0,46.41106258210445,123,3.0,8.0,0.02,186.0,4.0
2025-05-08 07:34:11,183.2,15.0,394.11,28.0,177.24,29.0,381.31,13.0,288.65,210.91000000000005,44.0,41.0,6.02992122668448,85,3.0,15.0,0.04,183.8,5.0
2025-05-08 07:34:12,183.0,18.0,262.25,24.0,177.0,36.0,265.37,19.0,222.62,79.25,54.0,43.0,34.49872388944288,97,11.0,12.0,0.11,183.8,
2025-05-08 07:34:13,183.0,18.0,258.91,33.0,177.0,36.0,260.67,12.0,220.95,75.91000000000003,54.0,45.0,41.66963762741423,99,9.0,2.0,0.09,183.8,
2025-05-08 07:34:14,183.0,34.0,256.32,38.0,177.0,68.0,258.06,62.0,219.66,73.32,102.0,100.0,40.65179048947307,202,2.0,103.0,0.01,183.8,
2025-05-08 07:34:15,183.0,24.0,226.33,21.0,177.0,48.0,234.08,26.0,204.67,43.33000000000001,72.0,47.0,32.84864304655541,119,25.0,-83.0,0.21,183.8,
2025-05-08 07:34:16,181.71,28.0,219.06,17.0,176.68,53.0,221.12,25.0,200.39,37.35,81.0,42.0,10.323985180152691,123,39.0,4.0,0.32,180.0,4.0
2025-05-08 07:34:17,175.98,87.0,211.79,48.0,174.06,33.0,214.34,35.0,193.88,35.81,120.0,83.0,11.958187571702158,203,37.0,80.0,0.18,175.71,7.0
2025-05-08 07:34:18,173.43,42.0,182.0,9.0,155.43,53.0,212.0,36.0,177.71,8.569999999999993,95.0,45.0,15.330132745674822,140,50.0,-63.0,0.36,179.0,2.0
2025-05-08 07:34:19,169.75,64.0,179.73,37.0,148.07,100.0,198.33,49.0,174.74,9.97999999999999,164.0,86.0,13.432615903092396,250,78.0,110.0,0.31,179.0,
2025-05-08 07:34:20,170.0,48.0,175.35,40.0,148.17,75.0,176.55,40.0,172.68,5.349999999999994,123.0,80.0,12.446170093647693,203,43.0,-47.0,0.21,174.0,2.0
2025-05-08 07:34:21,170.0,44.0,172.72,29.0,148.0,110.0,173.44,25.0,171.36,2.719999999999999,154.0,54.0,9.154926542578584,208,100.0,5.0,0.48,173.0,1.0
2025-05-08 07:34:22,170.0,43.0,171.0,26.0,151.24,74.0,172.87,31.0,170.5,1.0,117.0,57.0,2.8923035801951515,174,60.0,-34.0,0.34,170.0,1.0
2025-05-08 07:34:23,168.43,46.0,171.95,19.0,153.74,47.0,173.2,30.0,170.19,3.519999999999982,93.0,49.0,1.860747161763136,142,44.0,-32.0,0.31,170.5,2.0
2025-05-08 07:34:24,170.0,40.0,171.68,38.0,159.1,30.0,172.41,39.0,170.84,1.6800000000000068,70.0,77.0,0.9770772743286532,147,-7.0,5.0,-0.05,170.5,
2025-05-08 07:34:25,169.18,44.0,173.06,33.0,149.73,33.0,228.91,45.0,171.12,3.879999999999996,77.0,78.0,0.4689562879517522,155,-1.0,8.0,-0.01,172.57,14.0
2025-05-08 07:34:26,153.95,19.0,175.62,8.0,112.0,15.0,178.0,8.0,164.79,21.670000000000016,34.0,16.0,2.6495037271174784,50,18.0,-105.0,0.36,175.0,1.0
2025-05-08 07:34:27,135.67,24.0,195.27,15.0,100.55,22.0,250.11,45.0,165.47,59.60000000000002,46.0,60.0,3.0878584812146643,106,-14.0,56.0,-0.13,175.0,1.0
2025-05-08 07:34:29,168.24,17.0,310.0,7.0,97.22,9.0,471.71,28.0,239.12,141.76,26.0,35.0,31.273166612928907,61,-9.0,9.0,-0.15,175.0,
2025-05-08 07:34:35,137.92,52.0,227.73,30.0,121.64,72.0,366.02,50.0,182.83,89.81,124.0,80.0,21.32047419735335,204,44.0,112.0,0.22,173.24,21.0
2025-05-08 07:34:36,176.91,23.0,401.57,7.0,165.0,19.0,620.86,28.0,289.24,224.66,42.0,35.0,65.4913995880376,77,7.0,-127.0,0.09,173.24,
2025-05-08 07:34:39,183.31,16.0,404.14,29.0,182.2,15.0,777.85,33.0,293.73,220.83,31.0,62.0,78.58549834416029,93,-31.0,4.0,-0.33,183.67,3.0
2025-05-08 07:34:40,184.0,11.0,402.48,27.0,183.0,11.0,525.04,51.0,293.24,218.48,22.0,78.0,44.77288878328071,100,-56.0,7.0,-0.56,183.67,
2025-05-08 07:34:41,181.71,7.0,363.87,15.0,170.71,7.0,389.5,28.0,272.79,182.16,14.0,43.0,48.475058225854895,57,-29.0,-43.0,-0.51,180.2,5.0
2025-05-08 07:34:42,177.57,14.0,353.09,32.0,176.43,7.0,354.41,17.0,265.33,175.51999999999998,21.0,49.0,40.86373233076023,70,-28.0,13.0,-0.4,180.2,
2025-05-08 07:34:43,178.0,14.0,351.71,17.0,177.0,7.0,352.94,32.0,264.85,173.70999999999998,21.0,49.0,14.493837311078744,70,-28.0,0.0,-0.4,180.2,
2025-05-08 07:34:44,170.62,52.0,336.62,32.0,145.52,23.0,351.18,22.0,253.62,166.0,75.0,54.0,14.701290079446029,129,21.0,59.0,0.16,177.25,4.0
2025-05-08 07:34:45,170.0,56.0,195.14,29.0,58.57,35.0,227.0,17.0,182.57,25.139999999999983,91.0,46.0,37.1191449254966,137,45.0,8.0,0.33,177.25,
2025-05-08 07:34:46,171.0,48.0,178.44,18.0,111.0,30.0,227.08,24.0,174.72,7.439999999999998,78.0,42.0,45.58026294351559,120,36.0,-17.0,0.3,177.67,9.0
2025-05-08 07:34:47,176.0,29.0,222.0,12.0,170.0,32.0,275.0,16.0,199.0,46.0,61.0,28.0,41.55327508151459,89,33.0,-31.0,0.37,176.0,1.0
2025-05-08 07:34:48,176.0,21.0,263.0,9.0,170.0,24.0,361.0,12.0,219.5,87.0,45.0,21.0,31.7263615941069,66,24.0,-23.0,0.36,176.0,
2025-05-08 07:34:49,177.33,49.0,385.64,33.0,174.52,65.0,517.82,34.0,281.48,208.31,114.0,67.0,42.7409438360926,181,47.0,115.0,0.26,176.0,
2025-05-08 07:34:50,179.33,45.0,415.49,39.0,176.0,63.0,469.71,42.0,297.41,236.16,108.0,81.0,52.97087992472866,189,27.0,8.0,0.14,176.0,
2025-05-08 07:34:51,181.22,18.0,375.0,30.0,176.06,36.0,376.0,24.0,278.11,193.78,54.0,54.0,43.09892864097693,108,0.0,-81.0,0.0,181.0,3.0
2025-05-08 07:34:52,183.0,16.0,374.62,40.0,178.0,8.0,376.0,32.0,278.81,191.62,24.0,72.0,29.879330146441045,96,-48.0,-12.0,-0.5,181.0,
2025-05-08 07:34:53,184.0,8.0,374.0,20.0,178.0,4.0,376.0,16.0,279.0,190.0,12.0,36.0,8.176482740153043,48,-24.0,-48.0,-0.5,181.0,
2025-05-08 07:34:54,184.0,20.0,237.48,42.0,178.0,10.0,270.65,40.0,210.74,53.47999999999999,30.0,82.0,33.467935849108166,112,-52.0,64.0,-0.46,181.0,
2025-05-08 07:34:55,178.21,33.0,199.86,35.0,173.67,39.0,202.0,21.0,189.03,21.65000000000001,72.0,56.0,43.81472777503037,128,16.0,16.0,0.12,180.29,7.0
2025-05-08 07:34:56,180.0,60.0,197.14,42.0,179.0,10.0,202.87,46.0,188.57,17.139999999999986,70.0,88.0,46.22333014831381,158,-18.0,30.0,-0.11,180.29,
2025-05-08 07:34:57,180.0,36.0,193.96,25.0,179.0,6.0,196.5,24.0,186.98,13.960000000000008,42.0,49.0,39.32785692101741,91,-7.0,-67.0,-0.08,180.29,
2025-05-08 07:34:58,181.89,35.0,192.51,65.0,179.72,75.0,193.59,61.0,187.2,10.620000000000005,110.0,126.0,10.23161424214262,236,-16.0,145.0,-0.07,182.0,3.0
2025-05-08 07:34:59,183.0,48.0,187.02,52.0,179.0,108.0,189.02,56.0,185.01,4.02000000000001,156.0,108.0,1.5768227547874565,264,48.0,28.0,0.18,182.0,
2025-05-08 07:35:00,179.97,115.0,186.74,73.0,178.1,49.0,193.03,62.0,183.36,6.77000000000001,164.0,135.0,2.0435337041545143,299,29.0,35.0,0.1,183.0,4.0
2025-05-08 07:35:01,180.0,53.0,184.2,45.0,178.0,11.0,185.44,54.0,182.1,4.199999999999989,64.0,99.0,2.226858774151483,163,-35.0,-136.0,-0.21,180.0,5.0
2025-05-08 07:35:02,180.0,42.0,182.67,60.0,178.5,14.0,201.25,65.0,181.33,2.6699999999999875,56.0,125.0,2.356300065784358,181,-69.0,18.0,-0.38,181.0,4.0
2025-05-08 07:35:03,181.0,88.0,184.36,55.0,180.0,33.0,449.0,33.0,182.68,3.3600000000000136,121.0,88.0,1.397937766860657,209,33.0,28.0,0.16,181.0,
2025-05-08 07:35:04,181.91,88.0,183.91,55.0,179.14,42.0,233.92,39.0,182.91,2.0,130.0,94.0,0.7851942434935172,224,36.0,15.0,0.16,182.0,5.0
2025-05-08 07:35:05,179.47,38.0,296.81,37.0,177.18,88.0,411.59,34.0,238.14,117.34,126.0,71.0,24.99997939999183,197,55.0,-27.0,0.28,182.0,3.0
2025-05-08 07:35:06,179.0,32.0,378.43,23.0,177.0,38.0,472.62,24.0,278.72,199.43,70.0,47.0,44.0980150346931,117,23.0,-80.0,0.2,182.0,
2025-05-08 07:35:07,178.14,21.0,437.0,18.0,176.05,177.0,487.78,27.0,307.57,258.86,198.0,45.0,56.11001096061219,243,153.0,126.0,0.63,178.33,6.0
2025-05-08 07:35:08,176.03,116.0,374.24,34.0,168.06,136.0,418.41,29.0,275.13,198.21,252.0,63.0,47.96229696334426,315,189.0,72.0,0.6,176.2,5.0
2025-05-08 07:35:09,176.0,158.0,357.42,36.0,66.03,30.0,361.64,25.0,266.71,181.42,188.0,61.0,24.933919266734275,249,127.0,-66.0,0.51,176.0,4.0
2025-05-08 07:35:10,176.0,132.0,358.95,41.0,153.12,49.0,361.69,29.0,267.48,182.95,181.0,70.0,16.69566021455943,251,111.0,2.0,0.44,176.0,
2025-05-08 07:35:11,177.67,54.0,315.48,33.0,175.91,132.0,356.76,25.0,246.58,137.81000000000003,186.0,58.0,22.17658968371877,244,128.0,-7.0,0.52,176.0,
2025-05-08 07:35:12,176.0,108.0,353.21,19.0,175.0,54.0,354.47,19.0,264.61,177.20999999999998,162.0,38.0,10.572462816204244,200,124.0,-44.0,0.62,176.0,
2025-05-08 07:35:13,176.0,144.0,253.83,35.0,175.0,72.0,287.0,25.0,214.91,77.83000000000001,216.0,60.0,22.472506980753632,276,156.0,76.0,0.57,176.0,
2025-05-08 07:35:14,176.0,174.0,177.55,29.0,175.0,102.0,179.69,39.0,176.78,1.5500000000000114,276.0,68.0,38.25790598033326,344,208.0,68.0,0.6,176.0,4.0
2025-05-08 07:35:15,176.0,22.0,177.17,6.0,175.0,36.0,217.0,12.0,176.58,1.1699999999999875,58.0,18.0,39.97293797058227,76,40.0,-176.0,0.53,176.0,5.0
2025-05-08 07:35:16,178.47,17.0,398.25,12.0,175.14,28.0,429.68,19.0,288.36,219.78,45.0,31.0,50.87260333421142,76,14.0,0.0,0.18,176.0,1.0
2025-05-08 07:35:18,183.0,24.0,289.0,24.0,176.0,16.0,623.77,26.0,236.0,106.0,40.0,50.0,73.75567517147422,90,-10.0,-30.0,-0.11,176.0,
2025-05-08 07:35:19,185.0,36.0,289.0,21.0,179.71,17.0,435.43,21.0,237.0,104.0,53.0,42.0,64.11727442741169,95,11.0,5.0,0.12,176.0,
2025-05-08 07:35:31,183.0,126.0,186.96,71.0,182.0,216.0,187.11,44.0,184.98,3.960000000000008,342.0,115.0,18.62686151771206,457,227.0,176.0,0.5,176.0,
2025-05-08 07:35:32,182.11,96.0,229.84,58.0,181.41,88.0,223.36,36.0,205.98,47.72999999999999,184.0,94.0,15.60590272941693,278,90.0,-176.0,0.32,182.54,13.0
2025-05-08 07:35:33,182.0,60.0,242.0,50.0,181.0,40.0,412.4,30.0,212.0,60.0,100.0,80.0,12.494515596853804,180,20.0,-98.0,0.11,182.54,
2025-05-08 07:35:34,182.0,54.0,242.0,45.0,181.0,36.0,366.0,27.0,212.0,60.0,90.0,72.0,13.035571333855025,162,18.0,-18.0,0.11,182.54,
2025-05-08 07:35:35,182.0,18.0,346.0,15.0,181.0,12.0,366.0,9.0,264.0,164.0,30.0,24.0,29.14800370522864,54,6.0,-108.0,0.11,182.54,
2025-05-08 07:35:36,182.0,34.0,361.65,23.0,181.0,28.0,368.13,30.0,271.83,179.64999999999998,62.0,53.0,31.94024921631048,115,9.0,61.0,0.08,182.0,2.0
2025-05-08 07:35:37,182.0,56.0,324.93,41.0,181.0,56.0,412.65,48.0,253.46,142.93,112.0,89.0,28.73584729914922,201,23.0,86.0,0.11,182.0,
2025-05-08 07:35:38,182.0,44.0,277.0,55.0,181.0,44.0,372.48,23.0,229.5,95.0,88.0,78.0,24.87451346257895,166,10.0,-35.0,0.06,182.0,
2025-05-08 07:35:39,182.35,34.0,248.88,32.0,181.2,40.0,262.19,42.0,215.61,66.53,74.0,74.0,23.65782428711527,148,0.0,-18.0,0.0,184.0,3.0
2025-05-08 07:35:40,180.58,38.0,285.6,57.0,178.62,55.0,534.0,38.0,233.09,105.02,93.0,95.0,22.049686392328155,188,-2.0,40.0,-0.01,181.43,7.0
2025-05-08 07:35:45,182.0,16.0,259.21,14.0,179.0,24.0,532.0,18.0,220.61,77.20999999999998,40.0,32.0,94.34226783367048,72,8.0,0.0,0.11,181.43,
2025-05-08 07:35:46,182.0,18.0,214.72,25.0,179.0,27.0,307.45,29.0,198.36,32.72,45.0,54.0,122.10466608610834,99,-9.0,27.0,-0.09,181.43,
2025-05-08 07:35:47,179.67,18.0,213.0,9.0,176.26,69.0,347.89,45.0,196.33,33.33000000000001,87.0,54.0,124.6754965099398,141,33.0,42.0,0.23,181.0,3.0
2025-05-08 07:35:48,176.75,48.0,213.0,10.0,175.71,84.0,358.9,50.0,194.88,36.25,132.0,60.0,103.20487076683936,192,72.0,51.0,0.38,179.0,2.0
2025-05-08 07:35:50,176.55,40.0,448.73,45.0,175.89,111.0,532.23,39.0,312.64,272.18,151.0,84.0,66.1671304349827,235,67.0,44.0,0.29,179.0,
2025-05-08 07:35:51,177.0,22.0,399.45,33.0,176.0,99.0,498.73,33.0,288.23,222.45,121.0,66.0,62.51023780149946,187,55.0,-48.0,0.29,179.0,
2025-05-08 07:35:52,178.36,22.0,348.73,33.0,176.0,94.0,463.13,39.0,263.55,170.37,116.0,72.0,50.78114679681833,188,44.0,1.0,0.23,179.0,
2025-05-08 07:35:53,180.7,20.0,266.95,38.0,176.09,92.0,398.85,34.0,223.82,86.25,112.0,72.0,39.61764922354697,184,40.0,-4.0,0.22,179.0,
2025-05-08 07:35:54,182.5,16.0,238.58,38.0,179.29,14.0,239.62,26.0,210.54,56.08000000000001,30.0,64.0,42.82374142925877,94,-34.0,-90.0,-0.36,182.71,7.0
2025-05-08 07:35:55,181.0,10.0,237.0,30.0,178.67,30.0,238.0,50.0,209.0,56.0,40.0,80.0,35.237393064754606,120,-40.0,26.0,-0.33,182.71,
2025-05-08 07:35:56,177.32,19.0,236.75,24.0,177.58,24.0,238.0,40.0,207.03,59.43000000000001,43.0,64.0,23.722577220867382,107,-21.0,-13.0,-0.2,178.33,9.0
2025-05-08 07:35:57,176.0,96.0,234.75,28.0,175.0,54.0,236.1,41.0,205.38,58.75,150.0,69.0,7.344908440546852,219,81.0,112.0,0.37,176.0,3.0
2025-05-08 07:35:58,179.87,76.0,230.28,25.0,175.78,81.0,231.48,25.0,205.07,50.41,157.0,50.0,2.348708155564824,207,107.0,-12.0,0.52,176.0,
2025-05-08 07:35:59,182.0,61.0,227.67,27.0,176.0,81.0,229.0,18.0,204.83,45.66999999999999,142.0,45.0,1.7561235719666188,187,97.0,-20.0,0.52,182.0,1.0
2025-05-08 07:36:00,182.0,78.0,225.17,36.0,176.11,61.0,226.09,33.0,203.58,43.16999999999999,139.0,69.0,1.2406732043599835,208,70.0,21.0,0.34,182.0,
2025-05-08 07:36:01,182.0,60.0,210.61,28.0,176.0,90.0,217.68,25.0,196.3,28.610000000000014,150.0,53.0,3.824901305918493,203,97.0,-5.0,0.48,182.0,
2025-05-08 07:36:02,180.09,53.0,185.28,29.0,175.87,92.0,186.46,26.0,182.69,5.189999999999998,145.0,55.0,9.537244360926138,200,90.0,-3.0,0.45,181.14,7.0
2025-05-08 07:36:03,176.0,96.0,183.64,33.0,175.0,72.0,184.93,27.0,179.82,7.639999999999986,168.0,60.0,11.638278652791303,228,108.0,28.0,0.47,181.14,
2025-05-08 07:36:04,176.0,84.0,178.75,28.0,175.0,66.0,181.72,29.0,177.38,2.75,150.0,57.0,11.3963669649594,207,93.0,-21.0,0.45,176.0,2.0
2025-05-08 07:36:05,175.05,38.0,176.69,26.0,124.07,27.0,285.44,27.0,175.87,1.6399999999999864,65.0,53.0,8.182161694810114,118,12.0,-89.0,0.1,175.75,8.0
2025-05-08 07:36:06,175.0,28.0,279.83,23.0,149.0,35.0,419.91,23.0,227.41,104.82999999999998,63.0,46.0,21.829842647165783,109,17.0,-9.0,0.16,176.0,3.0
2025-05-08 07:36:08,176.0,24.0,275.94,33.0,175.0,16.0,466.1,39.0,225.97,99.94,40.0,72.0,57.324545964185525,112,-32.0,-64.0,-0.29,176.0,
2025-05-08 07:36:10,170.28,72.0,232.33,43.0,54.67,45.0,240.68,38.0,201.3,62.05000000000001,117.0,81.0,51.16947361464665,198,36.0,104.0,0.18,177.0,4.0
2025-05-08 07:36:11,179.55,47.0,237.61,57.0,178.41,58.0,239.11,47.0,208.58,58.06,105.0,104.0,52.20285068844439,209,1.0,11.0,0.0,177.0,
2025-05-08 07:36:12,180.39,108.0,235.57,37.0,179.69,109.0,236.59,59.0,207.98,55.18000000000001,217.0,96.0,14.949973913021417,313,121.0,104.0,0.39,177.0,
2025-05-08 07:36:13,183.64,22.0,227.86,42.0,182.0,33.0,232.06,35.0,205.75,44.22000000000003,55.0,77.0,9.997875774384324,132,-22.0,-176.0,-0.17,177.0,
2025-05-08 07:36:14,183.45,33.0,214.52,46.0,181.14,63.0,222.15,54.0,198.99,31.07000000000002,96.0,100.0,4.210623469276355,196,-4.0,64.0,-0.02,184.0,2.0
2025-05-08 07:36:15,182.0,21.0,206.57,21.0,180.0,63.0,226.05,19.0,194.29,24.569999999999997,84.0,40.0,6.232452968135498,124,44.0,-72.0,0.35,184.0,
2025-05-08 07:36:16,182.0,33.0,205.0,22.0,180.0,99.0,206.0,33.0,193.5,23.0,132.0,55.0,6.568201428094386,187,77.0,63.0,0.41,184.0,
2025-05-08 07:36:17,180.86,56.0,203.0,42.0,179.78,92.0,203.79,38.0,191.93,22.139999999999983,148.0,80.0,5.607211428154059,228,68.0,41.0,0.3,181.5,4.0
2025-05-08 07:36:18,180.0,168.0,198.28,68.0,179.0,105.0,199.81,63.0,189.14,18.28,273.0,131.0,3.6129696926520087,404,142.0,176.0,0.35,181.5,
2025-05-08 07:36:19,180.0,48.0,195.52,31.0,179.0,55.0,196.87,46.0,187.76,15.52000000000001,103.0,77.0,2.8005053115504364,180,26.0,-176.0,0.14,180.0,5.0
2025-05-08 07:36:20,179.84,50.0,194.15,66.0,178.79,78.0,195.05,56.0,187.0,14.310000000000002,128.0,122.0,2.767775279899427,250,6.0,70.0,0.02,179.75,4.0
2025-05-08 07:36:21,180.0,42.0,189.23,47.0,177.8,60.0,190.07,42.0,184.62,9.22999999999999,102.0,89.0,2.701203435512123,191,13.0,-59.0,0.07,186.0,1.0
2025-05-08 07:36:22,179.42,19.0,182.68,34.0,177.71,45.0,184.12,26.0,181.05,3.2600000000000198,64.0,60.0,3.175181884557587,124,4.0,-67.0,0.03,179.4,5.0
2025-05-08 07:36:23,177.11,45.0,179.8,44.0,176.37,49.0,200.77,56.0,178.45,2.6899999999999977,94.0,100.0,3.9615691335660217,194,-6.0,70.0,-0.03,178.2,5.0
2025-05-08 07:36:24,176.23,39.0,178.23,52.0,175.49,47.0,179.07,43.0,177.23,2.0,86.0,95.0,4.110285878138339,181,-9.0,-13.0,-0.05,177.0,1.0
2025-05-08 07:36:25,174.6,30.0,177.0,36.0,167.56,41.0,194.89,36.0,175.8,2.4000000000000057,71.0,72.0,3.483453745928576,143,-1.0,-38.0,-0.01,175.17,6.0
2025-05-08 07:36:26,158.65,31.0,205.28,25.0,157.0,4.0,240.16,25.0,181.96,46.63,35.0,50.0,2.5781524392525594,85,-15.0,-58.0,-0.18,171.67,6.0
2025-05-08 07:36:30,173.29,34.0,186.78,18.0,130.5,20.0,244.0,30.0,180.04,13.490000000000007,54.0,48.0,39.2496755400606,102,6.0,-30.0,0.06,175.0,2.0
2025-05-08 07:36:31,174.0,56.0,244.22,49.0,171.46,52.0,337.61,33.0,209.11,70.22,108.0,82.0,47.78822009658897,190,26.0,88.0,0.14,176.0,5.0
2025-05-08 07:36:32,176.0,65.0,276.15,47.0,172.0,40.0,280.84,32.0,226.07,100.14999999999998,105.0,79.0,55.65183914301509,184,26.0,-6.0,0.14,176.0,3.0
2025-05-08 07:36:33,176.0,18.0,278.57,35.0,172.0,28.0,410.27,22.0,227.29,102.57,46.0,57.0,48.96061886863791,103,-11.0,-81.0,-0.11,176.0,
2025-05-08 07:36:34,176.0,16.0,277.0,40.0,172.0,32.0,348.29,28.0,226.5,101.0,48.0,68.0,20.34426626841132,116,-20.0,13.0,-0.17,176.0,
2025-05-08 07:36:35,176.0,10.0,276.0,24.0,172.0,20.0,312.74,19.0,226.0,100.0,30.0,43.0,7.778350082120024,73,-13.0,-43.0,-0.18,176.0,
2025-05-08 07:36:36,177.4,20.0,275.0,35.0,173.85,26.0,276.0,28.0,226.2,97.6,46.0,63.0,0.5268491245281017,109,-17.0,36.0,-0.16,176.0,
2025-05-08 07:36:37,179.41,34.0,234.38,42.0,177.47,76.0,274.33,48.0,206.9,54.97,110.0,90.0,8.778007746636852,200,20.0,91.0,0.1,176.0,
2025-05-08 07:36:38,184.5,16.0,221.24,33.0,181.86,28.0,239.33,30.0,202.87,36.74000000000001,44.0,63.0,11.78079708678566,107,-19.0,-93.0,-0.18,186.0,1.0
2025-05-08 07:36:39,182.57,28.0,221.0,35.0,177.71,56.0,260.57,28.0,201.79,38.43000000000001,84.0,63.0,12.3331208540263,147,21.0,40.0,0.14,184.0,4.0
2025-05-08 07:36:40,179.0,24.0,219.62,26.0,177.0,108.0,220.71,28.0,199.31,40.620000000000005,132.0,54.0,10.85276600687674,186,78.0,39.0,0.42,184.0,
2025-05-08 07:36:41,179.0,52.0,218.12,60.0,177.0,234.0,219.33,42.0,198.56,39.120000000000005,286.0,102.0,3.309672189208532,388,184.0,176.0,0.47,184.0,
2025-05-08 07:36:42,177.33,96.0,213.94,64.0,176.83,217.0,215.27,62.0,195.64,36.60999999999999,313.0,126.0,2.84299665846108,439,187.0,51.0,0.43,179.0,4.0
2025-05-08 07:36:43,177.29,76.0,186.94,54.0,176.88,225.0,194.3,47.0,182.12,9.650000000000006,301.0,101.0,7.785989339834835,402,200.0,-37.0,0.5,178.0,2.0
2025-05-08 07:36:44,177.0,149.0,178.0,56.0,176.0,146.0,284.89,35.0,177.5,1.0,295.0,91.0,10.101291006600238,386,204.0,-16.0,0.53,177.0,13.0
2025-05-08 07:36:45,176.21,24.0,223.77,26.0,175.99,84.0,301.0,24.0,199.99,47.56,108.0,50.0,10.25090825244392,158,58.0,-176.0,0.37,178.0,4.0
2025-05-08 07:36:46,176.21,175.0,316.52,33.0,175.81,47.0,456.03,37.0,246.36,140.30999999999997,222.0,70.0,27.357290070473372,292,152.0,134.0,0.52,178.0,
2025-05-08 07:36:47,185.0,10.0,289.0,20.0,176.0,95.0,655.5,12.0,237.0,104.0,105.0,32.0,31.523443339838668,137,73.0,-155.0,0.53,178.0,
2025-05-08 07:36:48,185.0,22.0,213.44,36.0,176.0,209.0,279.44,32.0,199.22,28.44,231.0,68.0,28.73772398781814,299,163.0,162.0,0.55,178.0,
2025-05-08 07:36:49,185.0,28.0,190.71,56.0,176.0,254.0,193.0,28.0,187.86,5.710000000000008,282.0,84.0,25.85614395071348,366,198.0,67.0,0.54,178.0,
2025-05-08 07:36:50,181.49,82.0,187.75,48.0,176.81,167.0,190.47,34.0,184.62,6.259999999999991,249.0,82.0,28.707408799820616,331,167.0,-35.0,0.5,185.0,2.0
2025-05-08 07:36:51,181.0,90.0,182.8,40.0,176.0,140.0,191.9,20.0,181.9,1.8000000000000114,230.0,60.0,22.71271890373368,290,170.0,-41.0,0.59,185.0,
2025-05-08 07:36:52,181.0,59.0,234.9,40.0,176.0,154.0,535.0,26.0,207.95,53.900000000000006,213.0,66.0,10.950620986958798,279,147.0,-11.0,0.53,181.44,9.0
2025-05-08 07:36:53,181.0,24.0,326.5,12.0,176.0,84.0,510.83,12.0,253.75,145.5,108.0,24.0,30.050314973391224,132,84.0,-147.0,0.64,181.44,
2025-05-08 07:36:54,181.0,32.0,390.71,14.0,176.08,102.0,477.38,16.0,285.86,209.71,134.0,30.0,45.51238765435207,164,104.0,32.0,0.63,181.44,
2025-05-08 07:36:55,181.0,16.0,424.4,5.0,178.0,16.0,456.86,7.0,302.7,243.4,32.0,12.0,51.0378572238296,44,20.0,-120.0,0.45,181.44,
2025-05-08 07:36:56,179.88,32.0,376.36,11.0,177.24,100.0,386.88,16.0,278.12,196.48,132.0,27.0,36.76800280134907,159,105.0,115.0,0.66,180.4,5.0
2025-05-08 07:36:57,178.0,12.0,375.0,4.0,176.0,56.0,440.43,14.0,276.5,197.0,68.0,18.0,17.695984855328373,86,50.0,-73.0,0.58,180.4,
2025-05-08 07:36:58,180.0,108.0,335.67,18.0,178.0,27.0,355.89,27.0,257.83,155.67000000000002,135.0,45.0,16.253606369049642,180,90.0,94.0,0.5,180.4,
2025-05-08 07:36:59,179.56,108.0,220.94,16.0,176.71,121.0,239.69,26.0,200.25,41.38,229.0,42.0,38.57205529914128,271,187.0,91.0,0.69,180.4,
2025-05-08 07:37:00,179.44,57.0,211.17,12.0,178.0,36.0,212.17,12.0,195.3,31.72999999999999,93.0,24.0,40.830888430207054,117,69.0,-154.0,0.59,179.25,4.0
2025-05-08 07:37:01,181.8,137.0,209.12,17.0,177.96,56.0,210.35,17.0,195.46,27.319999999999997,193.0,34.0,39.0426045493896,227,159.0,110.0,0.7,180.25,4.0
2025-05-08 07:37:02,182.19,54.0,207.0,9.0,181.62,63.0,208.67,9.0,194.59,24.81,117.0,18.0,27.56405322154235,135,99.0,-92.0,0.73,180.25,
2025-05-08 07:37:03,182.2,60.0,204.12,16.0,181.7,122.0,205.62,16.0,193.16,21.920000000000016,182.0,32.0,2.673493968577545,214,150.0,79.0,0.7,182.4,5.0
2025-05-08 07:37:04,182.0,88.0,201.36,11.0,179.0,22.0,202.36,11.0,191.68,19.360000000000014,110.0,22.0,1.600818540628724,132,88.0,-82.0,0.67,182.4,
2025-05-08 07:37:05,182.0,104.0,199.15,13.0,179.0,26.0,201.0,13.0,190.58,17.150000000000006,130.0,26.0,2.0099701490372333,156,104.0,24.0,0.67,182.4,
2025-05-08 07:37:06,182.0,88.0,198.0,11.0,179.0,22.0,199.91,11.0,190.0,16.0,110.0,22.0,1.8823177202642671,132,88.0,-24.0,0.67,182.4,
2025-05-08 07:37:07,182.0,80.0,196.9,10.0,179.0,20.0,198.8,10.0,189.45,14.900000000000006,100.0,20.0,1.4750864381523454,120,80.0,-12.0,0.67,182.4,
2025-05-08 07:37:08,182.0,166.0,193.57,14.0,179.0,28.0,194.64,14.0,187.79,11.569999999999991,194.0,28.0,1.4400868029466596,222,166.0,102.0,0.75,182.0,2.0
2025-05-08 07:37:09,182.0,117.0,191.0,9.0,179.0,18.0,193.0,9.0,186.5,9.0,135.0,18.0,1.6822990221780656,153,117.0,-69.0,0.76,182.0,
2025-05-08 07:37:10,182.0,143.0,190.18,11.0,179.0,22.0,275.22,27.0,186.09,8.180000000000007,165.0,38.0,1.7348573428444678,203,127.0,50.0,0.63,182.0,
2025-05-08 07:37:11,182.0,169.0,187.22,27.0,179.0,26.0,399.76,21.0,184.61,5.219999999999999,195.0,48.0,1.827161733405513,243,147.0,40.0,0.6,182.0,
2025-05-08 07:37:12,182.0,128.0,185.62,16.0,179.0,24.0,186.94,32.0,183.81,3.620000000000005,152.0,48.0,1.5734039532242112,200,104.0,-43.0,0.52,182.0,4.0
2025-05-08 07:37:13,182.0,99.0,183.73,33.0,179.0,33.0,186.0,11.0,182.86,1.7299999999999898,132.0,44.0,1.527294994433521,176,88.0,-24.0,0.5,182.0,
2025-05-08 07:37:14,182.0,74.0,183.0,27.0,179.0,27.0,597.71,34.0,182.5,1.0,101.0,61.0,1.4424389068594288,162,40.0,-14.0,0.25,182.0,1.0
2025-05-08 07:37:15,182.0,33.0,420.71,48.0,179.0,30.0,629.8,50.0,301.35,238.71,63.0,98.0,52.73518019311224,161,-35.0,-1.0,-0.22,182.0,5.0
2025-05-08 07:37:16,181.96,25.0,263.15,41.0,179.5,24.0,315.22,37.0,222.55,81.18999999999997,49.0,78.0,51.41649958913983,127,-29.0,-34.0,-0.23,181.75,4.0
2025-05-08 07:37:17,181.0,18.0,271.6,30.0,179.0,27.0,278.22,45.0,226.3,90.60000000000002,45.0,75.0,48.47994915426392,120,-30.0,-7.0,-0.25,181.75,
2025-05-08 07:37:18,180.67,48.0,269.18,34.0,177.55,66.0,271.76,66.0,224.92,88.51000000000002,114.0,100.0,43.10005371226367,214,14.0,94.0,0.07,181.0,4.0
2025-05-08 07:37:19,179.0,23.0,266.0,35.0,176.0,110.0,267.83,24.0,222.5,87.0,133.0,59.0,34.599633379560714,192,74.0,-22.0,0.39,181.0,
2025-05-08 07:37:20,179.0,27.0,263.03,30.0,177.0,60.0,264.07,15.0,221.02,84.02999999999997,87.0,45.0,2.115447943111473,132,42.0,-60.0,0.32,181.0,
2025-05-08 07:37:21,178.09,58.0,259.0,42.0,176.15,119.0,259.88,32.0,218.54,80.91,177.0,74.0,3.0841011656582813,251,103.0,119.0,0.41,178.75,4.0
2025-05-08 07:37:22,181.29,14.0,257.8,40.0,178.04,45.0,258.5,32.0,219.54,76.51000000000002,59.0,72.0,2.5168392876810923,131,-13.0,-120.0,-0.1,186.0,3.0
2025-05-08 07:37:23,180.0,12.0,254.05,42.0,178.0,48.0,254.62,42.0,217.02,74.05000000000001,60.0,84.0,2.1291500651704784,144,-24.0,13.0,-0.17,186.0,
2025-05-08 07:37:24,180.0,16.0,246.36,58.0,178.0,64.0,250.63,63.0,213.18,66.36000000000001,80.0,121.0,2.9949290475762487,201,-41.0,57.0,-0.2,186.0,
2025-05-08 07:37:25,180.0,10.0,236.39,28.0,178.0,40.0,243.65,37.0,208.2,56.38999999999999,50.0,65.0,4.64591002926411,115,-15.0,-86.0,-0.13,186.0,
2025-05-08 07:37:26,180.0,15.0,229.27,45.0,178.0,60.0,236.05,44.0,204.63,49.27000000000001,75.0,89.0,6.141667526007729,164,-14.0,49.0,-0.09,186.0,
2025-05-08 07:37:27,180.62,16.0,200.74,43.0,178.59,34.0,214.29,55.0,190.68,20.120000000000005,50.0,98.0,10.144694179718782,148,-48.0,-16.0,-0.32,186.0,
2025-05-08 07:37:28,179.62,13.0,183.47,36.0,177.62,37.0,184.38,32.0,181.54,3.8499999999999934,50.0,68.0,13.12818266174046,118,-18.0,-30.0,-0.15,180.5,2.0
2025-05-08 07:37:29,176.0,117.0,179.31,29.0,175.0,26.0,180.7,23.0,177.66,3.3100000000000023,143.0,52.0,13.576428838248498,195,91.0,77.0,0.47,177.6,5.0
2025-05-08 07:37:30,176.0,48.0,177.69,13.0,175.0,14.0,178.2,15.0,176.85,1.6899999999999975,62.0,28.0,11.638074153399597,90,34.0,-105.0,0.38,176.0,7.0
2025-05-08 07:37:31,167.08,24.0,175.96,50.0,127.69,35.0,414.71,21.0,171.52,8.879999999999995,59.0,71.0,7.126184112133929,130,-12.0,40.0,-0.09,175.6,5.0
2025-05-08 07:37:36,131.0,12.0,343.75,12.0,98.25,8.0,486.75,8.0,237.38,212.75,20.0,20.0,75.35550995116432,40,0.0,-27.0,0.0,175.6,
2025-05-08 07:37:37,151.22,27.0,174.0,27.0,84.19,16.0,358.5,20.0,162.61,22.78,43.0,47.0,69.57007603848096,90,-4.0,50.0,-0.04,175.6,
2025-05-08 07:37:38,158.33,27.0,170.8,10.0,153.96,23.0,186.14,43.0,164.57,12.47,50.0,53.0,64.22292448962459,103,-3.0,13.0,-0.03,174.0,1.0
2025-05-08 07:37:39,176.32,57.0,307.11,18.0,149.83,12.0,288.07,30.0,241.71,130.79000000000002,69.0,48.0,56.53562478650089,117,21.0,14.0,0.18,173.43,7.0
2025-05-08 07:37:40,182.0,81.0,355.2,15.0,174.2,35.0,469.2,15.0,268.6,173.2,116.0,30.0,48.41265877846431,146,86.0,29.0,0.59,173.43,
2025-05-08 07:37:41,182.32,57.0,347.0,36.0,180.15,86.0,366.0,12.0,264.66,164.68,143.0,48.0,52.89842199914866,191,95.0,45.0,0.5,182.5,10.0
2025-05-08 07:37:42,182.0,36.0,348.65,23.0,176.0,9.0,399.0,13.0,265.33,166.64999999999998,45.0,36.0,44.03280061499616,81,9.0,-110.0,0.11,182.5,
2025-05-08 07:37:43,182.0,28.0,306.43,7.0,176.0,7.0,444.75,12.0,244.21,124.43,35.0,19.0,12.84469423536424,54,16.0,-27.0,0.3,182.5,
2025-05-08 07:37:44,180.67,15.0,227.0,8.0,175.5,14.0,404.4,10.0,203.83,46.33000000000001,29.0,18.0,27.19745447647633,47,11.0,-7.0,0.23,182.5,
2025-05-08 07:37:45,181.0,16.0,227.0,8.0,176.0,8.0,547.91,11.0,204.0,46.0,24.0,19.0,30.85098588376078,43,5.0,-4.0,0.12,182.5,
2025-05-08 07:37:46,181.0,14.0,359.44,9.0,176.0,7.0,576.33,9.0,270.22,178.44,21.0,18.0,32.19490906960302,39,3.0,-4.0,0.08,182.5,
2025-05-08 07:37:47,181.0,14.0,341.0,15.0,176.0,7.0,471.46,13.0,261.0,160.0,21.0,28.0,31.3057338198613,49,-7.0,10.0,-0.14,182.5,
2025-05-08 07:37:48,182.82,22.0,334.33,27.0,179.08,26.0,380.0,17.0,258.58,151.51,48.0,44.0,32.7971428633655,92,4.0,43.0,0.04,182.5,
2025-05-08 07:37:49,184.5,16.0,339.0,24.0,180.47,17.0,526.8,10.0,261.75,154.5,33.0,34.0,26.699095490297104,67,-1.0,-25.0,-0.01,185.0,2.0
2025-05-08 07:37:50,181.0,14.0,339.0,21.0,178.0,21.0,413.0,9.0,260.0,158.0,35.0,30.0,4.578394915251363,65,5.0,-2.0,0.08,185.0,
2025-05-08 07:37:51,181.6,15.0,335.11,38.0,180.0,27.0,386.52,33.0,258.35,153.51000000000002,42.0,71.0,1.4816308582100042,113,-29.0,48.0,-0.26,185.0,
2025-05-08 07:37:52,182.0,10.0,223.88,17.0,181.0,20.0,257.95,20.0,202.94,41.88,30.0,37.0,25.40669262222072,67,-7.0,-46.0,-0.1,185.0,
2025-05-08 07:37:53,176.38,68.0,202.86,42.0,175.91,125.0,216.11,19.0,189.62,26.480000000000015,193.0,61.0,35.255772151521654,254,132.0,176.0,0.52,179.67,6.0
2025-05-08 07:37:54,176.35,104.0,192.8,10.0,175.78,130.0,207.79,38.0,184.57,16.450000000000017,234.0,48.0,37.20184578754146,282,186.0,28.0,0.66,179.67,
2025-05-08 07:37:55,176.02,196.0,190.97,33.0,175.14,98.0,196.42,19.0,183.49,14.949999999999989,294.0,52.0,31.463484072810843,346,242.0,64.0,0.7,176.0,3.0
2025-05-08 07:37:56,179.0,10.0,189.17,12.0,176.0,140.0,190.85,26.0,184.08,10.169999999999987,150.0,38.0,8.198801741719734,188,112.0,-158.0,0.6,176.0,
2025-05-08 07:37:57,176.02,145.0,183.97,39.0,175.12,112.0,185.44,25.0,180.0,7.949999999999989,257.0,64.0,3.448053073841611,321,193.0,133.0,0.6,176.5,6.0
2025-05-08 07:37:58,176.0,75.0,178.0,16.0,175.0,63.0,178.31,29.0,177.0,2.0,138.0,45.0,3.2405045903423253,183,93.0,-138.0,0.51,176.0,3.0
2025-05-08 07:37:59,175.1,39.0,176.57,7.0,168.68,19.0,191.43,14.0,175.84,1.4699999999999989,58.0,21.0,3.711417518958278,79,37.0,-104.0,0.47,176.0,6.0
2025-05-08 07:38:00,175.0,63.0,176.0,9.0,109.0,9.0,222.62,16.0,175.5,1.0,72.0,25.0,3.5955083089920707,97,47.0,18.0,0.48,176.0,
2025-05-08 07:38:01,175.14,73.0,260.16,44.0,142.7,20.0,437.12,17.0,217.65,85.02000000000004,93.0,61.0,18.22760324343353,154,32.0,57.0,0.21,175.2,5.0
2025-05-08 07:38:02,175.91,22.0,231.85,39.0,158.21,19.0,304.76,25.0,203.88,55.94,41.0,64.0,19.601843790828124,105,-23.0,-49.0,-0.22,176.4,5.0
2025-05-08 07:38:03,175.0,15.0,323.33,21.0,123.0,5.0,435.25,8.0,249.17,148.32999999999998,20.0,29.0,30.94781527022581,49,-9.0,-56.0,-0.18,176.4,
2025-05-08 07:38:04,138.09,11.0,398.33,36.0,85.22,9.0,584.85,13.0,268.21,260.24,20.0,49.0,36.67148169899896,69,-29.0,20.0,-0.42,175.0,3.0
2025-05-08 07:38:05,128.6,10.0,246.45,29.0,66.4,10.0,344.58,24.0,187.52,117.85,20.0,53.0,32.99890649703433,73,-33.0,4.0,-0.45,175.0,
2025-05-08 07:38:06,149.26,46.0,168.39,31.0,137.25,16.0,170.0,22.0,158.82,19.129999999999995,62.0,53.0,44.78542787559384,115,9.0,42.0,0.08,168.0,2.0
2025-05-08 07:38:07,163.27,33.0,167.27,11.0,141.36,11.0,170.0,22.0,165.27,4.0,44.0,33.0,49.8997111214085,77,11.0,-38.0,0.14,168.0,
2025-05-08 07:38:08,163.21,70.0,169.5,24.0,116.63,52.0,282.67,24.0,166.36,6.289999999999992,122.0,48.0,45.44956248414304,170,74.0,93.0,0.44,167.0,1.0
2025-05-08 07:38:09,164.5,30.0,169.12,17.0,114.0,36.0,217.27,15.0,166.81,4.6200000000000045,66.0,32.0,10.86613684802595,98,34.0,-72.0,0.35,167.0,
2025-05-08 07:38:10,165.64,55.0,169.0,33.0,119.02,60.0,171.0,22.0,167.32,3.3600000000000136,115.0,55.0,3.4906346127929138,170,60.0,72.0,0.35,167.0,
2025-05-08 07:38:11,167.82,38.0,169.8,25.0,156.67,51.0,223.08,25.0,168.81,1.9800000000000184,89.0,50.0,1.3019331780193937,139,39.0,-31.0,0.28,169.0,3.0
2025-05-08 07:38:12,170.94,36.0,358.0,15.0,169.33,42.0,642.17,46.0,264.47,187.06,78.0,61.0,43.45435110549951,139,17.0,0.0,0.12,171.0,2.0
2025-05-08 07:38:14,171.59,34.0,286.18,44.0,168.56,39.0,359.7,47.0,228.89,114.59,73.0,91.0,85.08365371797348,164,-18.0,67.0,-0.11,172.0,5.0
2025-05-08 07:38:15,172.0,22.0,267.24,45.0,63.46,71.0,282.55,44.0,219.62,95.24,93.0,89.0,76.60816686228709,182,4.0,18.0,0.02,172.0,
2025-05-08 07:38:18,147.17,58.0,273.0,28.0,66.86,42.0,290.79,38.0,210.09,125.83,100.0,66.0,39.31227581812106,166,34.0,41.0,0.2,172.0,
2025-05-08 07:38:19,175.35,34.0,248.56,18.0,152.44,54.0,269.0,30.0,211.95,73.21000000000001,88.0,48.0,36.1762149761418,136,40.0,-30.0,0.29,172.0,
2025-05-08 07:38:20,179.74,43.0,265.23,44.0,172.84,102.0,274.62,64.0,222.49,85.49000000000001,145.0,108.0,36.766248788801214,253,37.0,117.0,0.15,179.4,5.0
2025-05-08 07:38:21,184.29,14.0,263.5,56.0,180.44,25.0,265.0,28.0,223.89,79.21000000000001,39.0,84.0,17.534246490797003,123,-45.0,-130.0,-0.37,179.4,
2025-05-08 07:38:22,179.33,30.0,261.62,26.0,178.2,30.0,262.86,28.0,220.47,82.28999999999999,60.0,54.0,6.32212938811182,114,6.0,-9.0,0.05,183.0,7.0
2025-05-08 07:38:23,179.67,21.0,258.45,22.0,178.64,44.0,259.55,22.0,219.06,78.78,65.0,44.0,4.645516117723325,109,21.0,-5.0,0.19,179.4,5.0
2025-05-08 07:38:24,178.45,11.0,257.08,26.0,177.73,22.0,258.14,14.0,217.77,78.63,33.0,40.0,2.485011066379205,73,-7.0,-36.0,-0.1,178.5,2.0
2025-05-08 07:38:25,178.0,27.0,256.43,28.0,176.0,27.0,257.2,20.0,217.21,78.43,54.0,48.0,2.668407764946565,102,6.0,29.0,0.06,178.5,
2025-05-08 07:38:26,178.0,18.0,252.0,18.0,176.0,18.0,253.25,16.0,215.0,74.0,36.0,34.0,2.052649507350719,70,2.0,-32.0,0.03,178.5,
2025-05-08 07:38:27,178.0,33.0,249.8,30.0,176.0,33.0,250.42,24.0,213.9,71.80000000000001,66.0,54.0,2.1001119017869296,120,12.0,50.0,0.1,178.5,
2025-05-08 07:38:28,176.0,28.0,237.96,46.0,107.9,71.0,246.12,34.0,206.98,61.96000000000001,99.0,80.0,4.320285870174234,179,19.0,59.0,0.11,176.5,8.0
2025-05-08 07:38:29,175.0,26.0,227.29,31.0,154.0,13.0,229.84,38.0,201.15,52.28999999999999,39.0,69.0,6.634031202822833,108,-30.0,-71.0,-0.28,176.5,
2025-05-08 07:38:30,175.0,18.0,221.64,22.0,79.04,73.0,222.88,32.0,198.32,46.63999999999999,91.0,54.0,7.435569917634216,145,37.0,37.0,0.26,176.5,
2025-05-08 07:38:31,176.74,93.0,219.9,40.0,168.36,64.0,220.7,40.0,198.32,43.16,157.0,80.0,6.69297990434954,237,77.0,92.0,0.32,176.5,
2025-05-08 07:38:32,176.94,65.0,215.6,20.0,164.04,23.0,216.4,20.0,196.27,38.66,88.0,40.0,4.164861342232958,128,48.0,-109.0,0.38,176.5,
2025-05-08 07:38:33,175.0,8.0,213.12,16.0,157.68,84.0,214.12,16.0,194.06,38.120000000000005,92.0,32.0,2.6427693807871964,124,60.0,-4.0,0.48,175.0,1.0
2025-05-08 07:38:45,179.89,36.0,203.2,10.0,178.0,9.0,255.53,17.0,191.54,23.31,45.0,27.0,104.34631474086676,72,18.0,34.0,0.25,175.0,
2025-05-08 07:38:46,178.3,80.0,246.0,20.0,176.4,50.0,354.5,10.0,212.15,67.69999999999999,130.0,30.0,97.38216227831477,160,100.0,88.0,0.62,181.0,4.0
2025-05-08 07:38:47,178.52,62.0,300.12,17.0,176.75,48.0,396.25,8.0,239.32,121.6,110.0,25.0,85.36991466553091,135,85.0,-25.0,0.63,181.0,
2025-05-08 07:38:48,179.75,64.0,287.93,46.0,177.52,83.0,311.43,21.0,233.84,108.18,147.0,67.0,72.94403971538752,214,80.0,79.0,0.37,181.0,
2025-05-08 07:38:49,178.0,99.0,257.82,55.0,176.0,55.0,317.25,28.0,217.91,79.82,154.0,83.0,18.94253599706304,237,71.0,23.0,0.3,181.0,
2025-05-08 07:38:50,178.0,72.0,252.97,34.0,176.0,40.0,262.29,38.0,215.49,74.97,112.0,72.0,12.0532763180817,184,40.0,-53.0,0.22,181.0,
2025-05-08 07:38:51,178.14,101.0,234.3,61.0,176.49,67.0,238.98,53.0,206.22,56.160000000000025,168.0,114.0,13.663262055601107,282,54.0,98.0,0.19,181.0,
2025-05-08 07:38:52,182.7,27.0,229.13,75.0,179.8,45.0,231.02,61.0,205.92,46.43000000000001,72.0,136.0,11.394644794816047,208,-64.0,-74.0,-0.31,182.33,3.0
2025-05-08 07:38:53,182.0,45.0,225.07,75.0,181.0,15.0,226.47,75.0,203.53,43.06999999999999,60.0,150.0,6.429053585095367,210,-90.0,2.0,-0.43,182.33,
2025-05-08 07:38:54,181.56,16.0,222.09,55.0,179.44,18.0,224.18,55.0,201.83,40.53,34.0,110.0,5.287170320693954,144,-76.0,-66.0,-0.53,182.0,3.0
2025-05-08 07:38:55,181.0,6.0,220.0,30.0,179.0,12.0,221.0,30.0,200.5,39.0,18.0,60.0,2.4997299854237154,78,-42.0,-66.0,-0.54,182.0,
2025-05-08 07:38:56,179.29,14.0,218.38,40.0,178.07,58.0,220.0,40.0,198.83,39.09,72.0,80.0,2.7368174948334127,152,-8.0,74.0,-0.05,181.0,1.0
2025-05-08 07:38:57,179.0,12.0,216.33,30.0,178.0,54.0,220.0,30.0,197.67,37.33000000000001,66.0,60.0,2.3315059511024456,126,6.0,-26.0,0.05,181.0,
2025-05-08 07:38:58,178.14,57.0,213.18,55.0,177.39,92.0,220.0,55.0,195.66,35.04000000000002,149.0,110.0,2.406256428568222,259,39.0,133.0,0.15,178.5,4.0
2025-05-08 07:38:59,178.08,49.0,210.33,45.0,177.2,70.0,212.89,45.0,194.21,32.25,119.0,90.0,2.496403412917392,209,29.0,-50.0,0.14,178.67,3.0
2025-05-08 07:39:00,177.2,40.0,208.75,40.0,176.44,72.0,212.0,40.0,192.97,31.55000000000001,112.0,80.0,2.4089043152490226,192,32.0,-17.0,0.17,178.0,5.0
2025-05-08 07:39:01,179.0,18.0,205.64,42.0,178.0,18.0,209.79,33.0,192.32,26.639999999999983,36.0,75.0,2.1534925121822743,111,-39.0,-81.0,-0.35,178.0,
2025-05-08 07:39:02,178.84,38.0,201.49,63.0,177.43,42.0,202.48,54.0,190.17,22.65000000000001,80.0,117.0,2.060953662755393,197,-37.0,86.0,-0.19,180.5,4.0
2025-05-08 07:39:03,177.59,58.0,197.59,44.0,176.52,62.0,198.32,59.0,187.59,20.0,120.0,103.0,2.6087774914746062,223,17.0,26.0,0.08,178.0,5.0
2025-05-08 07:39:04,179.0,19.0,190.62,55.0,177.01,73.0,191.17,78.0,184.81,11.620000000000005,92.0,133.0,3.3933935816559866,225,-41.0,2.0,-0.18,178.0,
2025-05-08 07:39:05,180.25,12.0,186.8,35.0,177.0,48.0,188.19,27.0,183.53,6.550000000000011,60.0,62.0,3.646817790899828,122,-2.0,-103.0,-0.02,178.0,
2025-05-08 07:39:06,181.86,14.0,185.0,28.0,177.0,56.0,187.67,54.0,183.43,3.1399999999999864,70.0,82.0,2.915249560504729,152,-12.0,30.0,-0.08,178.0,
2025-05-08 07:39:07,182.17,48.0,184.25,24.0,181.17,96.0,188.41,51.0,183.21,2.0800000000000125,144.0,75.0,1.829830593257928,219,69.0,67.0,0.32,183.0,1.0
2025-05-08 07:39:08,182.0,50.0,183.0,14.0,177.0,34.0,184.0,14.0,182.5,1.0,84.0,28.0,0.8375440287067797,112,56.0,-107.0,0.5,182.0,5.0
2025-05-08 07:39:09,182.0,36.0,183.17,24.0,177.0,88.0,358.67,24.0,182.58,1.1699999999999875,124.0,48.0,0.4805725751874163,172,76.0,60.0,0.44,182.0,2.0
2025-05-08 07:39:10,180.24,17.0,230.4,10.0,176.89,63.0,428.46,26.0,205.32,50.16,80.0,36.0,10.021046352553377,116,44.0,-56.0,0.38,180.0,5.0
2025-05-08 07:39:11,178.82,44.0,255.53,15.0,176.22,54.0,585.16,25.0,217.18,76.71000000000001,98.0,40.0,16.15874747621316,138,58.0,22.0,0.42,177.0,3.0
2025-05-08 07:39:12,181.5,10.0,242.69,13.0,180.57,28.0,243.44,9.0,212.1,61.19,38.0,22.0,16.428258580872978,60,16.0,-78.0,0.27,177.0,
2025-05-08 07:39:13,182.0,6.0,221.75,16.0,181.0,30.0,227.53,19.0,201.88,39.75,36.0,35.0,13.26837292210419,71,1.0,11.0,0.01,177.0,
2025-05-08 07:39:14,182.98,110.0,215.71,34.0,181.47,19.0,216.57,42.0,199.34,32.73000000000002,129.0,76.0,7.369198056778545,205,53.0,134.0,0.26,177.0,
2025-05-08 07:39:15,183.48,137.0,214.0,24.0,182.0,12.0,216.0,60.0,198.74,30.52000000000001,149.0,84.0,8.308496855630887,233,65.0,28.0,0.28,183.0,1.0
2025-05-08 07:39:16,184.0,132.0,211.4,57.0,182.0,12.0,212.63,27.0,197.7,27.40000000000001,144.0,84.0,5.878054099787387,228,60.0,-5.0,0.26,183.0,
2025-05-08 07:39:17,184.0,97.0,209.26,27.0,182.0,12.0,210.93,57.0,196.63,25.25999999999999,109.0,84.0,1.9801313087839487,193,25.0,-35.0,0.13,184.0,5.0
2025-05-08 07:39:18,184.0,26.0,207.67,45.0,182.0,9.0,209.0,18.0,195.83,23.669999999999987,35.0,63.0,1.4490928196723905,98,-28.0,-95.0,-0.29,184.0,4.0
2025-05-08 07:39:19,184.0,18.0,206.31,39.0,182.0,9.0,206.83,30.0,195.15,22.31,27.0,69.0,1.437480434658443,96,-42.0,-2.0,-0.44,184.0,
2025-05-08 07:39:20,184.0,17.0,203.38,32.0,182.0,10.0,204.79,38.0,193.69,19.379999999999995,27.0,70.0,1.5144636014198414,97,-43.0,1.0,-0.44,184.0,1.0
2025-05-08 07:39:21,184.92,13.0,199.71,24.0,182.6,10.0,202.85,26.0,192.32,14.79000000000002,23.0,50.0,1.7237981320402078,73,-27.0,-24.0,-0.37,184.0,
2025-05-08 07:39:22,181.37,54.0,186.98,42.0,179.21,48.0,191.78,23.0,184.17,5.609999999999985,102.0,65.0,4.706104546227678,167,37.0,94.0,0.22,184.5,4.0
2025-05-08 07:39:23,181.0,60.0,184.59,51.0,179.0,96.0,185.29,42.0,182.79,3.5900000000000034,156.0,93.0,5.718109827558777,249,63.0,82.0,0.25,184.0,1.0
2025-05-08 07:39:24,179.64,94.0,182.68,44.0,177.5,96.0,184.33,49.0,181.16,3.0400000000000205,190.0,93.0,5.760766442065122,283,97.0,34.0,0.34,181.0,5.0
2025-05-08 07:39:25,179.0,60.0,180.36,33.0,176.0,66.0,193.52,23.0,179.68,1.3600000000000136,126.0,56.0,4.935598241350591,182,70.0,-101.0,0.38,179.0,6.0
2025-05-08 07:39:26,177.05,42.0,180.0,42.0,139.25,61.0,206.15,47.0,178.52,2.9499999999999886,103.0,89.0,2.281606889896353,192,14.0,10.0,0.07,177.0,10.0
2025-05-08 07:39:27,176.0,20.0,179.1,30.0,145.0,90.0,187.0,40.0,177.55,3.0999999999999943,110.0,70.0,2.086084849669898,180,40.0,-12.0,0.22,177.0,
2025-05-08 07:39:28,176.73,30.0,178.54,13.0,175.78,18.0,219.73,44.0,177.64,1.8100000000000025,48.0,57.0,1.5223337347711114,105,-9.0,-75.0,-0.09,178.0,4.0
2025-05-08 07:39:29,177.18,17.0,222.57,28.0,176.3,20.0,311.55,22.0,199.87,45.38999999999999,37.0,50.0,9.663284638259544,87,-13.0,-18.0,-0.15,178.0,1.0
2025-05-08 07:39:30,178.42,12.0,230.0,48.0,177.0,24.0,485.17,12.0,204.21,51.58000000000001,36.0,60.0,13.31434076475526,96,-24.0,9.0,-0.25,178.0,
2025-05-08 07:39:31,171.23,22.0,221.71,14.0,156.43,14.0,275.0,7.0,196.47,50.48000000000002,36.0,21.0,12.672652445325896,57,15.0,-39.0,0.26,176.17,6.0
2025-05-08 07:39:32,171.27,51.0,233.61,23.0,143.29,38.0,308.2,15.0,202.44,62.34,89.0,38.0,10.736453325005662,127,51.0,70.0,0.4,172.0,2.0
2025-05-08 07:39:33,160.89,27.0,297.22,9.0,130.5,60.0,593.78,9.0,229.06,136.33000000000004,87.0,18.0,12.99229194561245,105,69.0,-22.0,0.66,178.0,1.0
2025-05-08 07:39:34,165.69,32.0,344.12,8.0,124.85,52.0,662.38,8.0,254.91,178.43,84.0,16.0,24.386454641870905,100,68.0,-5.0,0.68,178.0,
2025-05-08 07:39:35,181.0,5.0,241.0,5.0,144.68,31.0,599.0,5.0,211.0,60.0,36.0,10.0,23.64484785317992,46,26.0,-54.0,0.57,178.0,
2025-05-08 07:39:36,181.0,8.0,240.08,26.0,99.0,48.0,464.64,14.0,210.54,59.08000000000001,56.0,40.0,21.01782814660038,96,16.0,50.0,0.17,178.0,
2025-05-08 07:39:37,181.0,5.0,240.0,20.0,147.8,30.0,514.0,9.0,210.5,59.0,35.0,29.0,19.431091580249092,64,6.0,-32.0,0.09,178.0,
2025-05-08 07:39:38,181.0,6.0,236.61,23.0,141.0,36.0,445.64,22.0,208.8,55.610000000000014,42.0,45.0,20.007980907628507,87,-3.0,23.0,-0.03,178.0,
2025-05-08 07:39:39,181.0,11.0,227.68,38.0,92.89,63.0,244.09,44.0,204.34,46.68000000000001,74.0,82.0,2.755481809053793,156,-8.0,69.0,-0.05,178.0,
2025-05-08 07:39:40,181.0,5.0,210.35,17.0,176.0,5.0,242.6,20.0,195.68,29.349999999999994,10.0,37.0,6.284021005695806,47,-27.0,-109.0,-0.57,178.0,
2025-05-08 07:39:43,180.64,39.0,237.83,48.0,164.75,12.0,350.91,23.0,209.24,57.190000000000026,51.0,71.0,31.483145173251444,122,-20.0,32.0,-0.16,178.0,
2025-05-08 07:39:44,181.7,40.0,237.0,44.0,179.0,11.0,320.56,25.0,209.35,55.30000000000001,51.0,69.0,32.34374854589408,120,-18.0,-2.0,-0.15,182.0,2.0
2025-05-08 07:39:45,182.91,22.0,236.55,44.0,179.0,11.0,361.86,21.0,209.73,53.640000000000015,33.0,65.0,34.02483093271773,98,-32.0,-22.0,-0.33,182.0,
2025-05-08 07:39:46,184.0,6.0,236.0,24.0,183.0,12.0,356.59,17.0,210.0,52.0,18.0,41.0,12.574826837774928,59,-23.0,-39.0,-0.39,182.0,
2025-05-08 07:39:47,184.0,9.0,230.67,24.0,183.0,18.0,235.53,30.0,207.33,46.66999999999999,27.0,54.0,1.0508805831416677,81,-27.0,22.0,-0.33,182.0,
2025-05-08 07:39:48,159.6,10.0,233.95,38.0,113.29,21.0,322.73,22.0,196.77,74.35,31.0,60.0,5.614149980186158,91,-29.0,10.0,-0.32,182.25,4.0
2025-05-08 07:39:50,136.05,42.0,231.85,26.0,118.58,33.0,257.84,37.0,183.95,95.79999999999998,75.0,63.0,15.806477469696564,138,12.0,28.0,0.09,182.25,
2025-05-08 07:39:51,181.0,16.0,232.5,32.0,124.78,23.0,332.5,12.0,206.75,51.5,39.0,44.0,15.039115000558548,83,-5.0,-55.0,-0.06,182.25,
2025-05-08 07:39:52,181.95,74.0,231.75,48.0,158.5,32.0,406.62,24.0,206.85,49.80000000000001,106.0,72.0,14.929769589649569,178,34.0,95.0,0.19,182.25,
2025-05-08 07:39:53,182.0,54.0,230.9,31.0,181.0,20.0,250.73,33.0,206.45,48.900000000000006,74.0,64.0,16.062608131932524,138,10.0,-40.0,0.07,182.0,2.0
2025-05-08 07:39:54,182.0,50.0,229.1,31.0,181.0,20.0,230.63,19.0,205.55,47.1,70.0,50.0,10.053009499648594,120,20.0,-18.0,0.17,182.0,
2025-05-08 07:39:55,181.88,49.0,197.56,27.0,177.85,103.0,251.41,37.0,189.72,15.680000000000009,152.0,64.0,7.477097030266809,216,88.0,96.0,0.41,182.0,5.0
2025-05-08 07:39:57,177.0,335.0,267.71,28.0,176.0,40.0,469.54,13.0,222.36,90.70999999999998,375.0,41.0,58.59311691658012,416,334.0,-56.0,0.8,177.0,5.0
2025-05-08 07:39:58,177.0,329.0,292.55,31.0,176.0,44.0,313.65,43.0,234.77,115.55,373.0,74.0,56.88476272254308,447,299.0,31.0,0.67,177.0,4.0
2025-05-08 07:39:59,177.36,99.0,255.75,16.0,176.93,174.0,281.27,22.0,216.56,78.38999999999999,273.0,38.0,55.54213832757996,311,235.0,-136.0,0.76,177.0,
2025-05-08 07:40:00,179.0,39.0,254.69,39.0,177.0,351.0,256.0,26.0,216.85,75.69,390.0,65.0,50.55531495302968,455,325.0,144.0,0.71,177.0,
2025-05-08 07:40:01,179.0,31.0,251.9,41.0,177.0,270.0,253.38,26.0,215.45,72.9,301.0,67.0,8.046817383290346,368,234.0,-87.0,0.64,177.0,
2025-05-08 07:40:02,180.74,61.0,250.0,40.0,177.62,78.0,251.0,16.0,215.37,69.25999999999999,139.0,56.0,8.394170596314064,195,83.0,-173.0,0.43,181.0,1.0
2025-05-08 07:40:03,181.0,80.0,240.71,28.0,179.0,40.0,245.48,33.0,210.86,59.71000000000001,120.0,61.0,2.41523704841228,181,59.0,-14.0,0.33,181.0,
2025-05-08 07:40:04,181.45,44.0,218.41,56.0,180.76,91.0,222.1,40.0,199.93,36.96000000000001,135.0,96.0,6.951476102240661,231,39.0,50.0,0.17,181.0,
2025-05-08 07:40:05,182.0,13.0,214.47,34.0,181.0,80.0,216.2,35.0,198.24,32.47,93.0,69.0,8.34231682448124,162,24.0,-69.0,0.15,182.0,1.0
2025-05-08 07:40:06,181.2,50.0,209.23,62.0,179.94,170.0,209.76,83.0,195.21,28.03,220.0,145.0,8.707937183973165,365,75.0,176.0,0.21,181.2,5.0
2025-05-08 07:40:07,181.88,137.0,196.0,43.0,180.1,80.0,202.98,46.0,188.94,14.120000000000005,217.0,89.0,8.01572392239291,306,128.0,-59.0,0.42,181.2,
2025-05-08 07:40:08,182.17,146.0,185.14,70.0,180.33,54.0,203.74,66.0,183.66,2.969999999999999,200.0,136.0,6.780370933807489,336,64.0,30.0,0.19,183.0,4.0
2025-05-08 07:40:09,180.72,43.0,200.17,53.0,178.56,109.0,288.63,41.0,190.45,19.44999999999999,152.0,94.0,5.659359504398114,246,58.0,-90.0,0.24,184.0,5.0
2025-05-08 07:40:10,179.0,34.0,202.07,27.0,178.0,21.0,203.67,15.0,190.54,23.069999999999997,55.0,42.0,4.143350093827583,97,13.0,-149.0,0.13,179.0,5.0
2025-05-08 07:40:11,179.0,22.0,202.0,55.0,178.0,33.0,203.0,11.0,190.5,23.0,55.0,66.0,2.961320651334625,121,-11.0,24.0,-0.09,179.0,
2025-05-08 07:40:12,179.0,20.0,201.83,18.0,178.0,18.0,202.17,18.0,190.42,22.830000000000013,38.0,36.0,3.0492261313357787,74,2.0,-47.0,0.03,179.0,
2025-05-08 07:40:13,181.35,34.0,201.0,7.0,178.47,17.0,202.0,35.0,191.18,19.65000000000001,51.0,42.0,0.317521652838274,93,9.0,19.0,0.1,179.0,
2025-05-08 07:40:14,183.35,62.0,198.04,56.0,178.67,36.0,200.12,40.0,190.7,14.689999999999998,98.0,96.0,0.3038420642721422,194,2.0,101.0,0.01,184.0,2.0
2025-05-08 07:40:15,179.0,26.0,194.38,65.0,178.0,44.0,198.0,13.0,186.69,15.379999999999995,70.0,78.0,1.817476272203024,148,-8.0,-46.0,-0.05,184.0,
2025-05-08 07:40:16,177.7,44.0,194.84,19.0,176.98,132.0,215.31,13.0,186.27,17.140000000000015,176.0,32.0,2.368241963993712,208,144.0,60.0,0.69,178.4,5.0
2025-05-08 07:40:17,177.04,80.0,195.8,10.0,176.7,47.0,197.6,10.0,186.42,18.76000000000002,127.0,20.0,2.4642585091707905,147,107.0,-61.0,0.73,177.0,2.0
2025-05-08 07:40:18,177.08,59.0,194.33,12.0,176.65,51.0,195.5,12.0,185.71,17.25,110.0,24.0,2.0121307114649425,134,86.0,-13.0,0.64,177.67,3.0
2025-05-08 07:40:19,179.88,64.0,190.94,16.0,177.05,42.0,191.5,22.0,185.41,11.060000000000002,106.0,38.0,0.5262128846961728,144,68.0,10.0,0.47,177.67,
2025-05-08 07:40:27,182.03,37.0,346.19,42.0,178.92,78.0,408.77,26.0,264.11,164.16,115.0,68.0,38.68228573908256,183,47.0,107.0,0.26,182.5,4.0
2025-05-08 07:40:28,179.0,49.0,321.2,20.0,178.0,28.0,470.62,16.0,250.1,142.2,77.0,36.0,19.662046434693227,113,41.0,-70.0,0.36,182.5,
2025-05-08 07:40:29,180.94,48.0,265.5,32.0,179.0,84.0,293.6,40.0,223.22,84.56,132.0,72.0,25.726005908419424,204,60.0,91.0,0.29,181.0,3.0
2025-05-08 07:40:30,181.0,24.0,255.62,16.0,179.0,56.0,265.93,30.0,218.31,74.62,80.0,46.0,18.95563847513521,126,34.0,-78.0,0.27,181.0,
2025-05-08 07:40:31,179.41,59.0,264.09,22.0,178.5,56.0,291.33,36.0,221.75,84.67999999999998,115.0,58.0,20.414756182722957,173,57.0,47.0,0.33,180.2,5.0
2025-05-08 07:40:32,180.06,53.0,259.74,27.0,178.22,46.0,287.43,28.0,219.9,79.68,99.0,55.0,13.23626948955113,154,44.0,-19.0,0.29,180.2,
2025-05-08 07:40:36,184.0,13.0,249.94,62.0,182.0,65.0,252.31,29.0,216.97,65.94,78.0,91.0,2.0901435357459444,169,-13.0,13.0,-0.08,180.2,
2025-05-08 07:40:37,184.0,8.0,247.29,28.0,182.0,40.0,248.71,28.0,215.64,63.28999999999999,48.0,56.0,2.7940150321751074,104,-8.0,-65.0,-0.08,180.2,
2025-05-08 07:40:38,183.24,21.0,223.7,37.0,181.6,75.0,244.22,51.0,203.47,40.45999999999998,96.0,88.0,6.82147857872617,184,8.0,80.0,0.04,183.0,2.0
2025-05-08 07:40:39,182.18,44.0,195.41,34.0,179.45,53.0,237.51,43.0,188.8,13.22999999999999,97.0,77.0,12.668098910255605,174,20.0,-10.0,0.11,183.0,
2025-05-08 07:40:40,182.0,56.0,192.0,40.0,179.0,70.0,192.71,35.0,187.0,10.0,126.0,75.0,14.237665890166774,201,51.0,27.0,0.25,183.0,
2025-05-08 07:40:41,182.0,43.0,189.33,12.0,179.0,60.0,191.0,24.0,185.67,7.3300000000000125,103.0,36.0,13.048104460036242,139,67.0,-62.0,0.48,182.0,2.0
2025-05-08 07:40:42,182.67,166.0,188.06,16.0,181.25,120.0,191.0,32.0,185.37,5.390000000000015,286.0,48.0,7.616552369676011,334,238.0,176.0,0.71,183.0,1.0
2025-05-08 07:40:43,183.0,163.0,185.75,40.0,182.0,135.0,187.0,20.0,184.38,2.75,298.0,60.0,1.708253494074247,358,238.0,24.0,0.66,183.0,2.0
2025-05-08 07:40:44,183.0,91.0,184.88,41.0,182.0,57.0,197.04,23.0,183.94,1.8799999999999957,148.0,64.0,1.196231582937344,212,84.0,-146.0,0.4,183.0,6.0
2025-05-08 07:40:45,183.22,23.0,186.33,12.0,182.56,27.0,197.83,23.0,184.78,3.1100000000000136,50.0,35.0,0.7060948944842604,85,15.0,-127.0,0.18,184.0,1.0
2025-05-08 07:40:46,182.23,13.0,184.57,14.0,180.17,71.0,228.88,25.0,183.4,2.3400000000000034,84.0,39.0,0.7572846228576774,123,45.0,38.0,0.37,183.0,3.0
2025-05-08 07:40:47,181.1,29.0,183.78,18.0,179.95,109.0,202.0,36.0,182.44,2.680000000000007,138.0,54.0,0.911767514236294,192,84.0,69.0,0.44,182.0,2.0
2025-05-08 07:40:48,180.0,104.0,181.75,16.0,179.0,43.0,190.6,20.0,180.88,1.75,147.0,36.0,1.4984391879607717,183,111.0,-9.0,0.61,182.0,
2025-05-08 07:40:49,180.38,78.0,220.68,38.0,179.45,101.0,353.83,48.0,200.53,40.30000000000001,179.0,86.0,8.022361248411665,265,93.0,82.0,0.35,180.0,4.0
2025-05-08 07:40:50,180.67,54.0,222.67,49.0,179.53,102.0,509.32,50.0,201.67,42.0,156.0,99.0,10.376951864589998,255,57.0,-10.0,0.22,183.0,2.0
2025-05-08 07:40:52,180.0,80.0,423.0,49.0,179.0,80.0,564.83,41.0,301.5,243.0,160.0,90.0,63.75255736047011,250,70.0,50.0,0.28,183.0,
2025-05-08 07:40:53,179.71,73.0,430.29,62.0,178.63,98.0,574.92,52.0,305.0,250.58,171.0,114.0,58.77890242255326,285,57.0,35.0,0.2,179.89,9.0
2025-05-08 07:40:58,177.5,12.0,412.75,16.0,176.5,12.0,485.0,8.0,295.12,235.25,24.0,24.0,23.684993772430055,48,0.0,-43.0,0.0,178.67,3.0
2025-05-08 07:40:59,177.0,50.0,230.4,40.0,176.0,38.0,492.2,20.0,203.7,53.400000000000006,88.0,60.0,56.89574087750372,148,28.0,100.0,0.19,178.67,
2025-05-08 07:41:00,177.67,48.0,418.23,26.0,176.64,44.0,554.07,28.0,297.95,240.56000000000003,92.0,54.0,49.18860365979143,146,38.0,-2.0,0.26,178.67,
2025-05-08 07:41:02,177.67,90.0,359.0,48.0,176.71,84.0,465.47,49.0,268.33,181.33,174.0,97.0,60.17794920068353,271,77.0,106.0,0.28,179.67,9.0
2025-05-08 07:41:03,177.39,28.0,336.79,43.0,176.91,88.0,426.94,47.0,257.09,159.40000000000003,116.0,90.0,61.314227304925296,206,26.0,-65.0,0.13,179.67,
2025-05-08 07:41:04,177.33,66.0,222.27,52.0,176.76,68.0,319.71,56.0,199.8,44.94,134.0,108.0,62.53325011543894,242,26.0,36.0,0.11,179.67,3.0
2025-05-08 07:41:05,177.0,102.0,191.0,55.0,176.0,44.0,198.12,32.0,184.0,14.0,146.0,87.0,73.58825361428303,233,59.0,-9.0,0.25,177.0,2.0
2025-05-08 07:41:06,177.0,56.0,190.41,32.0,176.0,28.0,277.78,27.0,183.7,13.409999999999997,84.0,59.0,40.99744418863244,143,25.0,-90.0,0.17,177.0,
2025-05-08 07:41:07,177.55,44.0,187.6,20.0,176.75,64.0,190.0,50.0,182.57,10.049999999999985,108.0,70.0,31.91610048235887,178,38.0,35.0,0.21,177.0,
2025-05-08 07:41:08,179.0,20.0,186.1,31.0,177.0,80.0,281.77,26.0,182.55,7.099999999999994,100.0,57.0,7.45024362017949,157,43.0,-21.0,0.27,177.0,
2025-05-08 07:41:09,177.1,42.0,185.3,20.0,176.2,40.0,210.67,36.0,181.2,8.200000000000017,82.0,56.0,1.1096530989566609,138,26.0,-19.0,0.19,180.62,8.0
2025-05-08 07:41:10,177.0,40.0,184.05,20.0,176.0,20.0,303.92,24.0,180.53,7.050000000000011,60.0,44.0,1.2507797568012975,104,16.0,-34.0,0.15,180.62,
2025-05-08 07:41:11,178.64,44.0,181.7,23.0,176.76,33.0,183.46,13.0,180.17,3.0600000000000023,77.0,36.0,1.1181592015557067,113,41.0,9.0,0.36,180.0,1.0
2025-05-08 07:41:12,178.59,34.0,197.0,19.0,176.88,34.0,373.4,15.0,187.79,18.41,68.0,34.0,3.1214131415152484,102,34.0,-11.0,0.33,180.0,4.0
2025-05-08 07:41:13,177.56,36.0,256.22,9.0,176.8,40.0,543.22,18.0,216.89,78.66000000000003,76.0,27.0,15.727100177719564,103,49.0,1.0,0.48,180.0,
2025-05-08 07:41:14,177.22,45.0,256.0,8.0,176.17,94.0,536.5,32.0,216.61,78.78,139.0,40.0,18.826086157245477,179,99.0,76.0,0.55,177.0,1.0
2025-05-08 07:41:15,177.1,39.0,255.14,7.0,176.18,79.0,289.0,28.0,216.12,78.03999999999999,118.0,35.0,18.038294819633933,153,83.0,-26.0,0.54,177.67,3.0
2025-05-08 07:41:16,177.0,54.0,251.67,12.0,176.0,112.0,378.64,33.0,214.33,74.66999999999999,166.0,45.0,12.649566000461627,211,121.0,58.0,0.57,177.67,
2025-05-08 07:41:17,177.0,36.0,254.0,6.0,176.0,84.0,515.0,24.0,215.5,77.0,120.0,30.0,1.019436118663854,150,90.0,-61.0,0.6,177.67,
2025-05-08 07:41:18,177.23,65.0,251.0,11.0,176.04,146.0,377.55,44.0,214.12,73.77000000000001,211.0,55.0,1.09033481098067,266,156.0,116.0,0.59,177.67,
2025-05-08 07:41:19,180.0,35.0,250.0,7.0,177.0,42.0,374.14,28.0,215.0,70.0,77.0,35.0,0.8256391463806331,112,42.0,-154.0,0.38,177.67,
2025-05-08 07:41:20,180.12,41.0,249.0,9.0,177.28,53.0,390.22,36.0,214.56,68.88,94.0,45.0,0.5529195240141525,139,49.0,27.0,0.35,177.67,
2025-05-08 07:41:21,180.0,41.0,249.0,8.0,177.0,44.0,358.0,32.0,214.5,69.0,85.0,40.0,0.5290368607536238,125,45.0,-14.0,0.36,177.67,
2025-05-08 07:41:22,180.0,8.0,249.0,8.0,177.0,40.0,346.0,32.0,214.5,69.0,48.0,40.0,0.3128577952296976,88,8.0,-37.0,0.09,177.67,
2025-05-08 07:41:23,180.0,11.0,248.64,11.0,178.68,114.0,401.55,44.0,214.32,68.63999999999999,125.0,55.0,0.253535007515731,180,70.0,92.0,0.39,177.67,
2025-05-08 07:41:24,181.14,65.0,247.3,10.0,179.43,21.0,487.0,40.0,214.22,66.16000000000003,86.0,50.0,0.1435270010693657,136,36.0,-44.0,0.26,181.33,6.0
2025-05-08 07:41:25,182.93,56.0,245.92,26.0,180.0,14.0,324.05,44.0,214.43,62.98999999999998,70.0,70.0,0.1219836056032097,140,0.0,4.0,0.0,181.33,
2025-05-08 07:41:26,184.0,36.0,244.0,36.0,180.0,9.0,245.0,9.0,214.0,60.0,45.0,45.0,0.1959081418316576,90,0.0,-50.0,0.0,181.33,
2025-05-08 07:41:27,184.0,23.0,229.29,34.0,180.0,8.0,232.26,34.0,206.65,45.28999999999999,31.0,68.0,3.399166074206365,99,-37.0,9.0,-0.37,184.0,3.0
2025-05-08 07:41:28,184.0,7.0,225.57,28.0,180.0,7.0,229.26,27.0,204.79,41.56999999999999,14.0,55.0,4.702506778308253,69,-41.0,-30.0,-0.59,184.0,
2025-05-08 07:41:29,181.13,15.0,224.71,51.0,179.19,59.0,234.5,24.0,202.92,43.58000000000001,74.0,75.0,5.332004313579882,149,-1.0,80.0,-0.01,184.0,
2025-05-08 07:41:30,179.11,95.0,220.47,17.0,177.25,59.0,221.7,53.0,199.79,41.35999999999999,154.0,70.0,5.321010242428935,224,84.0,75.0,0.38,179.75,4.0
2025-05-08 07:41:31,180.0,36.0,218.56,9.0,179.0,60.0,220.9,21.0,199.28,38.56,96.0,30.0,3.1694841851684274,126,66.0,-98.0,0.52,179.75,
2025-05-08 07:41:32,180.0,28.0,217.69,52.0,179.0,130.0,218.36,25.0,198.85,37.69,158.0,77.0,2.5988516694941186,235,81.0,109.0,0.34,180.0,5.0
2025-05-08 07:41:33,180.0,9.0,213.71,21.0,179.0,90.0,215.25,24.0,196.86,33.71000000000001,99.0,45.0,2.1916318121509253,144,54.0,-91.0,0.38,180.0,
2025-05-08 07:41:34,180.0,10.0,210.61,31.0,179.0,100.0,212.12,25.0,195.31,30.610000000000014,110.0,56.0,1.877437082842356,166,54.0,22.0,0.33,180.0,
2025-05-08 07:41:35,179.03,87.0,204.38,40.0,178.2,50.0,208.1,31.0,191.7,25.349999999999994,137.0,71.0,3.073540303954274,208,66.0,42.0,0.32,179.2,5.0
2025-05-08 07:41:36,179.08,59.0,201.13,23.0,178.25,48.0,203.02,47.0,190.11,22.049999999999983,107.0,70.0,3.613811007790933,177,37.0,-31.0,0.21,179.2,
2025-05-08 07:41:37,179.01,143.0,199.2,40.0,177.71,34.0,199.72,25.0,189.11,20.19,177.0,65.0,3.342165465686952,242,112.0,65.0,0.46,180.0,1.0
2025-05-08 07:41:38,179.32,132.0,196.11,36.0,178.68,75.0,197.03,33.0,187.71,16.79000000000002,207.0,69.0,2.9167481893420355,276,138.0,34.0,0.5,180.0,
2025-05-08 07:41:41,183.66,41.0,187.35,46.0,179.65,161.0,215.47,40.0,185.5,3.6899999999999977,202.0,86.0,1.770883960068976,288,116.0,139.0,0.4,184.0,6.0
2025-05-08 07:41:42,182.0,49.0,185.4,30.0,179.0,355.0,186.76,34.0,183.7,3.4000000000000057,404.0,64.0,2.5465309737031108,468,340.0,176.0,0.73,182.0,3.0
2025-05-08 07:41:43,179.21,112.0,182.33,18.0,178.3,160.0,183.91,22.0,180.77,3.1200000000000045,272.0,40.0,3.742696888612402,312,232.0,-156.0,0.74,182.0,2.0
2025-05-08 07:41:44,179.0,150.0,180.0,24.0,177.0,84.0,181.0,12.0,179.5,1.0,234.0,36.0,3.573888638448109,270,198.0,-42.0,0.73,179.0,2.0
2025-05-08 07:41:45,179.0,232.0,333.5,32.0,177.0,154.0,288.6,15.0,256.25,154.5,386.0,47.0,33.1257517650548,433,339.0,163.0,0.78,179.33,6.0
2025-05-08 07:41:47,179.29,85.0,442.0,24.0,178.41,142.0,639.0,40.0,310.65,262.71000000000004,227.0,64.0,73.13030685017014,291,163.0,39.0,0.56,179.33,
2025-05-08 07:41:59,179.18,66.0,191.88,25.0,177.84,114.0,192.94,35.0,185.53,12.699999999999989,180.0,60.0,2.8995723822729054,240,120.0,121.0,0.5,180.0,2.0
2025-05-08 07:42:00,181.78,95.0,189.51,57.0,178.82,119.0,190.48,46.0,185.64,7.72999999999999,214.0,103.0,3.206290691755761,317,111.0,77.0,0.35,180.0,
2025-05-08 07:42:01,183.0,60.0,184.54,35.0,179.0,66.0,186.17,23.0,183.77,1.539999999999992,126.0,58.0,3.152749593614975,184,68.0,-133.0,0.37,183.0,1.0
2025-05-08 07:42:02,183.0,23.0,184.0,33.0,179.0,54.0,186.64,22.0,183.5,1.0,77.0,55.0,2.494920840435453,132,22.0,-52.0,0.17,183.2,5.0
2025-05-08 07:42:03,183.0,16.0,184.0,33.0,179.0,58.0,188.0,33.0,183.5,1.0,74.0,66.0,1.0989403987655304,140,8.0,8.0,0.06,183.0,3.0
2025-05-08 07:42:04,181.27,37.0,248.39,41.0,177.93,60.0,325.35,31.0,214.83,67.11999999999998,97.0,72.0,13.77083766515457,169,25.0,29.0,0.15,183.0,3.0
2025-05-08 07:42:05,179.0,44.0,332.52,31.0,177.0,88.0,554.52,29.0,255.76,153.51999999999998,132.0,60.0,31.803181759063683,192,72.0,23.0,0.38,183.0,
2025-05-08 07:42:06,179.0,66.0,258.0,30.0,177.91,106.0,447.86,59.0,218.5,79.0,172.0,89.0,29.94427691563184,261,83.0,69.0,0.32,183.0,
2025-05-08 07:42:07,179.59,54.0,328.0,29.0,178.07,87.0,391.32,41.0,253.8,148.41,141.0,70.0,30.179297871223632,211,71.0,-50.0,0.34,185.4,5.0
2025-05-08 07:42:08,178.45,66.0,212.39,18.0,177.02,106.0,271.16,32.0,195.42,33.94,172.0,50.0,26.27185604406441,222,122.0,11.0,0.55,179.0,5.0
2025-05-08 07:42:09,178.0,117.0,209.31,13.0,176.0,169.0,210.31,13.0,193.65,31.31,286.0,26.0,30.262514436180677,312,260.0,90.0,0.83,179.0,
2025-05-08 07:42:10,178.0,45.0,208.43,7.0,176.0,91.0,210.0,7.0,193.21,30.430000000000007,136.0,14.0,26.212104646518625,150,122.0,-162.0,0.81,178.0,3.0
2025-05-08 07:42:11,178.0,36.0,206.2,10.0,176.0,130.0,207.6,10.0,192.1,28.19999999999999,166.0,20.0,26.951022800629342,186,146.0,36.0,0.78,178.0,4.0
2025-05-08 07:42:12,176.14,49.0,204.5,16.0,140.51,110.0,206.0,8.0,190.32,28.360000000000014,159.0,24.0,1.8905951444033269,183,135.0,-3.0,0.74,177.0,4.0
2025-05-08 07:42:13,177.08,12.0,202.06,16.0,176.0,132.0,203.0,16.0,189.57,24.97999999999999,144.0,32.0,1.779002529520794,176,112.0,-7.0,0.64,177.0,
2025-05-08 07:42:14,179.23,13.0,198.12,17.0,176.0,143.0,198.96,49.0,188.67,18.89000000000001,156.0,66.0,1.855728967290576,222,90.0,46.0,0.41,177.0,
2025-05-08 07:42:15,176.94,53.0,194.71,21.0,173.01,107.0,195.65,17.0,185.83,17.77000000000001,160.0,38.0,2.312524594472718,198,122.0,-24.0,0.62,182.0,1.0
2025-05-08 07:42:16,176.67,27.0,191.78,9.0,175.11,90.0,193.35,17.0,184.22,15.110000000000014,117.0,26.0,2.5936017427587306,143,91.0,-55.0,0.64,182.0,
2025-05-08 07:42:17,178.45,33.0,188.0,31.0,176.18,132.0,188.3,47.0,183.23,9.550000000000011,165.0,78.0,2.7514505265479743,243,87.0,100.0,0.36,181.0,5.0
2025-05-08 07:42:18,179.0,24.0,184.31,16.0,177.0,60.0,185.75,12.0,181.66,5.310000000000002,84.0,28.0,2.677138397625564,112,56.0,-131.0,0.5,181.0,
2025-05-08 07:42:19,178.16,43.0,182.0,28.0,174.84,152.0,183.0,80.0,180.08,3.8400000000000034,195.0,108.0,2.2289078042936703,303,87.0,176.0,0.29,181.67,6.0
2025-05-08 07:42:20,176.0,107.0,179.52,33.0,124.0,26.0,180.2,41.0,177.76,3.5200000000000102,133.0,74.0,2.5671190077675177,207,59.0,-96.0,0.29,176.0,4.0
2025-05-08 07:42:21,176.0,35.0,177.0,6.0,124.0,12.0,192.09,11.0,176.5,1.0,47.0,17.0,2.75426578238944,64,30.0,-143.0,0.47,176.0,6.0
2025-05-08 07:42:22,178.7,71.0,231.61,23.0,139.33,24.0,320.57,30.0,205.16,52.910000000000025,95.0,53.0,11.869141502233482,148,42.0,84.0,0.28,177.0,1.0
2025-05-08 07:42:23,179.0,112.0,253.0,14.0,176.0,7.0,418.3,23.0,216.0,74.0,119.0,37.0,18.236293483053,156,82.0,8.0,0.53,177.0,
2025-05-08 07:42:24,179.0,204.0,223.16,43.0,176.0,39.0,305.65,43.0,201.08,44.16,243.0,86.0,17.46574933978046,329,157.0,173.0,0.48,179.0,5.0
2025-05-08 07:42:25,179.0,82.0,202.43,21.0,176.0,38.0,212.0,14.0,190.71,23.430000000000007,120.0,35.0,15.000713316374044,155,85.0,-174.0,0.55,179.0,
2025-05-08 07:42:26,179.0,88.0,201.62,24.0,176.13,75.0,212.0,16.0,190.31,22.620000000000005,163.0,40.0,10.74554186628304,203,123.0,48.0,0.61,179.0,1.0
2025-05-08 07:42:27,179.0,110.0,201.0,30.0,178.0,50.0,297.86,21.0,190.0,22.0,160.0,51.0,11.281008376915668,211,109.0,8.0,0.52,179.0,
2025-05-08 07:42:28,179.0,123.0,200.25,36.0,178.0,60.0,446.68,47.0,189.62,21.25,183.0,83.0,4.899982653034724,266,100.0,55.0,0.38,179.0,1.0
2025-05-08 07:42:29,179.0,100.0,196.0,30.0,178.0,50.0,200.0,30.0,187.5,17.0,150.0,60.0,1.2552569458246834,210,90.0,-56.0,0.43,179.0,
2025-05-08 07:42:30,179.0,90.0,196.0,27.0,178.0,45.0,200.0,27.0,187.5,17.0,135.0,54.0,1.378361345961606,189,81.0,-21.0,0.43,179.0,
2025-05-08 07:42:31,178.86,70.0,195.0,24.0,177.94,32.0,196.0,24.0,186.93,16.139999999999986,102.0,48.0,1.395421083415701,150,54.0,-39.0,0.36,179.0,
2025-05-08 07:42:32,179.48,27.0,195.0,42.0,177.88,34.0,465.82,40.0,187.24,15.52000000000001,61.0,82.0,1.0670145266307332,143,-21.0,-7.0,-0.15,179.2,5.0
2025-05-08 07:42:33,179.84,49.0,195.0,45.0,178.73,30.0,248.03,73.0,187.42,15.159999999999997,79.0,118.0,0.2414953416548149,197,-39.0,54.0,-0.2,179.2,
2025-05-08 07:42:34,182.17,23.0,194.25,12.0,180.8,35.0,216.7,30.0,188.21,12.080000000000013,58.0,42.0,0.4730221982539456,100,16.0,-97.0,0.16,179.2,
2025-05-08 07:42:35,184.0,33.0,191.27,33.0,183.0,22.0,194.0,11.0,187.64,7.27000000000001,55.0,44.0,0.4800729111718321,99,11.0,-1.0,0.11,179.2,
2025-05-08 07:42:36,183.9,30.0,188.25,16.0,182.25,24.0,189.31,32.0,186.07,4.349999999999994,54.0,48.0,0.7863396213093827,102,6.0,3.0,0.06,183.75,4.0
2025-05-08 07:42:37,179.82,17.0,185.44,9.0,178.67,24.0,189.0,27.0,182.63,5.6200000000000045,41.0,36.0,2.245869542079607,77,5.0,-25.0,0.06,180.25,4.0
2025-05-08 07:42:38,177.0,168.0,182.03,37.0,176.0,136.0,182.39,46.0,179.51,5.030000000000001,304.0,83.0,3.674196510808955,387,221.0,176.0,0.57,180.25,
2025-05-08 07:42:39,177.0,139.0,179.41,17.0,176.0,136.0,181.4,45.0,178.21,2.4099999999999966,275.0,62.0,4.063215475462807,337,213.0,-50.0,0.63,177.0,4.0
2025-05-08 07:42:40,176.25,80.0,177.58,12.0,149.9,58.0,458.2,20.0,176.92,1.3300000000000125,138.0,32.0,3.689894307434881,170,106.0,-167.0,0.62,176.83,6.0
2025-05-08 07:42:41,184.28,50.0,320.86,58.0,175.26,61.0,593.35,26.0,252.57,136.58,111.0,84.0,32.82806451803154,195,27.0,25.0,0.14,184.86,7.0
2025-05-08 07:42:42,185.0,13.0,260.38,65.0,176.0,78.0,404.7,27.0,222.69,75.38,91.0,92.0,34.227801565394785,183,-1.0,-12.0,-0.01,184.86,
2025-05-08 07:42:43,185.0,10.0,389.0,30.0,176.32,57.0,484.0,10.0,287.0,204.0,67.0,40.0,47.69394374551179,107,27.0,-76.0,0.25,184.86,
2025-05-08 07:42:45,182.75,20.0,342.74,34.0,178.0,45.0,373.07,40.0,262.74,159.99,65.0,74.0,43.627673213226096,139,-9.0,-29.0,-0.06,185.0,1.0
2025-05-08 07:42:46,177.86,29.0,205.2,20.0,138.63,38.0,215.1,20.0,191.53,27.33999999999997,67.0,40.0,57.15186812344847,107,27.0,-32.0,0.25,179.6,5.0
2025-05-08 07:42:47,176.0,52.0,198.31,39.0,135.0,56.0,217.0,45.0,187.15,22.31,108.0,84.0,64.7509546647773,192,24.0,85.0,0.12,179.6,
2025-05-08 07:42:48,176.0,40.0,197.0,30.0,105.15,52.0,219.0,50.0,186.5,21.0,92.0,80.0,67.29903513424277,172,12.0,-20.0,0.07,179.6,
2025-05-08 07:42:49,176.0,52.0,196.92,39.0,153.44,82.0,219.0,65.0,186.46,20.919999999999987,134.0,104.0,33.531312679345604,238,30.0,66.0,0.13,179.6,
2025-05-08 07:42:50,176.0,18.0,196.0,21.0,162.0,56.0,218.16,19.0,186.0,20.0,74.0,40.0,2.274372440925804,114,34.0,-124.0,0.3,176.0,2.0
2025-05-08 07:42:51,176.0,18.0,195.67,27.0,139.73,30.0,215.0,9.0,185.83,19.669999999999987,48.0,36.0,0.5148494926119189,84,12.0,-30.0,0.14,176.0,
2025-05-08 07:42:55,181.92,13.0,188.63,35.0,177.88,24.0,189.87,30.0,185.28,6.710000000000008,37.0,65.0,2.616877910801892,102,-28.0,-9.0,-0.27,182.17,6.0
2025-05-08 07:42:56,180.07,27.0,184.7,44.0,177.42,24.0,185.69,48.0,182.39,4.629999999999996,51.0,92.0,3.690253378840385,143,-41.0,41.0,-0.29,181.0,2.0
2025-05-08 07:42:57,178.0,14.0,180.73,30.0,177.0,28.0,182.5,40.0,179.37,2.7299999999999898,42.0,70.0,4.878726268201843,112,-28.0,-31.0,-0.25,181.0,
2025-05-08 07:42:58,146.96,57.0,181.06,32.0,135.84,80.0,190.15,41.0,164.01,34.099999999999994,137.0,73.0,9.84987715659654,210,64.0,98.0,0.3,177.33,3.0
2025-05-08 07:42:59,136.0,128.0,175.69,36.0,49.14,29.0,178.14,37.0,155.85,39.69,157.0,73.0,12.78444367190226,230,84.0,20.0,0.37,173.0,2.0
2025-05-08 07:43:00,156.89,37.0,170.7,20.0,130.04,23.0,173.25,16.0,163.8,13.810000000000002,60.0,36.0,11.309910698146185,96,24.0,-134.0,0.25,173.0,
2025-05-08 07:43:01,162.82,28.0,171.43,21.0,162.02,59.0,358.22,18.0,167.12,8.610000000000014,87.0,39.0,8.541507478193845,126,48.0,30.0,0.38,172.6,5.0
2025-05-08 07:43:03,137.53,30.0,432.53,49.0,127.68,22.0,506.11,38.0,285.03,295.0,52.0,87.0,76.91702197823342,139,-35.0,22.0,-0.25,182.67,3.0
2025-05-08 07:43:04,136.0,7.0,167.18,22.0,130.67,27.0,259.56,16.0,151.59,31.180000000000007,34.0,38.0,77.79259444188787,72,-4.0,-67.0,-0.06,167.0,1.0
2025-05-08 07:43:05,136.86,7.0,378.29,31.0,122.0,63.0,333.0,9.0,257.57,241.43,70.0,40.0,72.94604636304867,110,30.0,38.0,0.27,167.4,5.0
2025-05-08 07:43:06,140.12,33.0,434.52,29.0,133.65,57.0,478.85,13.0,287.32,294.4,90.0,42.0,63.97219145847706,132,48.0,22.0,0.36,167.4,
2025-05-08 07:43:08,148.33,60.0,353.38,13.0,144.31,26.0,484.59,17.0,250.86,205.05,86.0,30.0,59.73366831193313,116,56.0,-21.0,0.48,167.4,
2025-05-08 07:43:09,149.0,9.0,341.56,9.0,147.0,81.0,668.0,15.0,245.28,192.56,90.0,24.0,26.116745011583056,114,66.0,-2.0,0.58,167.4,
2025-05-08 07:43:10,156.84,25.0,250.0,7.0,153.74,23.0,742.0,7.0,203.42,93.16,48.0,14.0,39.86415708377697,62,34.0,-52.0,0.55,167.4,
2025-05-08 07:43:11,162.83,108.0,171.25,24.0,161.0,21.0,178.73,33.0,167.04,8.419999999999987,129.0,57.0,52.48145748738348,186,72.0,124.0,0.39,170.75,4.0
