DateTime,Bid1_Price,Bid1_Volume,Ask1_Price,Ask1_Volume,Bid2_Price,Bid2_Volume,Ask2_Price,Ask2_Volume,Mid-Price,Bid_Ask_Spread,Market_Depth_Bid,Market_Depth_Ask,Historical_Volatility,Total_volume,Cumulative_Volume_Difference,Total_Volume_Change_Corrected,Order_imbalance,Weighted_Avg_Price,Trade_Volume
2025-01-02 07:30:02,261.75,8.0,306.46,13.0,21.0,13.0,403.57,7.0,284.11,44.70999999999998,21.0,20.0,,41,1.0,4.0,0.02,,
2025-01-02 07:30:03,262.75,48.0,292.56,16.0,261.0,8.0,294.59,32.0,277.66,29.81,56.0,48.0,,104,8.0,63.0,0.08,,
2025-01-02 07:30:04,264.0,36.0,287.45,20.0,261.0,6.0,288.1,21.0,275.73,23.44999999999999,42.0,41.0,151.08941276608363,83,1.0,-21.0,0.01,,
2025-01-02 07:30:05,264.0,36.0,283.17,30.0,261.0,6.0,285.0,10.0,273.58,19.170000000000016,42.0,40.0,60.47067330533043,82,2.0,-1.0,0.02,,
2025-01-02 07:30:06,265.17,36.0,282.36,11.0,261.0,6.0,283.06,18.0,273.77,17.189999999999998,42.0,29.0,4.32219273054831,71,13.0,-11.0,0.18,,
2025-01-02 07:30:07,266.0,36.0,280.27,11.0,261.0,6.0,280.88,16.0,273.14,14.269999999999982,42.0,27.0,1.8938400143636325,69,15.0,-2.0,0.22,,
2025-01-02 07:30:08,266.0,36.0,276.57,14.0,261.0,6.0,277.19,21.0,271.29,10.569999999999991,42.0,35.0,1.5863385515094075,77,7.0,8.0,0.09,,
2025-01-02 07:30:09,266.31,78.0,271.36,25.0,261.0,13.0,272.14,37.0,268.83,5.050000000000011,91.0,62.0,2.086113611480713,153,29.0,76.0,0.19,,
2025-01-02 07:30:10,267.0,35.0,269.33,6.0,261.0,6.0,270.86,22.0,268.17,2.329999999999984,41.0,28.0,2.502318924518849,69,13.0,-84.0,0.19,267.0,1.0
2025-01-02 07:30:11,267.0,44.0,270.25,52.0,261.0,12.0,273.18,45.0,268.62,3.25,56.0,97.0,2.1298708881068875,153,-41.0,84.0,-0.27,267.67,3.0
2025-01-02 07:30:12,267.0,21.0,270.0,25.0,261.86,7.0,273.0,21.0,268.5,3.0,28.0,46.0,1.2572469924422975,74,-18.0,-79.0,-0.24,270.0,2.0
2025-01-02 07:30:13,266.45,11.0,270.4,15.0,262.8,5.0,275.78,18.0,268.43,3.9499999999999886,16.0,33.0,0.2432077301509074,49,-17.0,-25.0,-0.35,267.0,3.0
2025-01-02 07:30:14,264.0,9.0,270.86,35.0,261.0,9.0,271.65,37.0,267.43,6.860000000000014,18.0,72.0,0.4766025597971143,90,-54.0,41.0,-0.6,267.0,
2025-01-02 07:30:15,264.0,5.0,268.81,21.0,261.0,5.0,270.53,19.0,266.4,4.810000000000002,10.0,40.0,0.9522762204345816,50,-30.0,-40.0,-0.6,267.0,
2025-01-02 07:30:16,264.0,7.0,268.0,35.0,261.0,7.0,271.0,21.0,266.0,4.0,14.0,56.0,1.14239660363865,70,-42.0,20.0,-0.6,267.0,
2025-01-02 07:30:17,264.75,16.0,268.0,40.0,262.5,8.0,271.0,24.0,266.38,3.25,24.0,64.0,0.9935139656819528,88,-40.0,18.0,-0.45,267.0,
2025-01-02 07:30:18,265.17,18.0,268.0,60.0,264.0,12.0,271.0,36.0,266.58,2.829999999999984,30.0,96.0,0.5312438234982202,126,-66.0,38.0,-0.52,265.0,2.0
2025-01-02 07:30:19,260.58,73.0,266.92,65.0,254.15,67.0,271.0,39.0,263.75,6.340000000000032,140.0,104.0,1.1773784438339665,244,36.0,118.0,0.15,263.67,3.0
2025-01-02 07:30:20,260.12,162.0,265.14,70.0,253.55,141.0,271.0,42.0,262.63,5.019999999999982,303.0,112.0,1.7717985212785474,415,191.0,171.0,0.46,263.67,
2025-01-02 07:30:21,262.31,304.0,264.38,79.0,260.0,176.0,271.92,48.0,263.35,2.069999999999993,480.0,127.0,1.819029961271892,607,353.0,181.5,0.58,264.0,1.0
2025-01-02 07:30:22,263.0,247.0,268.26,38.0,260.0,134.0,274.46,37.0,265.63,5.259999999999991,381.0,75.0,1.6524587740711825,456,306.0,-151.0,0.67,263.57,7.0
2025-01-02 07:30:23,265.36,77.0,273.0,34.0,264.83,212.0,275.0,121.0,269.18,7.639999999999986,289.0,155.0,2.6329109365880425,444,134.0,-12.0,0.3,263.57,
2025-01-02 07:30:24,266.01,125.0,273.0,32.0,261.79,137.0,275.0,128.0,269.5,6.990000000000009,262.0,160.0,3.196164889364296,422,102.0,-22.0,0.24,267.33,3.0
2025-01-02 07:30:25,261.82,11.0,273.0,18.0,260.67,36.0,275.0,72.0,267.41,11.180000000000009,47.0,90.0,2.5675338361948112,137,-43.0,-182.5,-0.31,267.33,
2025-01-02 07:30:26,267.33,12.0,273.0,24.0,260.37,38.0,275.0,96.0,270.17,5.670000000000016,50.0,120.0,1.8440363336999184,170,-70.0,33.0,-0.41,261.67,3.0
2025-01-02 07:30:27,262.35,34.0,273.0,20.0,259.96,68.0,275.0,80.0,267.68,10.649999999999975,102.0,100.0,1.1934278361113595,202,2.0,32.0,0.01,270.0,1.0
2025-01-02 07:30:28,260.0,117.0,273.0,18.0,257.0,9.0,275.0,72.0,266.5,13.0,126.0,90.0,1.5282244599552273,216,36.0,14.0,0.17,270.0,
2025-01-02 07:30:29,260.0,78.0,273.0,12.0,257.0,6.0,275.0,30.0,266.5,13.0,84.0,42.0,1.504483300008825,126,42.0,-90.0,0.33,270.0,
2025-01-02 07:30:30,260.0,104.0,273.0,16.0,257.0,8.0,275.0,50.0,266.5,13.0,112.0,66.0,1.5934867429650723,178,46.0,52.0,0.26,270.0,
2025-01-02 07:30:31,260.0,117.0,274.0,24.0,257.0,9.0,275.18,72.0,267.0,14.0,126.0,96.0,0.5191146308912539,222,30.0,44.0,0.14,270.0,
2025-01-02 07:30:32,260.0,117.0,271.29,21.0,257.0,9.0,274.67,45.0,265.64,11.29000000000002,126.0,66.0,0.4908360215034304,192,60.0,-30.0,0.31,270.0,
2025-01-02 07:30:33,260.93,58.0,271.0,65.0,259.9,119.0,272.0,13.0,265.97,10.069999999999991,177.0,78.0,0.5272760188035237,255,99.0,63.0,0.39,270.0,
2025-01-02 07:30:34,260.0,192.0,266.4,72.0,257.0,16.0,269.6,25.0,263.2,6.399999999999977,208.0,97.0,1.4704829138773396,305,111.0,50.0,0.36,270.0,
2025-01-02 07:30:35,260.94,35.0,264.46,65.0,259.96,134.0,270.53,30.0,262.7,3.519999999999982,169.0,95.0,1.8596021079803609,264,74.0,-41.0,0.28,270.0,
2025-01-02 07:30:36,260.17,115.0,265.06,66.0,259.71,93.0,268.52,66.0,262.61,4.889999999999986,208.0,132.0,1.645426996254986,340,76.0,76.0,0.22,263.0,1.0
2025-01-02 07:30:37,260.31,29.0,262.22,54.0,258.61,184.0,263.24,46.0,261.27,1.910000000000025,213.0,100.0,1.730852391165849,313,113.0,-27.0,0.36,260.2,5.0
2025-01-02 07:30:38,259.03,66.0,263.3,46.0,256.3,152.0,265.81,42.0,261.17,4.270000000000039,218.0,88.0,0.914248325130685,306,130.0,-7.0,0.42,259.2,5.0
2025-01-02 07:30:39,259.0,76.0,265.8,65.0,254.47,19.0,266.79,56.0,262.4,6.800000000000011,95.0,121.0,0.7482312476796323,216,-26.0,-90.0,-0.12,259.2,
2025-01-02 07:30:40,259.0,56.0,263.21,28.0,257.0,14.0,264.44,36.0,261.11,4.20999999999998,70.0,64.0,0.7299452034256793,134,6.0,-82.0,0.04,259.2,
2025-01-02 07:30:41,259.0,56.0,261.07,28.0,257.0,14.0,262.21,28.0,260.04,2.069999999999993,70.0,56.0,0.836582333069517,126,14.0,-8.0,0.11,259.0,2.0
2025-01-02 07:30:42,257.63,19.0,260.31,32.0,254.56,16.0,261.31,32.0,258.97,2.680000000000007,35.0,64.0,1.294244953632784,99,-29.0,-27.0,-0.29,259.0,2.0
2025-01-02 07:30:43,257.0,8.0,259.0,16.0,254.0,8.0,261.0,16.0,258.0,2.0,16.0,32.0,1.7320883349309382,48,-16.0,-51.0,-0.33,259.0,
2025-01-02 07:30:44,254.94,16.0,257.62,32.0,252.26,38.0,259.88,32.0,256.28,2.680000000000007,54.0,64.0,1.86151819760208,118,-10.0,70.0,-0.08,257.0,1.0
2025-01-02 07:30:47,254.89,27.0,265.52,31.0,253.82,34.0,264.75,32.0,260.2,10.629999999999995,61.0,63.0,2.214199629663808,124,-2.0,66.0,-0.02,257.67,3.0
2025-01-02 07:30:48,257.55,44.0,266.75,48.0,254.75,40.0,269.57,37.0,262.15,9.199999999999989,84.0,85.0,3.249481497101265,169,-1.0,45.0,-0.01,258.0,2.0
2025-01-02 07:30:49,258.0,56.0,266.0,72.0,257.0,78.0,270.0,14.0,262.0,8.0,134.0,86.0,3.5858848280450584,220,48.0,51.0,0.22,258.0,
2025-01-02 07:30:50,259.68,38.0,265.48,65.0,258.08,74.0,267.09,64.0,262.58,5.800000000000011,112.0,129.0,3.342840109847332,241,-17.0,21.0,-0.07,266.0,1.0
2025-01-02 07:30:51,262.59,27.0,266.33,43.0,259.15,54.0,268.15,65.0,264.46,3.740000000000009,81.0,108.0,1.5218475613558402,189,-27.0,-52.0,-0.14,264.0,2.0
2025-01-02 07:30:52,259.65,23.0,268.0,68.0,258.16,31.0,273.0,8.0,263.83,8.350000000000023,54.0,76.0,1.0861997974613091,130,-22.0,-59.0,-0.17,263.33,3.0
2025-01-02 07:30:53,259.8,45.0,268.0,108.0,257.2,60.0,273.0,12.0,263.9,8.199999999999989,105.0,120.0,1.0222915435457307,225,-15.0,95.0,-0.07,263.33,
2025-01-02 07:30:54,263.0,10.0,268.0,54.0,259.0,24.0,273.0,6.0,265.5,5.0,34.0,60.0,1.0609335511734197,94,-26.0,-131.0,-0.28,263.0,2.0
2025-01-02 07:30:55,263.0,9.0,267.96,75.0,259.0,36.0,270.35,17.0,265.48,4.95999999999998,45.0,92.0,0.8187062965469937,137,-47.0,43.0,-0.34,263.0,
2025-01-02 07:30:56,263.0,13.0,265.54,39.0,259.32,56.0,268.0,117.0,264.27,2.5400000000000205,69.0,156.0,0.8330846295579329,225,-87.0,88.0,-0.39,263.0,
2025-01-02 07:30:57,261.57,21.0,266.13,39.0,259.49,73.0,269.75,55.0,263.85,4.560000000000002,94.0,94.0,0.828522781826588,188,0.0,-37.0,0.0,263.0,1.0
2025-01-02 07:30:58,259.18,133.0,265.63,19.0,258.44,99.0,268.27,30.0,262.41,6.449999999999989,232.0,49.0,1.285289850580607,281,183.0,93.0,0.65,261.0,3.0
2025-01-02 07:30:59,259.0,154.0,264.04,27.0,258.0,70.0,265.13,15.0,261.52,5.0400000000000205,224.0,42.0,1.5607786518290343,266,182.0,-15.0,0.68,261.0,
2025-01-02 07:31:00,259.0,137.0,260.89,47.0,258.0,65.0,263.6,20.0,259.95,1.8899999999999864,202.0,67.0,1.759005400788997,269,135.0,3.0,0.5,259.0,3.0
2025-01-02 07:31:01,259.0,80.0,260.86,35.0,258.0,50.0,268.33,30.0,259.93,1.8600000000000136,130.0,65.0,1.6743117989205545,195,65.0,-74.0,0.33,259.0,
2025-01-02 07:31:02,259.0,59.0,263.0,16.0,258.0,40.0,271.0,50.0,261.0,4.0,99.0,66.0,1.0605045968803506,165,33.0,-30.0,0.2,259.0,5.0
2025-01-02 07:31:03,259.0,34.0,261.75,24.0,258.0,60.0,270.65,68.0,260.38,2.75,94.0,92.0,0.6921921698518493,186,2.0,21.0,0.01,259.0,1.0
2025-01-02 07:31:04,258.12,85.0,260.11,36.0,254.77,130.0,263.93,42.0,259.11,1.990000000000009,215.0,78.0,0.692192169851728,293,137.0,107.0,0.47,259.0,4.0
2025-01-02 07:31:05,258.11,45.0,265.66,35.0,255.23,81.0,267.76,50.0,261.88,7.550000000000011,126.0,85.0,1.0509281612004746,211,41.0,-82.0,0.19,260.0,1.0
2025-01-02 07:31:06,259.92,13.0,265.47,19.0,258.0,65.0,266.57,42.0,262.7,5.550000000000011,78.0,61.0,1.3802101289312758,139,17.0,-72.0,0.12,260.0,
2025-01-02 07:31:07,261.33,15.0,265.0,28.0,257.94,52.0,267.33,36.0,263.17,3.670000000000016,67.0,64.0,1.6827269534909013,131,3.0,-8.0,0.02,260.0,
2025-01-02 07:31:08,255.8,25.0,264.45,22.0,252.11,71.0,265.84,43.0,260.13,8.649999999999977,96.0,65.0,1.7255636760214716,161,31.0,30.0,0.19,263.0,1.0
2025-01-02 07:31:09,251.68,62.0,261.84,37.0,250.11,94.0,266.12,51.0,256.76,10.159999999999968,156.0,88.0,2.602012682521842,244,68.0,83.0,0.28,263.0,
2025-01-02 07:31:15,253.0,24.0,258.67,12.0,247.0,16.0,263.35,26.0,255.83,5.670000000000016,40.0,38.0,0.9847334664774436,78,2.0,-32.0,0.03,254.71,7.0
2025-01-02 07:31:16,253.0,21.0,262.0,7.0,247.0,14.0,263.0,35.0,257.5,9.0,35.0,42.0,1.7986606127897098,77,-7.0,-1.0,-0.09,254.71,
2025-01-02 07:31:17,253.97,87.0,262.38,16.0,250.32,38.0,263.43,56.0,258.17,8.409999999999997,125.0,72.0,2.181616373242911,197,53.0,120.0,0.27,262.75,4.0
2025-01-02 07:31:18,256.96,110.0,270.11,38.0,254.67,76.0,574.93,30.0,263.53,13.150000000000034,186.0,68.0,3.7211060183771374,254,118.0,57.0,0.46,263.0,6.0
2025-01-02 07:31:19,260.64,98.0,272.0,42.0,254.46,72.0,415.86,56.0,266.32,11.360000000000014,170.0,98.0,4.444845329142964,268,72.0,14.0,0.27,263.0,
2025-01-02 07:31:20,263.11,65.0,272.0,33.0,259.48,33.0,407.27,44.0,267.55,8.889999999999986,98.0,77.0,4.605423976140036,175,21.0,-93.0,0.12,263.0,
2025-01-02 07:31:21,265.46,91.0,271.0,39.0,263.0,13.0,366.91,44.0,268.23,5.5400000000000205,104.0,83.0,4.098768107615608,187,21.0,12.0,0.11,263.0,
2025-01-02 07:31:22,267.0,110.0,269.32,34.0,260.15,39.0,276.86,42.0,268.16,2.319999999999993,149.0,76.0,1.9603239528221168,225,73.0,38.0,0.32,263.0,
2025-01-02 07:31:23,267.0,70.0,268.0,10.0,260.0,40.0,269.0,30.0,267.5,1.0,110.0,40.0,0.7664659157513477,150,70.0,-75.0,0.47,267.0,8.0
2025-01-02 07:31:24,260.0,40.0,266.37,46.0,256.0,20.0,271.0,12.0,263.18,6.3700000000000045,60.0,58.0,2.119818388449401,118,2.0,-32.0,0.02,267.0,
2025-01-02 07:31:25,260.0,24.0,265.0,30.0,256.0,12.0,269.67,6.0,262.5,5.0,36.0,36.0,2.8308090716273564,72,0.0,-46.0,0.0,267.0,
2025-01-02 07:31:26,260.0,44.0,264.0,55.0,256.0,22.0,270.0,11.0,262.0,4.0,66.0,66.0,2.9260416948510977,132,0.0,60.0,0.0,267.0,
2025-01-02 07:31:27,260.0,28.0,262.8,20.0,256.0,14.0,272.08,13.0,261.4,2.800000000000012,42.0,33.0,2.428637478094732,75,9.0,-57.0,0.12,263.67,6.0
2025-01-02 07:31:28,257.45,22.0,262.0,27.0,254.12,67.0,273.0,9.0,259.73,4.550000000000011,89.0,36.0,1.3107326195702813,125,53.0,50.0,0.42,260.0,4.0
2025-01-02 07:31:29,256.0,20.0,258.25,12.0,254.0,74.0,260.95,20.0,257.12,2.25,94.0,32.0,2.183162843217397,126,62.0,1.0,0.49,260.0,
2025-01-02 07:31:30,254.78,36.0,257.0,13.0,245.91,87.0,260.22,18.0,255.89,2.219999999999999,123.0,31.0,2.657041587932813,154,92.0,28.0,0.6,255.33,3.0
2025-01-02 07:31:31,254.4,48.0,260.82,22.0,241.35,92.0,261.43,14.0,257.61,6.419999999999988,140.0,36.0,2.197669219879136,176,104.0,22.0,0.59,257.5,2.0
2025-01-02 07:31:32,262.33,33.0,264.0,45.0,259.0,18.0,270.0,15.0,263.17,1.670000000000016,51.0,60.0,2.855797611877355,111,-9.0,-65.0,-0.08,257.5,
2025-01-02 07:31:33,263.0,102.0,264.0,37.0,261.0,13.0,270.0,13.0,263.5,1.0,115.0,50.0,3.596132644940224,165,65.0,54.0,0.39,264.0,2.0
2025-01-02 07:31:34,263.0,72.0,264.0,12.0,261.92,61.0,270.0,12.0,263.5,1.0,133.0,24.0,3.689827909266966,157,109.0,-8.0,0.69,264.0,
2025-01-02 07:31:35,263.52,80.0,267.67,18.0,262.13,39.0,303.53,47.0,265.6,4.150000000000034,119.0,65.0,2.9923285247456266,184,54.0,27.0,0.29,263.2,5.0
2025-01-02 07:31:36,264.93,41.0,269.73,11.0,261.55,22.0,374.42,19.0,267.33,4.800000000000011,63.0,30.0,1.796927934004933,93,33.0,-91.0,0.35,265.25,8.0
2025-01-02 07:31:37,260.71,14.0,263.2,20.0,258.14,28.0,268.94,17.0,261.96,2.490000000000009,42.0,37.0,2.097384084999016,79,5.0,-14.0,0.06,262.0,2.0
2025-01-02 07:31:38,259.0,18.0,265.0,12.0,253.0,36.0,269.63,35.0,262.0,6.0,54.0,47.0,2.346810601647906,101,7.0,22.0,0.07,263.0,1.0
2025-01-02 07:31:39,259.0,14.0,269.0,28.0,253.0,28.0,271.0,7.0,264.0,10.0,42.0,35.0,2.32658977905583,77,7.0,-24.0,0.09,263.0,
2025-01-02 07:31:40,259.0,20.0,269.0,40.0,254.0,90.0,271.0,10.0,264.0,10.0,110.0,50.0,2.188017367391504,160,60.0,83.0,0.38,263.0,
2025-01-02 07:31:41,255.0,60.0,268.27,41.0,253.63,86.0,269.62,29.0,261.63,13.269999999999982,146.0,70.0,1.1790759093486118,216,76.0,56.0,0.35,256.0,5.0
2025-01-02 07:31:42,254.34,64.0,261.74,57.0,253.68,88.0,262.77,52.0,258.04,7.400000000000006,152.0,109.0,2.439094094127122,261,43.0,45.0,0.16,255.0,2.0
2025-01-02 07:31:43,255.0,11.0,258.51,39.0,254.0,58.0,259.7,40.0,256.76,3.509999999999991,69.0,79.0,3.356751405750101,148,-10.0,-113.0,-0.07,255.0,
2025-01-02 07:31:47,254.0,14.0,257.0,56.0,250.0,84.0,258.0,70.0,255.5,3.0,98.0,126.0,0.807415630268605,224,-28.0,104.0,-0.12,255.0,
2025-01-02 07:31:48,254.5,14.0,257.0,54.0,250.57,49.0,258.0,70.0,255.75,2.5,63.0,124.0,0.5089498993043562,187,-61.0,-37.0,-0.33,256.33,3.0
2025-01-02 07:31:49,254.8,25.0,257.0,20.0,251.47,19.0,258.0,50.0,255.9,2.1999999999999886,44.0,70.0,0.5036566290657908,114,-26.0,-73.0,-0.23,256.33,
2025-01-02 07:31:50,255.0,44.0,257.0,22.0,254.0,11.0,258.0,55.0,256.0,2.0,55.0,77.0,0.3993745109569429,132,-22.0,18.0,-0.17,256.33,
2025-01-02 07:31:51,255.54,52.0,257.0,26.0,250.24,49.0,258.0,65.0,256.27,1.460000000000008,101.0,91.0,0.2864087987515074,192,10.0,60.0,0.05,256.33,
2025-01-02 07:31:52,256.4,40.0,260.06,32.0,249.0,50.0,263.52,42.0,258.23,3.660000000000025,90.0,74.0,1.0239384747154971,164,16.0,-28.0,0.1,257.71,7.0
2025-01-02 07:31:53,257.56,43.0,264.72,76.0,251.66,85.0,265.96,46.0,261.14,7.160000000000025,128.0,122.0,2.241934432583467,250,6.0,86.0,0.02,258.33,3.0
2025-01-02 07:31:54,261.31,58.0,263.9,52.0,259.47,34.0,265.17,72.0,262.61,2.589999999999975,92.0,124.0,2.938749734156388,216,-32.0,-34.0,-0.15,261.4,5.0
2025-01-02 07:31:55,262.91,22.0,265.0,85.0,260.72,29.0,271.0,17.0,263.95,2.089999999999975,51.0,102.0,3.154045021873548,153,-51.0,-63.0,-0.33,261.4,
2025-01-02 07:31:56,260.67,15.0,265.35,17.0,253.85,26.0,273.67,9.0,263.01,4.680000000000007,41.0,26.0,2.2317302704418096,67,15.0,-86.0,0.22,265.0,5.0
2025-01-02 07:31:57,258.07,27.0,271.0,12.0,252.4,20.0,277.0,48.0,264.54,12.930000000000009,47.0,60.0,1.3108584973243336,107,-13.0,40.0,-0.12,265.0,
2025-01-02 07:31:58,259.0,12.0,268.27,22.0,256.0,12.0,275.0,12.0,263.64,9.269999999999982,24.0,34.0,0.7621351586220203,58,-10.0,-49.0,-0.17,265.0,
2025-01-02 07:31:59,259.0,16.0,268.0,40.0,251.0,8.0,270.75,8.0,263.5,9.0,24.0,48.0,0.5665421431879264,72,-24.0,14.0,-0.33,265.0,
2025-01-02 07:32:00,260.96,114.0,268.0,45.0,258.53,17.0,270.0,9.0,264.48,7.0400000000000205,131.0,54.0,0.6602878160378767,185,77.0,113.0,0.42,265.0,
2025-01-02 07:32:01,261.0,77.0,268.0,40.0,259.0,16.0,270.0,8.0,264.5,7.0,93.0,48.0,0.5158682002297872,141,45.0,-44.0,0.32,261.0,5.0
2025-01-02 07:32:02,261.16,97.0,266.48,27.0,260.0,36.0,267.82,39.0,263.82,5.319999999999993,133.0,66.0,0.4721440458252054,199,67.0,58.0,0.34,261.0,
2025-01-02 07:32:03,262.0,88.0,266.77,52.0,261.0,99.0,268.04,23.0,264.38,4.769999999999982,187.0,75.0,0.4513092066513958,262,112.0,63.0,0.43,261.0,
2025-01-02 07:32:04,263.0,104.0,266.87,63.0,261.0,117.0,269.1,21.0,264.94,3.870000000000005,221.0,84.0,0.4005995506843885,305,137.0,43.0,0.45,261.0,
2025-01-02 07:32:05,264.03,58.0,267.17,47.0,262.28,94.0,271.18,11.0,265.6,3.140000000000043,152.0,58.0,0.6653720763668385,210,94.0,-95.0,0.45,261.0,
2025-01-02 07:32:06,265.92,52.0,271.0,9.0,264.47,30.0,272.0,9.0,268.46,5.079999999999984,82.0,18.0,1.8127327436799208,100,64.0,-110.0,0.64,266.0,4.0
2025-01-02 07:32:07,266.8,60.0,270.33,15.0,265.0,30.0,271.8,15.0,268.57,3.5299999999999727,90.0,30.0,1.9877122528198443,120,60.0,20.0,0.5,266.0,
2025-01-02 07:32:08,267.0,28.0,269.29,7.0,265.0,14.0,271.43,7.0,268.14,2.2900000000000205,42.0,14.0,1.731969976648201,56,28.0,-64.0,0.5,266.0,
2025-01-02 07:32:09,267.8,20.0,271.0,9.0,266.88,34.0,274.0,9.0,269.4,3.1999999999999886,54.0,18.0,1.4379082029154526,72,36.0,16.0,0.5,266.0,
2025-01-02 07:32:10,268.0,26.0,271.0,13.0,267.0,52.0,274.0,13.0,269.5,3.0,78.0,26.0,0.6027271356196221,104,52.0,32.0,0.5,266.0,
2025-01-02 07:32:11,268.4,15.0,270.02,56.0,267.14,42.0,271.25,12.0,269.21,1.6200000000000043,57.0,68.0,0.5856876300660213,125,-11.0,21.0,-0.09,268.67,3.0
2025-01-02 07:32:12,267.5,16.0,269.1,50.0,266.57,56.0,273.1,10.0,268.3,1.6000000000000227,72.0,60.0,0.640936814368073,132,12.0,7.0,0.09,268.0,1.0
2025-01-02 07:32:13,267.0,49.0,268.96,78.0,266.0,192.0,272.75,20.0,267.98,1.9599999999999795,241.0,98.0,0.691028219403692,339,143.0,181.5,0.42,267.0,3.0
2025-01-02 07:32:14,267.0,13.0,268.46,65.0,266.0,156.0,274.0,13.0,267.73,1.4599999999999795,169.0,78.0,0.7742286484055549,247,91.0,-92.0,0.37,267.0,
2025-01-02 07:32:15,267.0,15.0,268.0,75.0,266.0,180.0,275.07,15.0,267.5,1.0,195.0,90.0,0.6659053986952557,285,105.0,38.0,0.37,267.0,
2025-01-02 07:32:16,266.02,107.0,268.79,57.0,262.43,84.0,277.71,17.0,267.4,2.7700000000000387,191.0,74.0,0.365950816382664,265,117.0,-20.0,0.44,266.09,11.0
2025-01-02 07:32:17,266.0,18.0,275.33,15.0,263.0,36.0,278.78,9.0,270.67,9.329999999999984,54.0,24.0,1.3678925396432515,78,30.0,-182.5,0.38,266.09,
2025-01-02 07:32:18,266.0,28.0,271.5,56.0,263.0,56.0,274.81,32.0,268.75,5.5,84.0,88.0,1.3723884289849688,172,-4.0,94.0,-0.02,266.09,
2025-01-02 07:32:19,263.2,30.0,270.5,32.0,261.25,32.0,273.14,14.0,266.85,7.300000000000011,62.0,46.0,1.528898296163495,108,16.0,-64.0,0.15,266.0,2.0
2025-01-02 07:32:20,263.0,44.0,268.0,44.0,261.0,44.0,269.0,44.0,265.5,5.0,88.0,88.0,1.9676203902204268,176,0.0,68.0,0.0,266.0,
2025-01-02 07:32:21,263.0,28.0,266.62,13.0,261.0,28.0,267.57,28.0,264.81,3.620000000000005,56.0,41.0,2.4031604191169937,97,15.0,-79.0,0.15,266.0,
2025-01-02 07:32:22,263.0,44.0,265.91,11.0,261.0,44.0,267.18,44.0,264.45,2.910000000000025,88.0,55.0,1.7555398030261322,143,33.0,46.0,0.23,266.0,
2025-01-02 07:32:23,263.0,56.0,264.21,14.0,261.0,56.0,267.09,23.0,263.61,1.2099999999999795,112.0,37.0,1.2179408852681186,149,75.0,6.0,0.5,266.0,
2025-01-02 07:32:24,263.43,53.0,266.39,18.0,261.67,54.0,271.58,48.0,264.91,2.9599999999999795,107.0,66.0,0.6959022919973445,173,41.0,24.0,0.24,263.5,2.0
2025-01-02 07:32:25,264.47,17.0,272.0,44.0,263.73,33.0,273.0,11.0,268.24,7.529999999999973,50.0,55.0,1.7725913234606177,105,-5.0,-68.0,-0.05,263.5,
2025-01-02 07:32:26,263.79,19.0,272.0,44.0,262.7,37.0,273.0,11.0,267.89,8.20999999999998,56.0,55.0,2.1053740760274944,111,1.0,6.0,0.01,264.5,4.0
2025-01-02 07:32:27,263.0,30.0,272.0,40.0,261.0,40.0,273.0,10.0,267.5,9.0,70.0,50.0,2.050329241855905,120,20.0,9.0,0.17,264.5,
2025-01-02 07:32:28,263.0,48.0,271.92,65.0,261.0,64.0,272.79,19.0,267.46,8.920000000000016,112.0,84.0,1.319033737252541,196,28.0,76.0,0.14,264.5,
2025-01-02 07:32:29,263.0,38.0,271.0,70.0,261.0,56.0,272.5,56.0,267.0,8.0,94.0,126.0,0.4694890840168507,220,-32.0,24.0,-0.15,263.0,1.0
2025-01-02 07:32:30,263.0,20.0,270.6,50.0,261.0,40.0,273.0,40.0,266.8,7.600000000000023,60.0,90.0,0.432781700179895,150,-30.0,-70.0,-0.2,263.0,
2025-01-02 07:32:31,262.11,18.0,268.78,45.0,259.62,64.0,273.0,36.0,265.44,6.669999999999959,82.0,81.0,0.8377350416509965,163,1.0,13.0,0.01,262.0,4.0
2025-01-02 07:32:32,261.0,16.0,268.0,30.0,259.0,88.0,272.25,32.0,264.5,7.0,104.0,62.0,1.22955276422334,166,42.0,3.0,0.25,268.0,2.0
2025-01-02 07:32:33,261.0,32.0,266.58,24.0,259.2,179.0,267.84,43.0,263.79,5.579999999999984,211.0,67.0,1.4024549903680843,278,144.0,112.0,0.52,268.0,
2025-01-02 07:32:34,260.94,31.0,263.69,16.0,258.95,124.0,266.0,48.0,262.31,2.75,155.0,64.0,1.6919426704256706,219,91.0,-59.0,0.42,259.8,5.0
2025-01-02 07:32:35,258.14,14.0,261.29,17.0,252.69,26.0,264.4,35.0,259.72,3.150000000000034,40.0,52.0,2.2330853096120564,92,-12.0,-127.0,-0.13,259.0,1.0
2025-01-02 07:32:36,254.33,15.0,259.69,13.0,252.3,23.0,269.85,39.0,257.01,5.359999999999985,38.0,52.0,3.091234381279272,90,-14.0,-2.0,-0.16,259.0,
2025-01-02 07:32:37,255.0,18.0,266.68,50.0,249.36,88.0,268.03,37.0,260.84,11.680000000000009,106.0,87.0,2.5850783353705373,193,19.0,103.0,0.1,258.5,2.0
2025-01-02 07:32:38,255.83,18.0,265.11,47.0,249.15,80.0,266.49,55.0,260.47,9.28,98.0,102.0,1.952984894975177,200,-4.0,7.0,-0.02,258.5,
2025-01-02 07:32:39,257.5,26.0,264.56,36.0,251.53,15.0,265.86,37.0,261.03,7.060000000000002,41.0,73.0,1.6456700762913694,114,-32.0,-86.0,-0.28,259.83,6.0
2025-01-02 07:32:40,259.53,45.0,264.33,60.0,249.9,29.0,265.64,45.0,261.93,4.800000000000011,74.0,105.0,1.89240059184132,179,-31.0,65.0,-0.17,263.0,2.0
2025-01-02 07:32:41,261.93,85.0,263.6,30.0,259.43,28.0,266.41,51.0,262.76,1.670000000000016,113.0,81.0,0.9281325336409092,194,32.0,15.0,0.16,262.0,3.0
2025-01-02 07:32:42,262.12,64.0,267.62,45.0,255.77,31.0,275.62,39.0,264.87,5.5,95.0,84.0,1.7231134611521104,179,11.0,-15.0,0.06,265.0,3.0
2025-01-02 07:32:43,261.0,27.0,268.19,21.0,251.0,18.0,272.75,28.0,264.6,7.189999999999998,45.0,49.0,1.6683135196972447,94,-4.0,-85.0,-0.04,265.0,
2025-01-02 07:32:44,261.0,36.0,266.0,48.0,251.0,24.0,268.75,12.0,263.5,5.0,60.0,60.0,1.2343297776547089,120,0.0,26.0,0.0,265.0,
2025-01-02 07:32:45,261.16,32.0,266.0,40.0,257.44,27.0,269.0,10.0,263.58,4.839999999999975,59.0,50.0,0.8639560174021991,109,9.0,-11.0,0.08,265.0,
2025-01-02 07:32:46,262.84,61.0,266.0,52.0,261.0,39.0,269.0,13.0,264.42,3.160000000000025,100.0,65.0,0.6187729793759731,165,35.0,56.0,0.21,263.0,1.0
2025-01-02 07:32:47,262.36,47.0,265.87,46.0,260.23,39.0,267.36,22.0,264.12,3.509999999999991,86.0,68.0,0.4918129725878061,154,18.0,-11.0,0.12,263.0,4.0
2025-01-02 07:32:48,261.0,27.0,263.11,18.0,259.0,27.0,266.48,21.0,262.06,2.1100000000000136,54.0,39.0,0.9088894322221434,93,15.0,-61.0,0.16,263.0,
2025-01-02 07:32:49,261.0,36.0,262.26,23.0,259.0,36.0,295.23,13.0,261.63,1.259999999999991,72.0,36.0,1.248647268048383,108,36.0,15.0,0.33,262.0,2.0
2025-01-02 07:32:50,261.0,48.0,267.12,16.0,259.0,48.0,268.56,64.0,264.06,6.1200000000000045,96.0,80.0,1.3059555888332477,176,16.0,68.0,0.09,262.0,
2025-01-02 07:32:51,261.0,21.0,267.0,7.0,259.0,21.0,268.0,28.0,264.0,6.0,42.0,35.0,1.2234296056597191,77,7.0,-99.0,0.09,262.0,
2025-01-02 07:32:52,262.85,62.0,267.0,12.0,262.36,75.0,268.0,48.0,264.93,4.149999999999977,137.0,60.0,1.4181431521552577,197,77.0,120.0,0.39,262.0,
2025-01-02 07:32:53,263.88,165.0,267.0,16.0,262.58,103.0,268.0,64.0,265.44,3.1200000000000045,268.0,80.0,1.4627269054767218,348,188.0,151.0,0.54,265.0,8.0
2025-01-02 07:32:54,266.0,97.0,267.0,12.0,264.0,12.0,268.0,48.0,266.5,1.0,109.0,60.0,1.0405671530499472,169,49.0,-179.0,0.29,266.0,5.0
2025-01-02 07:32:55,266.0,70.0,267.11,38.0,261.16,69.0,277.4,50.0,266.55,1.1100000000000136,139.0,88.0,1.0816330246469723,227,51.0,58.0,0.22,266.5,2.0
2025-01-02 07:32:56,266.0,24.0,268.2,20.0,263.0,6.0,280.35,23.0,267.1,2.1999999999999886,30.0,43.0,0.8897921105558982,73,-13.0,-154.0,-0.18,266.0,3.0
2025-01-02 07:32:57,266.0,18.0,270.0,36.0,263.0,9.0,274.0,45.0,268.0,4.0,27.0,81.0,0.9352112060962708,108,-54.0,35.0,-0.5,266.0,
2025-01-02 07:32:58,266.14,14.0,270.0,32.0,264.2,10.0,274.0,40.0,268.07,3.8600000000000136,24.0,72.0,0.7598881496697315,96,-48.0,-12.0,-0.5,266.0,
2025-01-02 07:32:59,266.05,21.0,270.0,44.0,263.5,12.0,274.0,55.0,268.02,3.9499999999999886,33.0,99.0,0.6885274141301533,132,-66.0,36.0,-0.5,266.0,
2025-01-02 07:33:00,266.0,30.0,269.85,52.0,263.0,15.0,273.1,71.0,267.92,3.850000000000023,45.0,123.0,0.4072100195341464,168,-78.0,36.0,-0.46,266.0,
2025-01-02 07:33:01,266.0,20.0,270.65,34.0,263.0,10.0,273.36,47.0,268.32,4.649999999999977,30.0,81.0,0.1519210321489647,111,-51.0,-57.0,-0.46,269.0,2.0
2025-01-02 07:33:02,266.57,42.0,271.0,52.0,265.18,33.0,275.0,65.0,268.79,4.430000000000007,75.0,117.0,0.3490415448185625,192,-42.0,81.0,-0.22,267.5,4.0
2025-01-02 07:33:03,266.0,40.0,269.8,40.0,263.0,10.0,273.87,46.0,267.9,3.8000000000000114,50.0,86.0,0.3750999866826283,136,-36.0,-56.0,-0.26,267.5,
2025-01-02 07:33:04,266.0,40.0,268.55,29.0,263.0,10.0,271.98,41.0,267.28,2.550000000000012,50.0,70.0,0.5595712644598564,120,-20.0,-16.0,-0.17,267.5,
2025-01-02 07:33:05,266.0,44.0,270.0,12.0,263.0,12.0,274.31,84.0,268.0,4.0,56.0,96.0,0.5563452165779945,152,-40.0,32.0,-0.26,266.0,2.0
2025-01-02 07:33:06,262.58,31.0,269.44,18.0,260.32,77.0,272.67,45.0,266.01,6.860000000000014,108.0,63.0,1.0364024314950355,171,45.0,19.0,0.26,263.0,6.0
2025-01-02 07:33:07,261.25,57.0,266.64,25.0,259.23,87.0,269.84,32.0,263.94,5.389999999999986,144.0,57.0,1.697992932849825,201,87.0,30.0,0.43,268.0,1.0
2025-01-02 07:33:08,261.0,60.0,264.33,12.0,259.0,84.0,268.0,51.0,262.67,3.329999999999984,144.0,63.0,2.241037706065429,207,81.0,6.0,0.39,268.0,
2025-01-02 07:33:09,261.58,24.0,263.44,9.0,260.43,49.0,268.0,27.0,262.51,1.8600000000000136,73.0,36.0,2.3491125984094934,109,37.0,-98.0,0.34,268.0,
2025-01-02 07:33:10,261.33,30.0,267.59,17.0,259.94,53.0,270.34,32.0,264.46,6.259999999999991,83.0,49.0,1.4327142073719954,132,34.0,23.0,0.26,263.0,1.0
2025-01-02 07:33:11,261.41,17.0,269.44,27.0,260.43,49.0,271.55,31.0,265.43,8.029999999999973,66.0,58.0,1.2301503973114336,124,8.0,-8.0,0.06,263.0,
2025-01-02 07:33:12,262.07,14.0,269.0,57.0,261.0,70.0,270.0,47.0,265.54,6.930000000000007,84.0,104.0,1.461393170917997,188,-20.0,64.0,-0.11,263.0,
2025-01-02 07:33:13,261.4,15.0,268.92,39.0,259.7,43.0,269.8,15.0,265.16,7.520000000000039,58.0,54.0,1.2521781023505418,112,4.0,-76.0,0.04,261.67,3.0
2025-01-02 07:33:14,261.0,39.0,268.0,70.0,259.0,91.0,269.64,33.0,264.5,7.0,130.0,103.0,0.5104115986206926,233,27.0,121.0,0.12,261.67,
2025-01-02 07:33:15,260.12,64.0,265.46,68.0,257.87,106.0,266.47,53.0,262.79,5.339999999999975,170.0,121.0,1.1332387215438091,291,49.0,58.0,0.17,261.0,3.0
2025-01-02 07:33:16,259.0,98.0,260.88,43.0,256.0,56.0,263.35,37.0,259.94,1.8799999999999957,154.0,80.0,2.294445466775222,234,74.0,-57.0,0.32,261.0,
2025-01-02 07:33:17,259.74,68.0,261.15,47.0,255.4,60.0,266.56,41.0,260.44,1.4099999999999682,128.0,88.0,2.341747210952639,216,40.0,-18.0,0.19,259.73,11.0
2025-01-02 07:33:18,259.4,15.0,263.17,18.0,254.54,26.0,269.24,17.0,261.28,3.770000000000039,41.0,35.0,1.86072566489629,76,6.0,-140.0,0.08,261.0,3.0
2025-01-02 07:33:19,255.74,61.0,267.35,43.0,252.87,90.0,268.47,43.0,261.54,11.610000000000014,151.0,86.0,1.0971873130888694,237,65.0,161.0,0.27,261.0,
2025-01-02 07:33:20,260.67,30.0,264.65,31.0,256.68,50.0,266.05,44.0,262.66,3.979999999999961,80.0,75.0,1.0505807917543168,155,5.0,-82.0,0.03,261.0,
2025-01-02 07:33:21,262.67,12.0,264.0,16.0,260.5,16.0,267.0,24.0,263.33,1.329999999999984,28.0,40.0,1.1462547709840625,68,-12.0,-87.0,-0.18,263.0,2.0
2025-01-02 07:33:22,260.17,23.0,263.25,16.0,253.88,48.0,267.04,25.0,261.71,3.079999999999984,71.0,41.0,0.8608890753192123,112,30.0,44.0,0.27,263.0,
2025-01-02 07:33:23,259.53,34.0,261.17,24.0,255.81,96.0,267.59,39.0,260.35,1.6400000000000432,130.0,63.0,1.1389776117219246,193,67.0,81.0,0.35,259.5,4.0
2025-01-02 07:33:24,258.78,46.0,269.43,28.0,256.76,50.0,270.4,20.0,264.11,10.650000000000034,96.0,48.0,1.4603150345059852,144,48.0,-49.0,0.33,261.0,2.0
2025-01-02 07:33:25,268.0,10.0,270.0,30.0,267.0,80.0,271.0,20.0,269.0,2.0,90.0,50.0,3.3006665993409854,140,40.0,-4.0,0.29,261.0,
2025-01-02 07:33:26,268.0,7.0,270.0,36.0,267.0,56.0,271.25,16.0,269.0,2.0,63.0,52.0,4.034257056758531,115,11.0,-25.0,0.1,261.0,
2025-01-02 07:33:27,268.0,4.0,270.0,24.0,267.0,32.0,271.57,7.0,269.0,2.0,36.0,31.0,3.939171232633452,67,5.0,-48.0,0.07,261.0,
2025-01-02 07:33:28,268.0,11.0,270.0,60.0,267.0,88.0,271.0,11.0,269.0,2.0,99.0,71.0,2.186874481996647,170,28.0,103.0,0.16,261.0,
2025-01-02 07:33:29,268.0,5.0,270.0,15.0,267.0,40.0,271.0,5.0,269.0,2.0,45.0,20.0,0.0,65,25.0,-105.0,0.38,261.0,
2025-01-02 07:33:30,268.0,7.0,270.0,21.0,267.0,56.0,271.0,7.0,269.0,2.0,63.0,28.0,0.0,91,35.0,26.0,0.38,261.0,
2025-01-02 07:33:31,268.0,7.0,270.0,21.0,267.0,56.0,271.0,7.0,269.0,2.0,63.0,28.0,0.0,91,35.0,0.0,0.38,261.0,
2025-01-02 07:33:32,268.0,10.0,270.0,30.0,267.0,80.0,271.0,10.0,269.0,2.0,90.0,40.0,0.0,130,50.0,39.0,0.38,261.0,
2025-01-02 07:33:33,267.14,35.0,270.0,33.0,266.74,46.0,271.0,11.0,268.57,2.8600000000000136,81.0,44.0,0.1923018460874769,125,37.0,-5.0,0.3,267.25,4.0
2025-01-02 07:33:34,267.0,50.0,269.9,30.0,265.0,10.0,270.75,12.0,268.45,2.8999999999999773,60.0,42.0,0.2717167643127424,102,18.0,-23.0,0.18,267.25,
2025-01-02 07:33:35,267.0,38.0,268.43,28.0,265.0,9.0,270.97,31.0,267.71,1.4300000000000068,47.0,59.0,0.5293675471809876,106,-12.0,4.0,-0.11,267.0,4.0
2025-01-02 07:33:36,267.0,9.0,271.0,32.0,265.0,9.0,274.67,9.0,269.0,4.0,18.0,41.0,0.5293675471809876,59,-23.0,-47.0,-0.39,267.0,
2025-01-02 07:33:37,267.0,10.0,271.15,26.0,265.0,10.0,277.0,16.0,269.08,4.149999999999977,20.0,42.0,0.5474212272175956,62,-22.0,3.0,-0.35,267.0,
2025-01-02 07:33:38,267.0,5.0,269.0,25.0,265.0,5.0,273.0,5.0,268.0,2.0,10.0,30.0,0.6019717601419059,40,-20.0,-22.0,-0.5,264.67,3.0
2025-01-02 07:33:39,261.52,33.0,270.39,23.0,259.33,48.0,273.84,19.0,265.95,8.870000000000005,81.0,42.0,1.2688065258375902,123,39.0,83.0,0.32,261.2,5.0
2025-01-02 07:33:40,261.62,73.0,273.0,21.0,260.0,42.0,274.0,42.0,267.31,11.379999999999995,115.0,63.0,1.2997961378647065,178,52.0,55.0,0.29,261.0,1.0
2025-01-02 07:33:41,260.71,49.0,271.39,54.0,258.16,80.0,272.07,29.0,266.05,10.680000000000009,129.0,83.0,1.3267516723214017,212,46.0,34.0,0.22,260.0,1.0
2025-01-02 07:33:42,261.23,91.0,269.42,48.0,260.0,13.0,270.26,43.0,265.32,8.189999999999998,104.0,91.0,1.0954588079919472,195,13.0,-17.0,0.07,260.0,
2025-01-02 07:33:43,263.65,108.0,267.62,58.0,262.3,80.0,268.67,72.0,265.63,3.9700000000000273,188.0,130.0,0.7594208319547398,318,58.0,123.0,0.18,267.0,1.0
2025-01-02 07:33:44,265.17,53.0,266.06,32.0,262.31,26.0,268.0,48.0,265.62,0.8899999999999864,79.0,80.0,0.7844297291706751,159,-1.0,-159.0,-0.01,265.75,8.0
2025-01-02 07:33:45,264.0,14.0,265.0,14.0,260.0,7.0,268.0,21.0,264.5,1.0,21.0,35.0,0.5782127636141907,56,-14.0,-103.0,-0.25,265.75,
2025-01-02 07:33:46,260.0,11.0,267.27,33.0,259.0,11.0,269.0,11.0,263.64,7.269999999999982,22.0,44.0,0.8611736178065204,66,-22.0,10.0,-0.33,264.0,2.0
2025-01-02 07:33:47,260.0,11.0,266.0,33.0,259.0,11.0,269.43,14.0,263.0,6.0,22.0,47.0,1.174572262572882,69,-25.0,3.0,-0.36,264.0,
2025-01-02 07:33:48,260.0,13.0,265.45,47.0,259.0,13.0,268.72,57.0,262.72,5.449999999999989,26.0,104.0,1.181981387334459,130,-78.0,61.0,-0.6,264.0,
2025-01-02 07:33:49,260.0,11.0,263.09,33.0,259.0,11.0,265.0,55.0,261.55,3.089999999999975,22.0,88.0,1.0962299028964644,110,-66.0,-20.0,-0.6,264.0,
2025-01-02 07:33:50,260.0,10.0,262.3,30.0,259.0,10.0,265.0,50.0,261.15,2.300000000000012,20.0,80.0,1.0349251180659491,100,-60.0,-10.0,-0.6,264.0,
2025-01-02 07:33:51,259.62,13.0,261.52,46.0,258.17,48.0,264.6,53.0,260.57,1.8999999999999773,61.0,99.0,1.0349251180656964,160,-38.0,60.0,-0.24,260.0,1.0
2025-01-02 07:33:52,258.04,108.0,259.81,64.0,256.84,83.0,266.1,31.0,258.92,1.7699999999999818,191.0,95.0,1.3958044275623376,286,96.0,126.0,0.34,259.0,1.0
2025-01-02 07:33:53,258.79,57.0,266.83,58.0,257.5,96.0,270.08,36.0,262.81,8.039999999999964,153.0,94.0,1.424113759501887,247,59.0,-39.0,0.24,259.0,4.0
2025-01-02 07:33:54,263.0,11.0,266.27,44.0,258.0,88.0,269.36,33.0,264.64,3.269999999999982,99.0,77.0,2.1880287932298867,176,22.0,-71.0,0.12,259.0,
2025-01-02 07:33:55,263.0,12.0,265.42,48.0,258.0,96.0,269.0,36.0,264.21,2.420000000000016,108.0,84.0,2.438062755550688,192,24.0,16.0,0.12,259.0,
2025-01-02 07:33:56,263.0,35.0,265.0,56.0,258.0,112.0,269.0,42.0,264.0,2.0,147.0,98.0,2.3345727660546136,245,49.0,53.0,0.2,259.0,
2025-01-02 07:33:57,263.16,25.0,265.0,40.0,260.55,49.0,269.0,30.0,264.08,1.839999999999975,74.0,70.0,0.6824001758533511,144,4.0,-101.0,0.03,259.0,
2025-01-02 07:33:58,261.38,63.0,264.62,52.0,257.75,56.0,269.67,45.0,263.0,3.240000000000009,119.0,97.0,0.6039701979441686,216,22.0,72.0,0.1,263.8,5.0
2025-01-02 07:33:59,261.0,43.0,264.0,44.0,258.0,69.0,270.66,35.0,262.5,3.0,112.0,79.0,0.7621810808491751,191,33.0,-25.0,0.17,261.0,2.0
2025-01-02 07:34:00,261.0,57.0,263.26,76.0,258.37,129.0,269.89,57.0,262.13,2.259999999999991,186.0,133.0,0.8764245546560907,319,53.0,128.0,0.17,261.0,
2025-01-02 07:34:01,260.28,75.0,262.36,22.0,258.8,105.0,267.25,53.0,261.32,2.080000000000041,180.0,75.0,1.0270735124633292,255,105.0,-64.0,0.41,261.0,3.0
2025-01-02 07:34:02,258.75,101.0,267.38,26.0,254.26,130.0,270.61,38.0,263.07,8.629999999999995,231.0,64.0,0.7173074654592823,295,167.0,40.0,0.57,260.14,7.0
2025-01-02 07:34:03,258.0,77.0,271.0,11.0,252.0,99.0,272.86,35.0,264.5,13.0,176.0,46.0,1.1880782802508532,222,130.0,-73.0,0.59,260.14,
2025-01-02 07:34:04,258.71,59.0,269.51,63.0,252.98,96.0,273.52,69.0,264.11,10.800000000000011,155.0,132.0,1.328807736282437,287,23.0,65.0,0.08,258.0,5.0
2025-01-02 07:34:05,264.53,38.0,268.12,113.0,257.53,38.0,269.91,70.0,266.32,3.590000000000032,76.0,183.0,1.843862793161302,259,-107.0,-28.0,-0.41,258.0,
2025-01-02 07:34:06,259.9,62.0,268.3,64.0,254.92,83.0,270.15,66.0,264.1,8.400000000000034,145.0,130.0,1.1871604777808884,275,15.0,16.0,0.05,265.0,2.0
2025-01-02 07:34:07,260.0,96.0,267.17,36.0,259.0,24.0,271.0,24.0,263.58,7.170000000000016,120.0,60.0,1.0569389764811463,180,60.0,-95.0,0.33,265.0,
2025-01-02 07:34:08,260.97,93.0,265.73,45.0,259.81,84.0,271.76,42.0,263.35,4.759999999999991,177.0,87.0,1.1807921070217344,264,90.0,84.0,0.34,265.0,
2025-01-02 07:34:09,262.0,70.0,264.07,42.0,260.0,112.0,271.0,56.0,263.04,2.069999999999993,182.0,98.0,1.3117240563489931,280,84.0,16.0,0.3,265.0,
2025-01-02 07:34:10,262.0,22.0,271.0,44.0,260.0,88.0,272.0,83.0,266.5,9.0,110.0,127.0,1.3888412436289084,237,-17.0,-43.0,-0.07,262.0,3.0
2025-01-02 07:34:11,260.21,71.0,271.43,63.0,259.68,37.0,272.24,51.0,265.82,11.220000000000027,108.0,114.0,1.5838307990454528,222,-6.0,-15.0,-0.03,262.33,3.0
2025-01-02 07:34:12,263.0,61.0,272.0,108.0,260.11,54.0,274.0,24.0,267.5,9.0,115.0,132.0,1.964922390326287,247,-17.0,25.0,-0.07,263.0,1.0
2025-01-02 07:34:13,264.91,22.0,272.0,90.0,262.84,38.0,274.0,20.0,268.45,7.089999999999975,60.0,110.0,2.058718047719608,170,-50.0,-77.0,-0.29,263.0,
2025-01-02 07:34:14,269.0,7.0,272.0,63.0,263.0,35.0,274.0,14.0,270.5,3.0,42.0,77.0,1.830458958842788,119,-35.0,-51.0,-0.29,263.0,
2025-01-02 07:34:15,269.0,7.0,272.0,63.0,263.0,35.0,274.0,14.0,270.5,3.0,42.0,77.0,2.0106168207812654,119,-35.0,0.0,-0.29,263.0,
2025-01-02 07:34:16,269.0,7.0,272.0,63.0,263.0,35.0,274.0,14.0,270.5,3.0,42.0,77.0,1.423200618328065,119,-35.0,0.0,-0.29,263.0,
2025-01-02 07:34:17,269.0,9.0,272.0,81.0,266.0,27.0,274.0,18.0,270.5,3.0,36.0,99.0,0.9167878707802936,135,-63.0,16.0,-0.47,263.0,
2025-01-02 07:34:18,269.0,13.0,271.03,33.0,266.0,39.0,272.7,46.0,270.02,2.0299999999999727,52.0,79.0,0.2146625258635048,131,-27.0,-4.0,-0.21,263.0,
2025-01-02 07:34:19,266.07,40.0,269.35,46.0,263.13,68.0,272.29,28.0,267.71,3.2800000000000296,108.0,74.0,1.212014851398115,182,34.0,51.0,0.19,269.0,1.0
2025-01-02 07:34:20,266.0,27.0,268.22,45.0,263.0,72.0,270.0,18.0,267.11,2.2200000000000277,99.0,63.0,1.6306041825068711,162,36.0,-20.0,0.22,269.0,
2025-01-02 07:34:21,263.54,56.0,267.16,55.0,261.79,134.0,268.68,47.0,265.35,3.620000000000005,190.0,102.0,2.1291946834444,292,88.0,130.0,0.3,265.25,4.0
2025-01-02 07:34:22,263.0,59.0,264.16,38.0,260.0,99.0,268.57,21.0,263.58,1.160000000000025,158.0,59.0,2.4368483744391383,217,99.0,-75.0,0.46,263.0,3.0
2025-01-02 07:34:23,260.0,126.0,267.83,23.0,257.36,44.0,274.72,53.0,263.91,7.829999999999984,170.0,76.0,1.8512212185488683,246,94.0,29.0,0.38,263.0,8.0
2025-01-02 07:34:24,260.0,81.0,269.32,25.0,259.0,18.0,271.67,12.0,264.66,9.319999999999991,99.0,37.0,1.4021661813084187,136,62.0,-110.0,0.46,263.0,
2025-01-02 07:34:25,260.05,119.0,268.29,70.0,259.26,35.0,270.0,14.0,264.17,8.240000000000009,154.0,84.0,0.6916863451048284,238,70.0,102.0,0.29,263.0,
2025-01-02 07:34:26,263.0,26.0,266.59,37.0,260.3,53.0,268.0,41.0,264.8,3.589999999999975,79.0,78.0,0.5094408699784274,157,1.0,-81.0,0.01,263.0,
2025-01-02 07:34:27,263.0,16.0,265.0,40.0,260.2,40.0,267.0,8.0,264.0,2.0,56.0,48.0,0.3994621383866654,104,8.0,-53.0,0.08,263.0,
2025-01-02 07:34:28,263.0,24.0,264.17,60.0,260.0,108.0,267.0,12.0,263.58,1.170000000000016,132.0,72.0,0.4970110662796225,204,60.0,100.0,0.29,263.0,
2025-01-02 07:34:29,260.52,58.0,264.95,20.0,259.9,80.0,272.73,45.0,262.73,4.430000000000007,138.0,65.0,0.7672222624533701,203,73.0,-1.0,0.36,263.0,2.0
2025-01-02 07:34:30,261.25,60.0,263.98,44.0,259.99,155.0,268.34,38.0,262.61,2.730000000000018,215.0,82.0,0.9112793205180216,297,133.0,94.0,0.45,263.0,1.0
2025-01-02 07:34:31,260.16,49.0,264.0,27.0,259.78,45.0,271.0,27.0,262.08,3.839999999999975,94.0,54.0,0.775854367780005,148,40.0,-149.0,0.27,261.0,2.0
2025-01-02 07:34:32,260.0,125.0,262.62,48.0,259.0,32.0,270.64,56.0,261.31,2.6200000000000045,157.0,104.0,0.8391483778229163,261,53.0,113.0,0.2,260.0,3.0
2025-01-02 07:34:33,260.0,43.0,261.55,33.0,259.0,22.0,270.28,53.0,260.77,1.5500000000000114,65.0,86.0,0.8441563836176026,151,-21.0,-110.0,-0.14,260.43,7.0
2025-01-02 07:34:34,260.65,17.0,270.0,21.0,259.08,13.0,271.0,35.0,265.32,9.350000000000025,30.0,56.0,1.768917748229925,86,-26.0,-65.0,-0.3,260.43,
2025-01-02 07:34:35,261.0,99.0,269.91,23.0,259.1,30.0,270.85,41.0,265.46,8.910000000000025,129.0,64.0,2.2421351431176872,193,65.0,107.0,0.34,260.43,
2025-01-02 07:34:36,261.41,97.0,268.27,11.0,260.11,79.0,270.0,33.0,264.84,6.859999999999957,176.0,44.0,2.301662442671357,220,132.0,27.0,0.6,260.43,
2025-01-02 07:34:37,263.05,79.0,267.87,52.0,261.22,185.0,270.16,79.0,265.46,4.819999999999993,264.0,131.0,2.0285216291685595,395,133.0,175.0,0.34,260.43,
2025-01-02 07:34:38,261.84,56.0,267.0,14.0,260.55,154.0,268.0,42.0,264.42,5.160000000000025,210.0,56.0,0.4576024475517283,266,154.0,-129.0,0.58,264.0,1.0
2025-01-02 07:34:39,263.42,12.0,267.0,12.0,261.0,132.0,268.0,36.0,265.21,3.579999999999984,144.0,48.0,0.4469004363449563,192,96.0,-74.0,0.5,264.0,
2025-01-02 07:34:40,262.62,24.0,266.0,14.0,260.93,148.0,271.71,42.0,264.31,3.3799999999999955,172.0,56.0,0.4945401904851483,228,116.0,36.0,0.51,264.0,1.0
2025-01-02 07:34:41,261.0,110.0,265.0,10.0,259.0,50.0,272.0,65.0,263.0,4.0,160.0,75.0,0.9638723981963236,235,85.0,7.0,0.36,264.0,
2025-01-02 07:34:42,261.0,121.0,263.64,11.0,259.0,55.0,269.24,25.0,262.32,2.6399999999999864,176.0,36.0,1.1672060657845216,212,140.0,-23.0,0.66,264.0,
2025-01-02 07:34:43,261.0,96.0,267.47,17.0,259.0,45.0,268.88,17.0,264.24,6.470000000000027,141.0,34.0,1.1479242135281165,175,107.0,-37.0,0.61,262.5,2.0
2025-01-02 07:34:44,261.0,140.0,271.0,70.0,259.0,70.0,272.0,42.0,266.0,10.0,210.0,112.0,1.4118002691614475,322,98.0,147.0,0.3,262.5,
2025-01-02 07:34:45,261.0,130.0,270.25,56.0,259.0,65.0,271.31,55.0,265.62,9.25,195.0,111.0,1.598899621616257,306,84.0,-16.0,0.27,262.5,
2025-01-02 07:34:46,260.2,50.0,269.05,19.0,258.79,19.0,270.45,11.0,264.63,8.850000000000023,69.0,30.0,1.4424007764851408,99,39.0,-182.5,0.39,262.5,
2025-01-02 07:34:47,259.0,39.0,269.61,28.0,258.0,16.0,270.82,55.0,264.3,10.610000000000014,55.0,83.0,0.8031313715733612,138,-28.0,39.0,-0.2,259.0,1.0
2025-01-02 07:34:48,260.83,18.0,268.46,28.0,258.79,28.0,270.56,52.0,264.65,7.6299999999999955,46.0,80.0,0.7290061728170777,126,-34.0,-12.0,-0.27,265.0,5.0
2025-01-02 07:34:49,264.79,19.0,272.26,27.0,259.0,37.0,276.91,87.0,268.52,7.46999999999997,56.0,114.0,1.7352607873187136,170,-58.0,44.0,-0.34,265.0,
2025-01-02 07:34:50,267.75,32.0,276.16,38.0,262.43,46.0,313.0,64.0,271.95,8.410000000000025,78.0,102.0,3.356404326061953,180,-24.0,10.0,-0.13,270.0,1.0
2025-01-02 07:34:51,267.0,36.0,275.48,29.0,260.0,27.0,317.15,33.0,271.24,8.480000000000018,63.0,62.0,3.5775648142289294,125,1.0,-55.0,0.01,270.0,
2025-01-02 07:34:52,267.84,76.0,271.0,33.0,265.46,41.0,276.0,32.0,269.42,3.160000000000025,117.0,65.0,2.8691340156935903,182,52.0,57.0,0.29,270.0,
2025-01-02 07:34:53,268.0,110.0,270.95,44.0,267.0,60.0,275.85,101.0,269.48,2.9499999999999886,170.0,145.0,1.419760543194179,315,25.0,133.0,0.08,268.0,5.0
2025-01-02 07:34:54,267.73,33.0,270.0,22.0,264.23,53.0,271.0,33.0,268.86,2.269999999999982,86.0,55.0,1.329097438117723,141,31.0,-174.0,0.22,267.75,4.0
2025-01-02 07:34:55,267.25,36.0,272.1,51.0,260.88,72.0,274.5,50.0,269.67,4.850000000000023,108.0,101.0,0.894304198810809,209,7.0,68.0,0.03,269.0,2.0
2025-01-02 07:34:56,267.27,22.0,273.0,30.0,261.73,51.0,276.0,50.0,270.14,5.730000000000018,73.0,80.0,0.4620389594075384,153,-7.0,-56.0,-0.05,269.0,
2025-01-02 07:34:57,269.0,9.0,272.65,23.0,267.0,27.0,275.03,37.0,270.83,3.649999999999977,36.0,60.0,0.7381260055103551,96,-24.0,-57.0,-0.25,269.0,
2025-01-02 07:34:58,269.0,13.0,271.31,26.0,267.0,39.0,273.0,39.0,270.15,2.3100000000000023,52.0,65.0,0.7271519786198816,117,-13.0,21.0,-0.11,269.0,
2025-01-02 07:34:59,267.0,33.0,275.59,39.0,261.0,44.0,277.57,49.0,271.29,8.589999999999975,77.0,88.0,0.6400624969573496,165,-11.0,48.0,-0.07,269.0,1.0
2025-01-02 07:35:00,267.0,39.0,274.44,25.0,262.43,42.0,276.34,62.0,270.72,7.439999999999998,81.0,87.0,0.4883953316847608,168,-6.0,3.0,-0.04,269.0,
2025-01-02 07:35:01,265.86,42.0,272.04,56.0,261.25,72.0,273.25,40.0,268.95,6.180000000000007,114.0,96.0,0.9005109660694072,210,18.0,42.0,0.09,266.0,4.0
2025-01-02 07:35:02,263.0,30.0,268.79,39.0,260.0,105.0,270.16,51.0,265.9,5.7900000000000205,135.0,90.0,2.140647098428522,225,45.0,15.0,0.2,266.0,
2025-01-02 07:35:03,260.67,72.0,265.84,56.0,259.5,112.0,266.95,57.0,263.25,5.169999999999959,184.0,113.0,3.3946678777178296,297,71.0,72.0,0.24,263.0,2.0
2025-01-02 07:35:04,261.86,50.0,264.29,28.0,259.45,64.0,270.06,36.0,263.07,2.430000000000007,114.0,64.0,3.406753586628749,178,50.0,-119.0,0.28,263.0,9.0
2025-01-02 07:35:05,260.0,27.0,264.47,17.0,259.0,63.0,269.0,14.0,262.24,4.470000000000027,90.0,31.0,2.752811290300571,121,59.0,-57.0,0.49,263.0,
2025-01-02 07:35:06,260.0,32.0,262.16,19.0,259.0,77.0,265.56,18.0,261.08,2.160000000000025,109.0,37.0,1.7806656058915389,146,72.0,25.0,0.49,260.0,1.0
2025-01-02 07:35:07,260.0,15.0,264.64,11.0,259.0,70.0,269.98,46.0,262.32,4.639999999999986,85.0,57.0,0.8581200382257176,142,28.0,-4.0,0.2,260.5,2.0
2025-01-02 07:35:08,260.0,5.0,269.56,9.0,259.0,35.0,270.14,21.0,264.78,9.560000000000002,40.0,30.0,1.364155416367488,70,10.0,-72.0,0.14,269.0,1.0
2025-01-02 07:35:09,264.5,14.0,268.91,55.0,259.52,23.0,273.0,11.0,266.7,4.410000000000025,37.0,66.0,2.274088828521301,103,-29.0,33.0,-0.28,269.0,2.0
2025-01-02 07:35:10,262.69,13.0,267.0,35.0,260.86,7.0,273.0,7.0,264.85,4.310000000000002,20.0,42.0,2.2335577001738383,62,-22.0,-41.0,-0.35,269.0,
2025-01-02 07:35:11,264.21,19.0,266.14,35.0,261.33,9.0,268.71,21.0,265.18,1.9300000000000068,28.0,56.0,1.573365818875716,84,-28.0,22.0,-0.33,265.33,3.0
2025-01-02 07:35:12,262.87,23.0,266.0,32.0,261.85,13.0,273.0,8.0,264.43,3.1299999999999955,36.0,40.0,0.8862110358186613,76,-4.0,-8.0,-0.05,265.33,
2025-01-02 07:35:13,263.21,34.0,266.0,52.0,262.56,48.0,273.0,13.0,264.6,2.7900000000000205,82.0,65.0,0.91025820513014,147,17.0,71.0,0.12,263.5,4.0
2025-01-02 07:35:14,263.0,28.0,266.0,32.0,260.0,8.0,273.75,8.0,264.5,3.0,36.0,40.0,0.3062188759799671,76,-4.0,-71.0,-0.05,263.0,1.0
2025-01-02 07:35:15,263.4,30.0,266.0,48.0,261.5,12.0,274.0,12.0,264.7,2.6000000000000227,42.0,60.0,0.2965130688627569,102,-18.0,26.0,-0.18,263.0,
2025-01-02 07:35:16,264.07,28.0,266.0,56.0,263.0,14.0,274.0,14.0,265.04,1.9300000000000068,42.0,70.0,0.2387048386740113,112,-28.0,10.0,-0.25,263.0,
2025-01-02 07:35:17,263.27,15.0,266.0,30.0,260.18,17.0,273.86,14.0,264.63,2.730000000000018,32.0,44.0,0.2063492185747648,76,-12.0,-36.0,-0.16,266.0,2.0
2025-01-02 07:35:18,259.46,56.0,266.0,28.0,255.74,42.0,273.04,26.0,262.73,6.5400000000000205,98.0,54.0,0.9109610310030426,152,44.0,76.0,0.29,260.25,4.0
2025-01-02 07:35:19,259.62,78.0,265.74,38.0,256.39,69.0,273.04,25.0,262.68,6.1200000000000045,147.0,63.0,1.1526187574414477,210,84.0,58.0,0.4,260.25,
2025-01-02 07:35:20,261.0,108.0,264.04,98.0,259.0,108.0,265.23,70.0,262.52,3.0400000000000205,216.0,168.0,1.211631131989257,384,48.0,174.0,0.12,260.25,
2025-01-02 07:35:21,261.0,108.0,263.65,92.0,259.0,113.0,265.0,64.0,262.33,2.6499999999999773,221.0,156.0,0.9366269267991204,377,65.0,-7.0,0.17,260.25,
2025-01-02 07:35:22,261.0,60.0,263.0,40.0,259.0,70.0,267.0,40.0,262.0,2.0,130.0,80.0,0.2971026758627488,210,50.0,-167.0,0.24,260.25,
2025-01-02 07:35:23,261.0,84.0,262.62,64.0,259.0,112.0,267.0,66.0,261.81,1.6200000000000043,196.0,130.0,0.3600972091042594,326,66.0,116.0,0.2,261.0,3.0
2025-01-02 07:35:24,260.18,51.0,263.85,52.0,258.53,76.0,268.95,43.0,262.01,3.670000000000016,127.0,95.0,0.2853594224913373,222,32.0,-104.0,0.14,261.0,3.0
2025-01-02 07:35:25,259.0,112.0,269.0,28.0,253.0,32.0,269.63,19.0,264.0,10.0,144.0,47.0,0.8973015100872122,191,97.0,-31.0,0.51,261.0,
2025-01-02 07:35:26,259.0,91.0,264.06,31.0,253.0,26.0,265.21,19.0,261.53,5.060000000000002,117.0,50.0,0.9864836542004553,167,67.0,-24.0,0.4,261.0,
2025-01-02 07:35:27,259.9,68.0,261.4,30.0,258.89,114.0,262.54,74.0,260.65,1.5,182.0,104.0,1.23284224457329,286,78.0,119.0,0.27,260.0,1.0
2025-01-02 07:35:28,259.04,67.0,260.5,32.0,252.96,51.0,263.0,42.0,259.77,1.4599999999999795,118.0,74.0,1.595625269292346,192,44.0,-94.0,0.23,259.3,10.0
2025-01-02 07:35:29,252.0,72.0,269.84,77.0,251.0,57.0,271.21,39.0,260.92,17.839999999999975,129.0,116.0,1.5986963439015398,245,13.0,53.0,0.05,259.3,
2025-01-02 07:35:30,252.0,49.0,271.0,58.0,251.0,24.0,273.0,12.0,261.5,19.0,73.0,70.0,0.7234155099276595,143,3.0,-102.0,0.02,259.3,
2025-01-02 07:35:31,252.0,25.0,266.0,5.0,251.0,10.0,271.0,20.0,259.0,14.0,35.0,25.0,0.9867471814014284,60,10.0,-83.0,0.17,259.3,
2025-01-02 07:35:32,252.0,25.0,266.0,5.0,251.0,10.0,271.0,20.0,259.0,14.0,35.0,25.0,1.1338077438452825,60,10.0,0.0,0.17,259.3,
2025-01-02 07:35:33,252.29,34.0,266.0,14.0,251.74,39.0,271.0,56.0,259.15,13.710000000000008,73.0,70.0,1.2022811651204888,143,3.0,83.0,0.02,259.3,
2025-01-02 07:35:34,254.35,17.0,257.18,49.0,252.94,17.0,262.59,27.0,255.77,2.8300000000000125,34.0,76.0,2.039492583953918,110,-42.0,-33.0,-0.38,257.0,4.0
2025-01-02 07:35:35,256.0,13.0,258.0,26.0,251.3,37.0,265.37,38.0,257.0,2.0,50.0,64.0,1.524312959993012,114,-14.0,4.0,-0.12,257.0,
2025-01-02 07:35:36,261.7,101.0,265.0,11.0,251.71,21.0,266.0,22.0,263.35,3.300000000000012,122.0,33.0,2.884064839770961,155,89.0,41.0,0.57,262.2,5.0
2025-01-02 07:35:37,262.02,179.0,264.16,51.0,259.68,65.0,266.26,27.0,263.09,2.140000000000043,244.0,78.0,3.458615329868797,322,166.0,167.0,0.52,263.0,1.0
2025-01-02 07:35:38,262.0,206.0,265.14,14.0,249.39,61.0,267.71,21.0,263.57,3.1399999999999864,267.0,35.0,3.836102188420407,302,232.0,-20.0,0.77,262.0,1.0
2025-01-02 07:35:39,258.21,47.0,263.48,48.0,250.15,47.0,265.04,28.0,260.85,5.270000000000039,94.0,76.0,2.778582372362627,170,18.0,-132.0,0.11,262.0,
2025-01-02 07:35:40,252.0,49.0,259.88,43.0,251.0,19.0,261.52,42.0,255.94,7.8799999999999955,68.0,85.0,3.2200000000006623,153,-17.0,-17.0,-0.11,256.75,4.0
2025-01-02 07:35:41,254.64,59.0,259.0,85.0,253.16,58.0,260.0,16.0,256.82,4.360000000000014,117.0,101.0,3.5212540379818766,218,16.0,65.0,0.07,259.12,8.0
2025-01-02 07:35:42,261.98,159.0,264.68,19.0,256.95,114.0,266.9,41.0,263.33,2.6999999999999886,273.0,60.0,3.57422299248434,333,213.0,115.0,0.64,264.0,1.0
2025-01-02 07:35:43,263.0,88.0,265.5,12.0,259.0,72.0,362.25,24.0,264.25,2.5,160.0,36.0,3.747888739010772,196,124.0,-137.0,0.63,264.0,1.0
2025-01-02 07:35:44,263.0,165.0,265.52,54.0,259.0,135.0,267.11,35.0,264.26,2.519999999999982,300.0,89.0,4.17321818265041,389,211.0,181.5,0.54,264.0,
2025-01-02 07:35:45,263.0,99.0,264.33,15.0,259.0,99.0,265.41,41.0,263.67,1.329999999999984,198.0,56.0,3.1809794089249643,254,142.0,-135.0,0.56,263.0,7.0
2025-01-02 07:35:46,263.0,18.0,264.0,6.0,259.0,54.0,268.0,18.0,263.5,1.0,72.0,24.0,0.4306622806853377,96,48.0,-158.0,0.5,263.0,2.0
2025-01-02 07:35:47,263.0,10.0,264.0,5.0,259.0,47.0,270.0,25.0,263.5,1.0,57.0,30.0,0.3887544212032953,87,27.0,-9.0,0.31,263.0,
2025-01-02 07:35:48,263.0,10.0,264.0,5.0,259.0,55.0,270.0,25.0,263.5,1.0,65.0,30.0,0.3292111784327273,95,35.0,8.0,0.37,263.0,
2025-01-02 07:35:49,259.62,39.0,264.0,6.0,258.17,36.0,270.0,30.0,261.81,4.379999999999996,75.0,36.0,0.7782865796124876,111,39.0,16.0,0.35,263.0,2.0
2025-01-02 07:35:50,259.24,101.0,264.0,10.0,257.25,40.0,270.0,50.0,261.62,4.759999999999991,141.0,60.0,0.9799897958676608,201,81.0,90.0,0.4,263.0,
2025-01-02 07:35:51,261.27,88.0,264.0,11.0,259.0,121.0,270.0,55.0,262.64,2.730000000000018,209.0,66.0,0.8951424467673659,275,143.0,74.0,0.52,263.0,
2025-01-02 07:35:52,262.0,80.0,264.0,10.0,259.0,110.0,270.0,41.0,263.0,2.0,190.0,51.0,0.7935867942478764,241,139.0,-34.0,0.58,263.0,
2025-01-02 07:35:53,262.23,62.0,264.0,13.0,259.0,143.0,270.0,36.0,263.11,1.7699999999999818,205.0,49.0,0.6840540914318022,254,156.0,13.0,0.61,262.33,6.0
2025-01-02 07:35:54,259.48,50.0,269.05,19.0,258.02,41.0,313.75,32.0,264.27,9.569999999999991,91.0,51.0,0.9530320036624552,142,40.0,-112.0,0.28,264.0,1.0
2025-01-02 07:35:55,259.5,32.0,270.0,56.0,258.91,133.0,360.36,70.0,264.75,10.5,165.0,126.0,0.9058863063349876,291,39.0,149.0,0.13,259.4,5.0
2025-01-02 07:35:56,267.4,25.0,270.0,40.0,259.25,40.0,362.71,42.0,268.7,2.6000000000000227,65.0,82.0,2.3229141180865884,147,-17.0,-144.0,-0.12,259.4,
2025-01-02 07:35:57,269.0,60.0,270.0,60.0,261.0,15.0,335.97,73.0,269.5,1.0,75.0,133.0,2.847179305910841,208,-58.0,61.0,-0.28,259.4,
2025-01-02 07:35:58,269.0,28.0,270.0,28.0,261.0,11.0,485.43,35.0,269.5,1.0,39.0,63.0,2.6131264799102136,102,-24.0,-106.0,-0.24,259.4,
2025-01-02 07:35:59,269.0,56.0,270.0,56.0,262.49,59.0,395.5,70.0,269.5,1.0,115.0,126.0,2.064097865898974,241,-11.0,139.0,-0.05,259.4,
2025-01-02 07:36:00,269.0,44.0,270.0,48.0,263.0,48.0,374.32,57.0,269.5,1.0,92.0,105.0,0.3577708764131324,197,-13.0,-44.0,-0.07,269.0,2.0
2025-01-02 07:36:01,269.0,22.0,270.0,44.0,266.46,26.0,311.18,55.0,269.5,1.0,48.0,99.0,0.0,147,-51.0,-50.0,-0.35,269.0,
2025-01-02 07:36:02,268.6,20.0,270.0,40.0,265.14,28.0,451.5,50.0,269.3,1.3999999999999773,48.0,90.0,0.0894427191531261,138,-42.0,-9.0,-0.3,269.0,2.0
2025-01-02 07:36:03,264.3,54.0,269.0,80.0,262.17,48.0,361.34,71.0,266.65,4.699999999999989,102.0,151.0,1.2551892287655335,253,-49.0,115.0,-0.19,268.0,2.0
2025-01-02 07:36:04,260.91,23.0,267.33,45.0,256.69,26.0,270.44,18.0,264.12,6.419999999999959,49.0,63.0,2.392379568548441,112,-14.0,-141.0,-0.12,262.33,6.0
2025-01-02 07:36:05,261.23,52.0,265.26,38.0,259.0,39.0,265.98,53.0,263.25,4.029999999999973,91.0,91.0,2.875279116887063,182,0.0,70.0,0.0,262.33,
2025-01-02 07:36:06,259.23,52.0,262.21,38.0,253.29,75.0,271.2,41.0,260.72,2.9799999999999613,127.0,79.0,3.2857069254583813,206,48.0,24.0,0.23,261.4,5.0
2025-01-02 07:36:07,259.0,24.0,260.6,20.0,253.53,17.0,266.36,28.0,259.8,1.6000000000000227,41.0,48.0,2.7402317420253715,89,-7.0,-117.0,-0.08,259.0,1.0
2025-01-02 07:36:08,254.88,17.0,260.09,58.0,252.1,59.0,263.08,37.0,257.48,5.20999999999998,76.0,95.0,2.67760714071382,171,-19.0,82.0,-0.11,259.0,3.0
2025-01-02 07:36:09,256.88,100.0,258.67,27.0,253.06,34.0,260.04,57.0,257.77,1.7900000000000205,134.0,84.0,2.3586076401132243,218,50.0,47.0,0.23,259.0,
2025-01-02 07:36:10,254.96,159.0,261.76,37.0,251.41,87.0,262.98,53.0,258.36,6.799999999999983,246.0,90.0,1.385633429157788,336,156.0,118.0,0.46,258.67,9.0
2025-01-02 07:36:11,252.0,29.0,269.0,9.0,249.78,41.0,270.0,9.0,260.5,17.0,70.0,18.0,1.3119908536264726,88,52.0,-182.5,0.59,258.67,
2025-01-02 07:36:12,254.25,61.0,266.6,15.0,252.36,77.0,270.0,15.0,260.42,12.350000000000025,138.0,30.0,1.453884452079901,168,108.0,80.0,0.64,258.67,
2025-01-02 07:36:13,263.39,51.0,266.0,16.0,255.33,61.0,269.5,16.0,264.7,2.6100000000000136,112.0,32.0,2.718749712643913,144,80.0,-24.0,0.56,258.67,
2025-01-02 07:36:14,264.17,64.0,267.85,13.0,258.56,54.0,361.0,25.0,266.01,3.680000000000007,118.0,38.0,3.215823378235096,156,80.0,12.0,0.51,266.0,1.0
2025-01-02 07:36:15,264.18,56.0,269.0,10.0,263.0,30.0,374.0,30.0,266.59,4.819999999999993,86.0,40.0,2.9862568543254127,126,46.0,-30.0,0.37,264.0,2.0
2025-01-02 07:36:16,265.0,40.0,269.0,8.0,263.0,24.0,365.12,24.0,267.0,4.0,64.0,32.0,2.673897903811424,96,32.0,-30.0,0.33,264.0,
2025-01-02 07:36:17,265.2,44.0,269.0,10.0,263.83,36.0,303.0,30.0,267.1,3.8000000000000114,80.0,40.0,0.9818604788914014,120,40.0,24.0,0.33,264.0,
2025-01-02 07:36:18,267.93,43.0,269.0,9.0,266.66,29.0,285.78,27.0,268.47,1.0699999999999932,72.0,36.0,0.9101263648580744,108,36.0,-12.0,0.33,264.0,
2025-01-02 07:36:19,267.6,30.0,269.0,10.0,265.4,30.0,287.5,30.0,268.3,1.3999999999999773,60.0,40.0,0.8394462460517185,100,20.0,-8.0,0.2,268.0,5.0
2025-01-02 07:36:20,267.0,36.0,302.17,24.0,263.0,36.0,326.0,36.0,284.58,35.170000000000016,72.0,60.0,7.57094445891756,132,12.0,32.0,0.09,269.0,1.0
2025-01-02 07:36:22,263.0,51.0,376.83,52.0,259.0,17.0,415.1,51.0,319.91,113.82999999999998,68.0,103.0,34.12060184111715,171,-35.0,41.0,-0.2,269.0,
2025-01-02 07:36:23,263.0,30.0,265.75,32.0,259.0,10.0,282.75,16.0,264.38,2.75,40.0,48.0,35.022502766079505,88,-8.0,-83.0,-0.09,269.0,
2025-01-02 07:36:24,261.56,61.0,263.93,30.0,257.67,15.0,265.73,44.0,262.75,2.3700000000000045,76.0,74.0,36.20799566394204,150,2.0,62.0,0.01,263.0,3.0
2025-01-02 07:36:25,261.0,80.0,262.75,16.0,259.0,10.0,268.4,20.0,261.88,1.75,90.0,36.0,39.20311148365701,126,54.0,-24.0,0.43,261.0,2.0
2025-01-02 07:36:26,260.44,36.0,261.14,14.0,254.73,15.0,263.61,23.0,260.79,0.6999999999999886,51.0,37.0,25.73041332742284,88,14.0,-38.0,0.16,259.0,1.0
2025-01-02 07:36:27,255.0,13.0,258.23,61.0,250.0,52.0,263.46,39.0,256.61,3.230000000000018,65.0,100.0,2.9231780650521544,165,-35.0,77.0,-0.21,259.0,
2025-01-02 07:36:28,255.0,12.0,257.0,48.0,250.0,48.0,258.0,84.0,256.0,2.0,60.0,132.0,3.0998758039637506,192,-72.0,27.0,-0.38,259.0,
2025-01-02 07:36:29,255.0,9.0,257.0,36.0,250.0,72.0,258.0,63.0,256.0,2.0,81.0,99.0,2.847934339130417,180,-18.0,-12.0,-0.1,259.0,
2025-01-02 07:36:30,255.89,9.0,257.0,36.0,252.5,16.0,258.0,63.0,256.44,1.1100000000000136,25.0,99.0,2.0425890433459446,124,-74.0,-56.0,-0.6,259.0,
2025-01-02 07:36:31,254.25,16.0,257.0,52.0,253.25,16.0,258.0,91.0,255.62,2.75,32.0,143.0,0.3938019806902291,175,-111.0,51.0,-0.63,255.5,2.0
2025-01-02 07:36:32,249.0,48.0,257.0,48.0,248.0,48.0,258.0,84.0,253.0,8.0,96.0,132.0,1.3792461709189654,228,-36.0,53.0,-0.16,255.5,
2025-01-02 07:36:33,249.0,44.0,257.0,30.0,248.0,44.0,258.0,77.0,253.0,8.0,88.0,107.0,1.6793808382835231,195,-19.0,-33.0,-0.1,257.0,2.0
2025-01-02 07:36:36,252.28,67.0,257.47,45.0,248.62,32.0,263.12,16.0,254.88,5.190000000000026,99.0,61.0,1.499506585511145,160,38.0,76.0,0.24,253.67,6.0
2025-01-02 07:36:37,250.02,43.0,258.0,54.0,247.1,40.0,263.8,15.0,254.01,7.97999999999999,83.0,69.0,1.5913296327259028,152,14.0,-8.0,0.09,253.67,
2025-01-02 07:36:38,250.56,48.0,258.0,88.0,248.78,46.0,263.0,10.0,254.28,7.439999999999998,94.0,98.0,1.6828101497174006,192,-4.0,40.0,-0.02,253.67,
2025-01-02 07:36:39,252.87,61.0,258.0,130.0,251.77,65.0,263.0,13.0,255.43,5.129999999999996,126.0,143.0,1.867075252900271,269,-17.0,77.0,-0.06,253.67,
2025-01-02 07:36:40,255.77,257.0,258.0,122.0,255.07,145.0,263.0,13.0,256.88,2.2299999999999898,402.0,135.0,1.1386527126363843,537,267.0,181.5,0.5,258.0,2.0
2025-01-02 07:36:41,256.14,85.0,257.77,62.0,254.67,540.0,258.52,110.0,256.96,1.6299999999999957,625.0,172.0,1.3918225461583509,797,453.0,181.5,0.57,256.67,3.0
2025-01-02 07:36:42,254.37,169.0,258.0,60.0,253.67,180.0,262.0,42.0,256.18,3.629999999999996,349.0,102.0,1.117711948578551,451,247.0,-182.5,0.55,258.0,4.0
2025-01-02 07:36:43,256.45,55.0,258.0,44.0,250.92,49.0,262.0,33.0,257.23,1.5500000000000114,104.0,77.0,0.7296780111775397,181,27.0,-182.5,0.15,258.0,
2025-01-02 07:36:44,250.95,38.0,261.48,31.0,248.67,24.0,265.75,48.0,256.22,10.53000000000003,62.0,79.0,0.4694464825687892,141,-17.0,-40.0,-0.12,258.0,4.0
2025-01-02 07:36:45,251.93,15.0,262.0,45.0,248.47,34.0,266.0,75.0,256.97,10.069999999999991,49.0,120.0,0.4799687489787621,169,-71.0,28.0,-0.42,258.0,
2025-01-02 07:36:46,253.47,17.0,260.29,48.0,248.23,31.0,265.27,60.0,256.88,6.820000000000022,48.0,108.0,0.4708821508575375,156,-60.0,-13.0,-0.38,258.0,
2025-01-02 07:36:47,255.57,21.0,257.0,31.0,250.5,28.0,260.74,19.0,256.29,1.4300000000000068,49.0,50.0,0.4424590376478332,99,-1.0,-57.0,-0.01,256.75,4.0
2025-01-02 07:36:48,255.47,15.0,263.82,78.0,250.13,23.0,269.21,43.0,259.64,8.349999999999994,38.0,121.0,1.405115653601837,159,-83.0,60.0,-0.52,262.43,7.0
2025-01-02 07:36:49,257.0,13.0,260.8,75.0,256.0,13.0,265.27,71.0,258.9,3.8000000000000114,26.0,146.0,1.448319716084023,172,-120.0,13.0,-0.7,262.43,
2025-01-02 07:36:56,249.0,8.0,257.0,4.0,243.0,16.0,258.0,28.0,253.0,8.0,24.0,32.0,0.6453526167835123,56,-8.0,-83.0,-0.14,262.43,
2025-01-02 07:36:57,249.0,16.0,257.9,20.0,243.0,32.0,259.17,36.0,253.45,8.899999999999977,48.0,56.0,0.7836580887031132,104,-8.0,48.0,-0.08,257.83,6.0
2025-01-02 07:36:58,249.0,10.0,258.0,25.0,243.0,20.0,261.0,25.0,253.5,9.0,30.0,50.0,0.8935211245348599,80,-20.0,-24.0,-0.25,257.83,
2025-01-02 07:36:59,249.0,12.0,258.0,30.0,243.0,24.0,261.0,30.0,253.5,9.0,36.0,60.0,0.5857644577734843,96,-24.0,16.0,-0.25,257.83,
2025-01-02 07:37:00,249.0,10.0,258.0,25.0,243.0,20.0,261.0,25.0,253.5,9.0,30.0,50.0,0.2190890229816801,80,-20.0,-16.0,-0.25,257.83,
2025-01-02 07:37:01,249.17,36.0,258.0,21.0,245.5,48.0,261.0,45.0,253.58,8.830000000000013,84.0,66.0,0.0466904700259439,150,18.0,70.0,0.12,258.0,4.0
2025-01-02 07:37:02,250.08,50.0,258.0,14.0,248.9,122.0,261.0,70.0,254.04,7.9199999999999875,172.0,84.0,0.2351169921367219,256,88.0,106.0,0.34,250.5,4.0
2025-01-02 07:37:05,253.36,44.0,263.0,50.0,253.48,58.0,265.0,30.0,258.18,9.639999999999986,102.0,80.0,1.9914115596714972,182,22.0,46.0,0.12,250.5,
2025-01-02 07:37:06,256.25,48.0,261.08,48.0,255.02,82.0,264.09,44.0,258.67,4.829999999999984,130.0,92.0,2.4674379424810158,222,38.0,40.0,0.17,250.5,
2025-01-02 07:37:07,258.6,30.0,261.0,36.0,256.78,41.0,265.0,27.0,259.8,2.3999999999999773,71.0,63.0,2.766761644955484,134,8.0,-88.0,0.06,250.5,
2025-01-02 07:37:08,256.1,30.0,260.94,64.0,249.14,35.0,266.31,48.0,258.52,4.839999999999975,65.0,112.0,1.8650817676440936,177,-47.0,43.0,-0.27,258.62,8.0
2025-01-02 07:37:09,251.63,46.0,261.23,62.0,249.62,58.0,268.2,45.0,256.43,9.600000000000025,104.0,107.0,1.2190775200941533,211,-3.0,34.0,-0.01,258.0,4.0
2025-01-02 07:37:10,256.62,79.0,268.0,104.0,253.75,52.0,269.0,39.0,262.31,11.379999999999995,131.0,143.0,2.146725413274925,274,-12.0,63.0,-0.04,258.0,
2025-01-02 07:37:11,258.52,31.0,268.0,56.0,257.41,41.0,465.76,42.0,263.26,9.480000000000018,72.0,98.0,2.7802212142205622,170,-26.0,-104.0,-0.15,258.0,
2025-01-02 07:37:12,258.27,55.0,268.0,55.0,253.0,44.0,358.09,55.0,263.14,9.730000000000018,99.0,110.0,3.0854286574158936,209,-11.0,39.0,-0.05,259.0,4.0
2025-01-02 07:37:13,259.83,60.0,265.48,50.0,257.46,37.0,267.09,46.0,262.66,5.650000000000034,97.0,96.0,2.892913756060608,193,1.0,-16.0,0.01,259.0,
2025-01-02 07:37:14,262.18,49.0,264.94,53.0,260.05,41.0,265.86,35.0,263.56,2.759999999999991,90.0,88.0,0.4978754864492662,178,2.0,-15.0,0.01,259.0,
2025-01-02 07:37:15,263.43,58.0,264.95,58.0,261.1,49.0,269.62,16.0,264.19,1.5199999999999818,107.0,74.0,0.5650840645494328,181,33.0,3.0,0.18,263.0,3.0
2025-01-02 07:37:16,264.0,50.0,266.8,50.0,261.0,40.0,271.32,22.0,265.4,2.800000000000012,90.0,72.0,1.0611785900631363,162,18.0,-19.0,0.11,263.0,
2025-01-02 07:37:17,264.88,40.0,271.0,40.0,261.0,32.0,272.0,8.0,267.94,6.1200000000000045,72.0,48.0,2.043061428349601,120,24.0,-42.0,0.2,263.0,
2025-01-02 07:37:18,265.0,55.0,270.7,57.0,261.0,44.0,271.47,19.0,267.85,5.699999999999989,99.0,76.0,2.034150928523142,175,23.0,55.0,0.13,263.0,
2025-01-02 07:37:19,266.64,88.0,269.71,92.0,261.09,67.0,270.43,46.0,268.17,3.069999999999993,155.0,138.0,1.8035104657342524,293,17.0,118.0,0.06,268.0,5.0
2025-01-02 07:37:20,263.0,5.0,270.0,20.0,261.0,20.0,272.0,5.0,266.5,7.0,25.0,25.0,1.1871267834623511,50,0.0,-182.5,0.0,268.0,
2025-01-02 07:37:21,260.29,31.0,269.23,52.0,258.33,55.0,272.0,13.0,264.76,8.939999999999998,86.0,65.0,1.4346532682197035,151,21.0,101.0,0.14,261.4,5.0
2025-01-02 07:37:22,257.45,58.0,265.44,36.0,254.69,101.0,270.35,49.0,261.45,7.990000000000009,159.0,85.0,2.752222738081274,244,74.0,93.0,0.3,261.4,
2025-01-02 07:37:23,256.0,55.0,258.92,36.0,254.0,121.0,259.37,43.0,257.46,2.920000000000016,176.0,79.0,4.270230672927219,255,97.0,11.0,0.38,258.0,3.0
2025-01-02 07:37:24,256.0,35.0,257.0,7.0,254.0,77.0,258.14,35.0,256.5,1.0,112.0,42.0,4.382177540904154,154,70.0,-101.0,0.45,258.0,
2025-01-02 07:37:25,256.0,32.0,257.0,8.0,254.0,88.0,258.0,40.0,256.5,1.0,120.0,48.0,3.656976893555888,168,72.0,14.0,0.43,256.0,1.0
2025-01-02 07:37:26,256.0,44.0,257.96,47.0,254.0,121.0,262.5,28.0,256.98,1.9599999999999795,165.0,75.0,2.0909375887384294,240,90.0,72.0,0.38,257.0,1.0
2025-01-02 07:37:27,254.89,70.0,258.0,57.0,253.93,87.0,265.0,26.0,256.44,3.1100000000000136,157.0,83.0,0.4400908996988682,240,74.0,0.0,0.31,258.0,2.0
2025-01-02 07:37:28,254.0,50.0,257.33,18.0,252.0,30.0,260.15,26.0,255.67,3.329999999999984,80.0,44.0,0.4715082183771752,124,36.0,-116.0,0.29,258.0,
2025-01-02 07:37:29,254.88,74.0,257.71,41.0,253.47,62.0,262.87,46.0,256.29,2.829999999999984,136.0,87.0,0.4717308554643774,223,49.0,99.0,0.22,257.5,4.0
2025-01-02 07:37:30,262.59,92.0,266.0,26.0,257.14,36.0,267.0,13.0,264.29,3.410000000000025,128.0,39.0,3.583619678481464,167,89.0,-56.0,0.53,257.5,
2025-01-02 07:37:31,264.17,23.0,266.0,18.0,263.0,144.0,267.0,9.0,265.09,1.829999999999984,167.0,27.0,4.704070577702048,194,140.0,27.0,0.72,264.0,4.0
2025-01-02 07:37:32,265.0,9.0,266.67,15.0,263.0,144.0,272.17,29.0,265.83,1.670000000000016,153.0,44.0,5.013290336695562,197,109.0,3.0,0.55,266.0,1.0
2025-01-02 07:37:33,263.06,86.0,267.0,48.0,262.53,38.0,273.0,40.0,265.03,3.9399999999999977,124.0,88.0,3.959732314185903,212,36.0,15.0,0.17,264.0,3.0
2025-01-02 07:37:34,263.0,196.0,265.36,42.0,261.57,23.0,267.0,74.0,264.18,2.3600000000000136,219.0,116.0,0.6721458175207584,335,103.0,123.0,0.31,264.0,
2025-01-02 07:37:35,263.0,164.0,264.37,41.0,262.0,26.0,267.31,65.0,263.68,1.3700000000000043,190.0,106.0,0.8410529115403261,296,84.0,-39.0,0.28,263.0,6.0
2025-01-02 07:37:36,263.0,96.0,267.0,60.0,262.0,24.0,271.0,60.0,265.0,4.0,120.0,120.0,0.8332046567383301,240,0.0,-56.0,0.0,263.0,
2025-01-02 07:37:37,263.0,40.0,267.0,25.0,262.0,10.0,271.0,25.0,265.0,4.0,50.0,50.0,0.617511133511109,100,0.0,-140.0,0.0,263.0,
2025-01-02 07:37:38,263.0,88.0,269.18,55.0,262.0,22.0,273.73,55.0,266.09,6.180000000000007,110.0,110.0,0.9195651146115288,220,0.0,120.0,0.0,267.0,5.0
2025-01-02 07:37:39,263.0,80.0,271.0,50.0,262.0,20.0,276.0,50.0,267.0,8.0,100.0,100.0,1.2553804204349466,200,0.0,-20.0,0.0,267.0,
2025-01-02 07:37:40,263.0,80.0,270.35,43.0,262.0,20.0,272.5,50.0,266.67,7.350000000000023,100.0,93.0,0.928100210113326,193,7.0,-7.0,0.04,267.0,
2025-01-02 07:37:41,263.0,72.0,270.0,36.0,262.0,18.0,271.0,45.0,266.5,7.0,90.0,81.0,0.7728971471113565,171,9.0,-22.0,0.05,267.0,
2025-01-02 07:37:42,263.0,72.0,269.52,31.0,262.0,18.0,270.88,40.0,266.26,6.519999999999982,90.0,71.0,0.3551478565516854,161,19.0,-10.0,0.12,267.0,
2025-01-02 07:37:43,263.0,82.0,268.29,51.0,261.09,33.0,269.43,47.0,265.65,5.2900000000000205,115.0,98.0,0.5058952460867155,213,17.0,52.0,0.08,263.0,3.0
2025-01-02 07:37:44,263.0,60.0,265.9,41.0,261.0,48.0,267.07,43.0,264.45,2.8999999999999773,108.0,84.0,0.9010160930929204,192,24.0,-21.0,0.12,263.0,
2025-01-02 07:37:45,261.49,45.0,264.34,41.0,260.74,27.0,266.26,42.0,262.92,2.849999999999966,72.0,83.0,1.4804830292885311,155,-11.0,-37.0,-0.07,262.62,8.0
2025-01-02 07:37:46,261.0,52.0,264.69,52.0,260.0,13.0,274.0,72.0,262.85,3.6899999999999977,65.0,124.0,1.5503322224640526,189,-59.0,34.0,-0.31,262.62,
2025-01-02 07:37:47,261.0,40.0,263.7,40.0,254.0,15.0,270.05,44.0,262.35,2.6999999999999886,55.0,84.0,1.3695546721505156,139,-29.0,-50.0,-0.21,262.62,
2025-01-02 07:37:48,261.0,48.0,263.0,48.0,251.0,24.0,270.67,42.0,262.0,2.0,72.0,90.0,0.9376726507733903,162,-18.0,23.0,-0.11,262.62,
2025-01-02 07:37:49,261.33,36.0,263.0,32.0,257.61,23.0,268.0,40.0,262.17,1.670000000000016,59.0,72.0,0.409719416195774,131,-13.0,-31.0,-0.1,262.62,
2025-01-02 07:37:50,261.58,52.0,267.49,78.0,260.02,55.0,271.68,38.0,264.53,5.910000000000025,107.0,116.0,1.0286884854066614,223,-9.0,92.0,-0.04,262.27,11.0
2025-01-02 07:37:51,260.09,11.0,268.0,55.0,257.46,39.0,273.0,22.0,264.05,7.910000000000025,50.0,77.0,1.1782189949277737,127,-27.0,-96.0,-0.21,259.4,5.0
2025-01-02 07:37:52,259.0,13.0,272.14,29.0,255.0,39.0,329.84,38.0,265.57,13.139999999999986,52.0,67.0,1.5437551619377856,119,-15.0,-8.0,-0.13,268.0,5.0
2025-01-02 07:37:53,268.55,89.0,270.89,18.0,256.18,17.0,272.56,18.0,269.72,2.339999999999975,106.0,36.0,2.80710170817018,142,70.0,23.0,0.49,268.0,
2025-01-02 07:37:54,269.0,170.0,270.0,20.0,259.0,10.0,271.0,20.0,269.5,1.0,180.0,40.0,2.7370294116092686,220,140.0,78.0,0.64,268.0,
2025-01-02 07:37:55,269.0,147.0,270.0,18.0,259.0,9.0,364.0,24.0,269.5,1.0,156.0,42.0,2.6652710931565013,198,114.0,-22.0,0.58,269.0,2.0
2025-01-02 07:37:56,269.0,180.0,270.0,24.0,259.0,12.0,373.12,50.0,269.5,1.0,192.0,74.0,1.7846904493545652,266,118.0,68.0,0.44,269.0,
2025-01-02 07:37:57,269.0,180.0,270.0,24.0,259.0,12.0,314.25,36.0,269.5,1.0,192.0,60.0,0.0983869911047218,252,132.0,-14.0,0.52,269.0,
2025-01-02 07:37:58,269.0,132.0,270.0,18.0,259.0,9.0,341.5,20.0,269.5,1.0,141.0,38.0,0.0,179,103.0,-73.0,0.58,269.0,3.0
2025-01-02 07:37:59,269.0,120.0,271.91,35.0,259.0,10.0,327.15,13.0,270.46,2.910000000000025,130.0,48.0,0.4293250517019241,178,82.0,-1.0,0.46,269.0,
2025-01-02 07:38:00,269.0,116.0,270.43,46.0,259.0,10.0,271.56,25.0,269.72,1.4300000000000068,126.0,71.0,0.4157884077495765,197,55.0,19.0,0.28,269.0,4.0
2025-01-02 07:38:01,269.0,112.0,270.0,70.0,265.75,32.0,277.0,14.0,269.5,1.0,144.0,84.0,0.4157884077495765,228,60.0,31.0,0.26,269.0,
2025-01-02 07:38:02,269.0,64.0,270.0,50.0,267.0,30.0,277.0,10.0,269.5,1.0,94.0,60.0,0.4157884077495765,154,34.0,-74.0,0.22,269.0,2.0
2025-01-02 07:38:03,269.0,42.0,270.0,35.0,267.0,21.0,277.0,7.0,269.5,1.0,63.0,42.0,0.4157884077495765,105,21.0,-49.0,0.2,269.0,
2025-01-02 07:38:04,268.4,60.0,270.0,65.0,266.11,27.0,277.0,13.0,269.2,1.6000000000000227,87.0,78.0,0.1851485890265936,165,9.0,60.0,0.05,264.6,5.0
2025-01-02 07:38:05,254.0,27.0,263.33,45.0,251.0,90.0,271.4,25.0,258.67,9.329999999999984,117.0,70.0,4.811536137245019,187,47.0,22.0,0.25,264.6,
2025-01-02 07:38:06,254.0,30.0,265.5,50.0,251.0,97.0,272.23,22.0,259.75,11.5,127.0,72.0,5.595679583393912,199,55.0,12.0,0.28,264.6,
2025-01-02 07:38:07,264.64,11.0,270.0,45.0,261.31,39.0,275.89,9.0,267.32,5.360000000000014,50.0,54.0,5.264054520995268,104,-4.0,-95.0,-0.04,266.6,5.0
2025-01-02 07:38:08,259.61,46.0,270.0,50.0,255.91,22.0,275.0,10.0,264.8,10.389999999999986,68.0,60.0,4.614116383448648,128,8.0,24.0,0.06,261.67,3.0
2025-01-02 07:38:09,259.0,49.0,270.0,35.0,255.0,21.0,275.0,7.0,264.5,11.0,70.0,42.0,3.6559362685921855,112,28.0,-16.0,0.25,261.67,
2025-01-02 07:38:10,259.0,21.0,270.0,15.0,255.0,9.0,275.0,3.0,264.5,11.0,30.0,18.0,2.741966447644772,48,12.0,-64.0,0.25,261.67,
2025-01-02 07:38:11,259.0,35.0,270.0,25.0,255.0,15.0,275.0,5.0,264.5,11.0,50.0,30.0,1.2344553454909726,80,20.0,32.0,0.25,261.67,
2025-01-02 07:38:12,259.0,41.0,270.0,45.0,255.0,27.0,275.0,9.0,264.5,11.0,68.0,54.0,0.1341640786884714,122,14.0,42.0,0.11,259.0,4.0
2025-01-02 07:38:13,259.0,25.0,270.0,35.0,255.0,21.0,275.0,7.0,264.5,11.0,46.0,42.0,0.0,88,4.0,-34.0,0.05,259.0,
2025-01-02 07:38:14,259.0,20.0,270.0,20.0,255.0,12.0,275.0,4.0,264.5,11.0,32.0,24.0,0.0,56,8.0,-32.0,0.14,259.0,
2025-01-02 07:38:15,259.0,13.0,270.0,45.0,255.0,27.0,566.33,18.0,264.5,11.0,40.0,63.0,0.0,103,-23.0,47.0,-0.22,259.0,4.0
2025-01-02 07:38:16,259.77,13.0,268.32,22.0,256.43,14.0,314.56,39.0,264.04,8.550000000000011,27.0,61.0,0.2057182539544869,88,-34.0,-15.0,-0.39,259.0,
2025-01-02 07:38:17,260.58,24.0,266.75,24.0,259.0,12.0,269.0,60.0,263.67,6.170000000000016,36.0,84.0,0.3767227097081187,120,-48.0,32.0,-0.4,259.0,
2025-01-02 07:38:18,262.54,26.0,265.14,29.0,259.0,13.0,267.29,62.0,263.84,2.599999999999966,39.0,91.0,0.3793415347805022,130,-52.0,10.0,-0.4,259.0,
2025-01-02 07:38:19,260.6,15.0,264.56,36.0,255.25,12.0,267.08,52.0,262.58,3.95999999999998,27.0,88.0,0.7118848221510627,115,-61.0,-15.0,-0.53,263.0,2.0
2025-01-02 07:38:20,254.57,61.0,262.37,38.0,252.48,71.0,264.61,62.0,258.47,7.800000000000011,132.0,100.0,2.333527372885771,232,32.0,117.0,0.14,259.0,1.0
2025-01-02 07:38:21,254.58,57.0,259.75,52.0,252.96,69.0,261.17,41.0,257.16,5.169999999999988,126.0,93.0,3.1118210102775845,219,33.0,-13.0,0.15,254.0,3.0
2025-01-02 07:38:22,257.83,46.0,268.0,34.0,254.81,80.0,269.59,106.0,262.91,10.170000000000016,126.0,140.0,2.9730573489263152,266,-14.0,47.0,-0.05,258.4,10.0
2025-01-02 07:38:23,263.0,5.0,268.0,10.0,262.0,25.0,269.0,40.0,265.5,5.0,30.0,50.0,3.4284150857218743,80,-20.0,-182.5,-0.25,258.4,
2025-01-02 07:38:24,263.91,33.0,268.0,26.0,262.4,25.0,269.0,104.0,265.95,4.089999999999975,58.0,130.0,4.017682167619322,188,-72.0,108.0,-0.38,258.4,
2025-01-02 07:38:25,263.5,6.0,268.0,8.0,261.0,4.0,269.0,32.0,265.75,4.5,10.0,40.0,3.728207344020516,50,-30.0,-138.0,-0.6,264.0,3.0
2025-01-02 07:38:26,263.0,8.0,268.0,16.0,260.33,12.0,269.0,64.0,265.5,5.0,20.0,80.0,1.2508676988439489,100,-60.0,50.0,-0.6,264.0,
2025-01-02 07:38:27,263.0,10.0,268.0,20.0,261.0,20.0,269.0,80.0,265.5,5.0,30.0,100.0,0.2043281674463608,130,-70.0,30.0,-0.54,264.0,
2025-01-02 07:38:28,263.0,11.0,267.44,16.0,261.0,22.0,268.14,42.0,265.22,4.439999999999998,33.0,58.0,0.2775427895152309,91,-25.0,-39.0,-0.27,264.0,
2025-01-02 07:38:29,263.0,7.0,267.0,7.0,261.0,14.0,268.0,14.0,265.0,4.0,21.0,21.0,0.2892749557282841,42,0.0,-49.0,0.0,264.0,
2025-01-02 07:38:30,263.0,12.0,265.25,12.0,261.0,24.0,268.6,30.0,264.12,2.25,36.0,42.0,0.5700175435993896,78,-6.0,36.0,-0.08,264.0,
2025-01-02 07:38:31,263.0,8.0,264.0,8.0,261.0,16.0,269.0,24.0,263.5,1.0,24.0,32.0,0.8324181641521419,56,-8.0,-22.0,-0.14,264.0,
2025-01-02 07:38:32,261.22,18.0,268.62,26.0,259.67,12.0,272.2,30.0,264.92,7.399999999999977,30.0,56.0,0.7203610206071891,86,-26.0,30.0,-0.3,263.0,1.0
2025-01-02 07:38:33,261.85,13.0,268.0,30.0,260.65,17.0,275.81,48.0,264.92,6.149999999999977,30.0,78.0,0.660847940157277,108,-48.0,22.0,-0.44,263.0,
2025-01-02 07:38:34,262.87,15.0,268.0,45.0,260.69,26.0,274.37,59.0,265.43,5.129999999999996,41.0,104.0,0.763491977698699,145,-63.0,37.0,-0.43,262.5,2.0
2025-01-02 07:38:35,257.2,10.0,268.0,24.0,255.18,22.0,274.5,24.0,262.6,10.800000000000011,32.0,48.0,1.1802881004270471,80,-16.0,-65.0,-0.2,257.4,5.0
2025-01-02 07:38:36,254.0,72.0,269.49,39.0,253.03,67.0,273.12,40.0,261.74,15.490000000000007,139.0,79.0,1.6412556169009749,218,60.0,138.0,0.28,256.0,1.0
2025-01-02 07:38:37,254.0,68.0,258.4,20.0,250.3,89.0,265.82,51.0,256.2,4.399999999999977,157.0,71.0,3.681048763600632,228,86.0,10.0,0.38,262.71,7.0
2025-01-02 07:38:38,255.89,63.0,271.45,56.0,253.59,103.0,302.13,45.0,263.67,15.560000000000002,166.0,101.0,3.4855229162932297,267,65.0,39.0,0.24,258.0,1.0
2025-01-02 07:38:39,266.4,52.0,271.42,62.0,256.27,63.0,274.24,51.0,268.91,5.020000000000039,115.0,113.0,4.545814558470963,228,2.0,-39.0,0.01,268.0,4.0
2025-01-02 07:38:40,258.13,53.0,274.0,27.0,257.52,25.0,278.0,27.0,266.07,15.870000000000005,78.0,54.0,4.799059282818648,132,24.0,-96.0,0.18,259.0,1.0
2025-01-02 07:38:41,259.76,45.0,273.29,63.0,258.54,104.0,275.6,45.0,266.52,13.53000000000003,149.0,108.0,4.881519230732335,257,41.0,125.0,0.16,260.2,5.0
2025-01-02 07:38:42,259.85,52.0,271.82,55.0,258.15,65.0,276.36,33.0,265.83,11.96999999999997,117.0,88.0,1.870908870044999,205,29.0,-52.0,0.14,260.2,
2025-01-02 07:38:43,260.5,36.0,269.27,75.0,259.19,78.0,274.73,45.0,264.88,8.769999999999982,114.0,120.0,1.5041509232831365,234,-6.0,29.0,-0.03,260.33,6.0
2025-01-02 07:38:44,260.0,9.0,266.33,33.0,259.0,27.0,270.66,29.0,263.17,6.329999999999984,36.0,62.0,1.3299736839544911,98,-26.0,-136.0,-0.27,260.33,
2025-01-02 07:38:45,258.57,21.0,262.52,21.0,257.51,47.0,269.0,21.0,260.55,3.9499999999999886,68.0,42.0,2.3918925561173383,110,26.0,12.0,0.24,260.0,1.0
2025-01-02 07:38:46,257.78,27.0,265.67,12.0,254.09,33.0,269.84,25.0,261.72,7.890000000000043,60.0,37.0,2.1764994831168507,97,23.0,-13.0,0.24,258.0,3.0
2025-01-02 07:38:47,258.7,69.0,262.46,61.0,231.74,19.0,263.3,40.0,260.58,3.759999999999991,88.0,101.0,1.850580989853248,189,-13.0,92.0,-0.07,258.0,
2025-01-02 07:38:48,260.04,105.0,261.39,46.0,256.09,53.0,262.43,37.0,260.71,1.349999999999966,158.0,83.0,1.128241995320517,241,75.0,52.0,0.31,260.67,6.0
2025-01-02 07:38:49,260.0,72.0,261.0,36.0,256.14,21.0,263.5,24.0,260.5,1.0,93.0,60.0,0.5134880719197772,153,33.0,-88.0,0.22,260.0,3.0
2025-01-02 07:38:50,260.0,36.0,261.0,24.0,257.75,16.0,268.0,12.0,260.5,1.0,52.0,36.0,0.5203076013320158,88,16.0,-65.0,0.18,260.0,
2025-01-02 07:38:51,260.0,24.0,261.0,16.0,258.0,12.0,268.0,8.0,260.5,1.0,36.0,24.0,0.0917605579945121,60,12.0,-28.0,0.2,260.0,
2025-01-02 07:38:52,260.0,48.0,261.47,30.0,258.0,24.0,268.07,15.0,260.73,1.4700000000000273,72.0,45.0,0.1207062550305984,117,27.0,57.0,0.23,261.0,4.0
2025-01-02 07:38:53,262.0,69.0,268.0,26.0,260.0,78.0,269.0,13.0,265.0,6.0,147.0,39.0,1.9892410613107667,186,108.0,69.0,0.58,262.0,1.0
2025-01-02 07:38:54,262.0,30.0,267.67,9.0,260.0,36.0,268.33,9.0,264.83,5.670000000000016,66.0,18.0,2.378816932848356,84,48.0,-102.0,0.57,262.0,
2025-01-02 07:38:55,262.0,40.0,265.62,8.0,260.0,48.0,268.0,16.0,263.81,3.620000000000005,88.0,24.0,2.2025280928984894,112,64.0,28.0,0.57,262.0,
2025-01-02 07:38:56,262.0,25.0,265.0,5.0,260.0,30.0,268.0,10.0,263.5,3.0,55.0,15.0,1.714680728301312,70,40.0,-42.0,0.57,262.0,
2025-01-02 07:38:57,262.0,85.0,265.0,17.0,260.0,102.0,268.0,34.0,263.5,3.0,187.0,51.0,0.7319631138306913,238,136.0,168.0,0.57,262.0,
2025-01-02 07:38:58,262.54,56.0,268.75,32.0,260.44,54.0,269.67,36.0,265.64,6.20999999999998,110.0,68.0,0.9469582884208269,178,42.0,-60.0,0.24,264.5,6.0
2025-01-02 07:38:59,263.0,39.0,270.0,27.0,262.0,18.0,271.0,36.0,266.5,7.0,57.0,63.0,1.390611376341139,120,-6.0,-58.0,-0.05,263.0,2.0
2025-01-02 07:39:00,264.64,42.0,271.11,61.0,263.35,49.0,271.77,60.0,267.88,6.470000000000027,91.0,121.0,1.9129767379690117,212,-30.0,92.0,-0.14,268.0,1.0
2025-01-02 07:39:01,262.3,20.0,272.0,40.0,260.21,57.0,273.0,34.0,267.15,9.699999999999989,77.0,74.0,1.687951421105348,151,3.0,-61.0,0.02,264.4,5.0
2025-01-02 07:39:02,262.0,16.0,272.0,32.0,259.2,30.0,273.0,32.0,267.0,10.0,46.0,64.0,0.8304697465967747,110,-18.0,-41.0,-0.16,264.4,
2025-01-02 07:39:03,262.0,18.0,271.0,9.0,260.0,27.0,272.81,43.0,266.5,9.0,45.0,52.0,0.569368070770327,97,-7.0,-13.0,-0.07,264.4,
2025-01-02 07:39:04,262.0,22.0,270.73,11.0,260.0,33.0,273.0,55.0,266.36,8.730000000000018,55.0,66.0,0.6029261978158528,121,-11.0,24.0,-0.09,264.4,
2025-01-02 07:39:05,261.62,32.0,269.42,12.0,259.43,42.0,273.23,60.0,265.52,7.800000000000011,74.0,72.0,0.6427129997223539,146,2.0,25.0,0.01,262.0,1.0
2025-01-02 07:39:06,262.0,28.0,267.73,26.0,260.0,42.0,269.4,62.0,264.87,5.730000000000018,70.0,88.0,0.8477027781077264,158,-18.0,12.0,-0.11,262.0,
2025-01-02 07:39:07,262.0,20.0,266.12,34.0,260.0,30.0,267.77,26.0,264.06,4.1200000000000045,50.0,60.0,1.0250951175431529,110,-10.0,-48.0,-0.09,262.0,
2025-01-02 07:39:08,262.0,24.0,264.04,52.0,260.0,36.0,265.5,20.0,263.02,2.0400000000000205,60.0,72.0,1.291038341804745,132,-12.0,22.0,-0.09,262.0,2.0
2025-01-02 07:39:09,260.0,36.0,263.25,24.0,258.0,72.0,264.06,48.0,261.62,3.25,108.0,72.0,1.5435413826680426,180,36.0,48.0,0.2,262.0,
2025-01-02 07:39:10,258.33,55.0,259.87,15.0,256.08,50.0,267.32,41.0,259.1,1.5400000000000205,105.0,56.0,2.2720871462176024,161,49.0,-19.0,0.3,259.5,4.0
2025-01-02 07:39:11,258.0,38.0,263.37,27.0,255.0,40.0,267.59,39.0,260.69,5.3700000000000045,78.0,66.0,1.942838130160686,144,12.0,-17.0,0.08,258.0,2.0
2025-01-02 07:39:12,258.0,33.0,263.82,33.0,255.0,44.0,267.95,43.0,260.91,5.819999999999993,77.0,76.0,1.427925068063975,153,1.0,9.0,0.01,258.0,
2025-01-02 07:39:13,258.0,33.0,262.55,33.0,254.0,22.0,270.0,33.0,260.27,4.550000000000011,55.0,66.0,0.9313806955294296,121,-11.0,-32.0,-0.09,258.0,
2025-01-02 07:39:14,258.0,33.0,262.0,21.0,255.89,76.0,270.0,40.0,260.0,4.0,109.0,61.0,0.7069158365777956,170,48.0,49.0,0.28,262.0,2.0
2025-01-02 07:39:15,258.0,21.0,262.0,7.0,256.06,51.0,270.0,14.0,260.0,4.0,72.0,21.0,0.4116187556522635,93,51.0,-77.0,0.55,262.0,
2025-01-02 07:39:16,258.0,42.0,260.57,14.0,256.0,112.0,269.55,33.0,259.29,2.569999999999993,154.0,47.0,0.5832923795185176,201,107.0,108.0,0.53,262.0,
2025-01-02 07:39:17,258.0,30.0,264.45,20.0,256.0,96.0,268.04,24.0,261.23,6.449999999999989,126.0,44.0,0.7009065558292638,170,82.0,-31.0,0.48,258.0,1.0
2025-01-02 07:39:18,260.55,85.0,265.14,42.0,259.12,64.0,266.57,42.0,262.85,4.589999999999975,149.0,84.0,1.402508466999424,233,65.0,63.0,0.28,261.0,3.0
2025-01-02 07:39:19,262.39,46.0,268.0,26.0,260.6,40.0,269.0,34.0,265.2,5.610000000000014,86.0,60.0,2.371208552617477,146,26.0,-87.0,0.18,261.0,
2025-01-02 07:39:20,265.5,72.0,267.51,43.0,264.02,86.0,268.75,56.0,266.51,2.009999999999991,158.0,99.0,2.918831958165422,257,59.0,111.0,0.23,267.0,3.0
2025-01-02 07:39:21,265.1,31.0,268.95,42.0,263.36,66.0,271.25,16.0,267.02,3.849999999999966,97.0,58.0,2.463568549890534,155,39.0,-102.0,0.25,265.5,2.0
2025-01-02 07:39:22,263.22,49.0,268.5,36.0,259.48,31.0,270.29,21.0,265.86,5.279999999999973,80.0,57.0,1.625721378345921,137,23.0,-18.0,0.17,263.0,3.0
2025-01-02 07:39:23,265.08,12.0,268.0,36.0,264.0,36.0,269.43,28.0,266.54,2.920000000000016,48.0,64.0,0.7064559434330973,112,-16.0,-25.0,-0.14,263.0,
2025-01-02 07:39:24,266.21,14.0,269.33,36.0,260.24,42.0,270.8,20.0,267.77,3.1200000000000045,56.0,56.0,0.7082725464202108,112,0.0,0.0,0.0,267.0,3.0
2025-01-02 07:39:25,266.0,11.0,269.27,33.0,259.0,44.0,270.43,23.0,267.64,3.269999999999982,55.0,56.0,0.7918838298720613,111,-1.0,-1.0,-0.01,267.0,
2025-01-02 07:39:26,260.21,29.0,268.66,29.0,256.63,38.0,271.39,23.0,264.43,8.450000000000045,67.0,52.0,1.3779586350874835,119,15.0,8.0,0.13,266.0,1.0
2025-01-02 07:39:27,259.0,40.0,269.11,18.0,254.0,30.0,272.0,12.0,264.06,10.110000000000014,70.0,30.0,1.7538443488553022,100,40.0,-19.0,0.4,266.0,
2025-01-02 07:39:28,263.0,105.0,268.6,30.0,259.0,60.0,271.15,26.0,265.8,5.600000000000023,165.0,56.0,1.7373111408183266,221,109.0,121.0,0.49,266.0,
2025-01-02 07:39:29,263.1,48.0,267.75,24.0,260.67,48.0,271.0,24.0,265.43,4.649999999999977,96.0,48.0,1.4043753059673576,144,48.0,-77.0,0.33,263.0,3.0
2025-01-02 07:39:30,264.0,12.0,267.0,24.0,263.0,48.0,271.0,24.0,265.5,3.0,60.0,48.0,0.7539429686723039,108,12.0,-36.0,0.11,263.0,
2025-01-02 07:39:31,264.76,17.0,266.94,34.0,263.0,68.0,271.12,32.0,265.85,2.180000000000007,85.0,66.0,0.7319631138320759,151,19.0,43.0,0.13,263.0,
2025-01-02 07:39:32,263.15,52.0,265.9,20.0,260.0,64.0,273.93,30.0,264.53,2.75,116.0,50.0,0.5310084745188854,166,66.0,15.0,0.4,266.0,1.0
2025-01-02 07:39:33,259.92,52.0,264.77,13.0,257.64,22.0,274.31,32.0,262.35,4.849999999999966,74.0,45.0,1.4178928027217084,119,29.0,-47.0,0.24,263.0,4.0
2025-01-02 07:39:34,259.0,44.0,264.0,11.0,256.0,11.0,272.0,22.0,261.5,5.0,55.0,33.0,1.930758918148264,88,22.0,-31.0,0.25,263.0,
2025-01-02 07:39:35,259.0,32.0,262.91,11.0,256.0,11.0,272.0,22.0,260.95,3.910000000000025,43.0,33.0,2.081581129816452,76,10.0,-12.0,0.13,263.0,
2025-01-02 07:39:36,259.0,33.0,261.09,11.0,256.0,11.0,272.0,19.0,260.05,2.089999999999975,44.0,30.0,1.7030502047815228,74,14.0,-2.0,0.19,263.0,
2025-01-02 07:39:37,259.0,21.0,260.33,9.0,256.0,9.0,272.0,13.0,259.67,1.329999999999984,30.0,22.0,1.0840110700565488,52,8.0,-22.0,0.15,259.0,2.0
2025-01-02 07:39:38,256.5,14.0,270.59,34.0,253.19,47.0,274.12,34.0,263.54,14.089999999999977,61.0,68.0,1.522717964695191,129,-7.0,77.0,-0.05,259.5,2.0
2025-01-02 07:39:39,266.76,25.0,272.0,30.0,256.36,11.0,275.0,40.0,269.38,5.240000000000009,36.0,70.0,4.018466125278101,106,-34.0,-23.0,-0.32,269.0,4.0
2025-01-02 07:39:40,258.92,13.0,272.0,39.0,254.62,26.0,275.0,52.0,265.46,13.079999999999984,39.0,91.0,4.028554331271807,130,-52.0,24.0,-0.4,269.0,
2025-01-02 07:39:41,260.09,56.0,271.49,68.0,259.58,73.0,274.03,65.0,265.79,11.400000000000034,129.0,133.0,3.5458243047295035,262,-4.0,132.0,-0.02,260.0,1.0
2025-01-02 07:39:42,261.84,25.0,270.27,55.0,260.15,47.0,272.0,49.0,266.06,8.430000000000007,72.0,104.0,2.109781979260469,176,-32.0,-86.0,-0.18,260.0,
2025-01-02 07:39:43,262.18,51.0,269.0,84.0,261.0,17.0,270.91,97.0,265.59,6.819999999999993,68.0,181.0,1.6501605982487872,249,-113.0,73.0,-0.45,260.0,
2025-01-02 07:39:44,261.61,83.0,266.95,95.0,260.43,56.0,269.0,76.0,264.28,5.339999999999975,139.0,171.0,0.684711618136754,310,-32.0,61.0,-0.1,264.0,3.0
2025-01-02 07:39:45,262.47,19.0,265.02,93.0,260.79,19.0,269.11,76.0,263.75,2.5499999999999545,38.0,169.0,1.016430027110081,207,-131.0,-103.0,-0.63,263.0,1.0
2025-01-02 07:39:46,261.0,11.0,269.0,44.0,259.0,11.0,270.0,44.0,265.0,8.0,22.0,88.0,0.9396967596042805,110,-66.0,-97.0,-0.6,263.0,
2025-01-02 07:39:47,261.26,82.0,268.38,64.0,260.2,81.0,270.0,64.0,264.82,7.1200000000000045,163.0,128.0,0.7026165383838152,291,35.0,181.0,0.12,260.0,2.0
2025-01-02 07:39:48,263.0,30.0,265.38,61.0,262.0,171.0,268.93,67.0,264.19,2.3799999999999955,201.0,128.0,0.504251921176415,329,73.0,38.0,0.22,263.0,1.0
2025-01-02 07:39:49,262.5,102.0,266.16,50.0,261.62,131.0,272.15,78.0,264.33,3.660000000000025,233.0,128.0,0.5015675428196251,361,105.0,32.0,0.29,263.67,3.0
2025-01-02 07:39:50,263.0,126.0,269.38,29.0,261.0,70.0,271.76,41.0,266.19,6.379999999999996,196.0,70.0,0.7920416655774736,266,126.0,-95.0,0.47,263.67,
2025-01-02 07:39:51,263.0,99.0,267.68,38.0,261.0,55.0,268.63,38.0,265.34,4.680000000000007,154.0,76.0,0.8163516399265829,230,78.0,-36.0,0.34,263.67,
2025-01-02 07:39:52,263.87,135.0,266.0,15.0,261.0,75.0,267.0,60.0,264.93,2.1299999999999955,210.0,75.0,0.8126376806491615,285,135.0,55.0,0.47,263.67,
2025-01-02 07:39:53,267.36,131.0,269.65,46.0,262.55,62.0,271.51,37.0,268.51,2.289999999999964,193.0,83.0,1.6284655354081106,276,110.0,-9.0,0.4,265.43,7.0
2025-01-02 07:39:54,269.0,120.0,271.0,48.0,266.5,48.0,272.0,24.0,270.0,2.0,168.0,72.0,2.17810238510809,240,96.0,-36.0,0.4,265.43,
2025-01-02 07:39:55,269.0,98.0,271.0,44.0,267.0,44.0,272.0,26.0,270.0,2.0,142.0,70.0,2.473000202186524,212,72.0,-28.0,0.34,269.0,4.0
2025-01-02 07:39:56,269.0,42.0,271.0,28.0,267.0,28.0,272.0,14.0,270.0,2.0,70.0,42.0,2.197628267022382,112,28.0,-100.0,0.25,269.0,
2025-01-02 07:39:57,269.0,60.0,271.5,24.0,267.0,48.0,274.0,24.0,270.25,2.5,108.0,48.0,0.7026876973572067,156,60.0,44.0,0.38,269.0,1.0
2025-01-02 07:39:58,269.0,25.0,271.0,5.0,267.0,20.0,272.0,10.0,270.0,2.0,45.0,15.0,0.1118033989534321,60,30.0,-96.0,0.5,269.0,
2025-01-02 07:39:59,268.74,62.0,270.29,14.0,266.84,50.0,271.44,18.0,269.51,1.5500000000000114,112.0,32.0,0.2697591518696228,144,80.0,84.0,0.56,269.0,5.0
2025-01-02 07:40:00,267.0,32.0,269.75,8.0,263.0,8.0,271.0,8.0,268.38,2.75,40.0,16.0,0.7475091972792076,56,24.0,-88.0,0.43,269.0,
2025-01-02 07:40:01,267.0,36.0,269.0,9.0,263.0,9.0,274.81,16.0,268.0,2.0,45.0,25.0,0.993362974957537,70,20.0,14.0,0.29,269.0,
2025-01-02 07:40:02,267.0,26.0,269.0,9.0,261.92,37.0,276.0,9.0,268.0,2.0,63.0,18.0,0.9216940924276004,81,45.0,11.0,0.56,267.0,2.0
2025-01-02 07:40:03,268.0,60.0,269.0,6.0,267.0,12.0,276.0,6.0,268.5,1.0,72.0,12.0,0.6188860961562909,84,60.0,3.0,0.71,267.0,
2025-01-02 07:40:04,268.04,97.0,274.6,40.0,267.47,38.0,276.29,14.0,271.32,6.560000000000002,135.0,54.0,1.4043503836351028,189,81.0,105.0,0.43,268.0,1.0
2025-01-02 07:40:05,269.0,22.0,274.75,40.0,268.0,99.0,275.19,31.0,271.88,5.75,121.0,71.0,1.9018937930433808,192,50.0,3.0,0.26,268.0,
2025-01-02 07:40:06,269.0,24.0,272.0,24.0,268.0,108.0,275.0,60.0,270.5,3.0,132.0,84.0,1.715284233011413,216,48.0,24.0,0.22,268.0,
2025-01-02 07:40:07,268.5,36.0,270.08,49.0,267.26,95.0,272.92,26.0,269.29,1.579999999999984,131.0,75.0,1.3997214008572747,206,56.0,-10.0,0.27,269.0,2.0
2025-01-02 07:40:08,268.0,57.0,270.46,28.0,265.25,32.0,277.41,17.0,269.23,2.4599999999999795,89.0,45.0,1.1872362865150423,134,44.0,-72.0,0.33,268.0,5.0
2025-01-02 07:40:09,268.0,28.0,276.0,7.0,267.0,21.0,278.0,28.0,272.0,8.0,49.0,35.0,1.3415848836425472,84,14.0,-50.0,0.17,268.0,
2025-01-02 07:40:10,268.0,52.0,276.0,13.0,267.0,39.0,277.87,46.0,272.0,8.0,91.0,59.0,1.3713970978597767,150,32.0,66.0,0.21,268.0,
2025-01-02 07:40:11,268.0,36.0,276.0,9.0,267.0,27.0,278.0,36.0,272.0,8.0,63.0,45.0,1.5009097241401834,108,18.0,-42.0,0.17,268.0,
2025-01-02 07:40:12,268.0,32.0,276.73,11.0,267.0,24.0,278.1,31.0,272.36,8.730000000000018,56.0,42.0,1.2884952464092665,98,14.0,-10.0,0.14,268.0,
2025-01-02 07:40:13,268.0,44.0,276.55,44.0,267.0,33.0,278.22,41.0,272.27,8.550000000000011,77.0,85.0,0.1754422982634119,162,-8.0,64.0,-0.05,268.0,
2025-01-02 07:40:14,268.0,40.0,274.6,40.0,267.0,30.0,276.4,40.0,271.3,6.600000000000023,70.0,80.0,0.4157884077506214,150,-10.0,-12.0,-0.07,268.0,
2025-01-02 07:40:15,268.0,36.0,273.0,36.0,267.0,27.0,278.0,22.0,270.5,5.0,63.0,58.0,0.7825471231941825,121,5.0,-29.0,0.04,268.0,
2025-01-02 07:40:16,268.0,16.0,271.2,20.0,267.0,15.0,278.0,5.0,269.6,3.1999999999999886,31.0,25.0,1.177955856566366,56,6.0,-65.0,0.11,268.0,2.0
2025-01-02 07:40:17,267.73,33.0,269.81,52.0,266.92,39.0,278.38,29.0,268.77,2.079999999999984,72.0,81.0,1.376143161163948,153,-9.0,97.0,-0.06,268.0,2.0
2025-01-02 07:40:18,264.71,49.0,275.09,22.0,264.18,11.0,277.0,11.0,269.9,10.379999999999995,60.0,33.0,0.9515671284874516,93,27.0,-60.0,0.29,266.75,4.0
2025-01-02 07:40:19,264.33,42.0,274.92,26.0,262.92,51.0,277.91,33.0,269.63,10.590000000000032,93.0,59.0,0.6240592920688952,152,34.0,59.0,0.22,266.75,
2025-01-02 07:40:20,265.0,48.0,273.7,33.0,263.0,84.0,276.95,43.0,269.35,8.699999999999989,132.0,76.0,0.4271416627037263,208,56.0,56.0,0.27,266.75,
2025-01-02 07:40:21,263.24,102.0,270.52,50.0,262.17,36.0,271.35,40.0,266.88,7.279999999999973,138.0,90.0,1.2075305379230403,228,48.0,20.0,0.21,264.6,5.0
2025-01-02 07:40:22,263.0,78.0,266.76,33.0,261.0,13.0,267.62,32.0,264.88,3.759999999999991,91.0,65.0,2.179236104697197,156,26.0,-72.0,0.17,264.6,
2025-01-02 07:40:23,262.69,39.0,265.15,26.0,259.18,66.0,266.76,34.0,263.92,2.4599999999999795,105.0,60.0,2.5696050280178198,165,45.0,9.0,0.27,264.6,
2025-01-02 07:40:24,263.0,21.0,264.0,57.0,261.0,19.0,275.38,65.0,263.5,1.0,40.0,122.0,2.418445781904808,162,-82.0,-3.0,-0.51,263.0,2.0
2025-01-02 07:40:25,259.98,65.0,263.69,39.0,258.12,89.0,276.0,65.0,261.84,3.70999999999998,154.0,104.0,1.8562542929274235,258,50.0,96.0,0.19,263.0,1.0
2025-01-02 07:40:26,261.0,108.0,267.15,34.0,259.0,120.0,274.11,36.0,264.07,6.149999999999977,228.0,70.0,1.1247755331668965,298,158.0,40.0,0.53,263.0,
2025-01-02 07:40:27,261.0,114.0,270.31,48.0,259.0,160.0,272.0,32.0,265.66,9.310000000000002,274.0,80.0,1.3673404843019468,354,194.0,56.0,0.55,261.0,5.0
2025-01-02 07:40:28,261.0,56.0,269.5,42.0,259.0,140.0,271.67,48.0,265.25,8.5,196.0,90.0,1.518067850924787,286,106.0,-68.0,0.37,261.0,
2025-01-02 07:40:29,261.46,52.0,266.47,19.0,259.51,94.0,268.06,34.0,263.97,5.010000000000048,146.0,53.0,1.4886806239121662,199,93.0,-87.0,0.47,261.0,
2025-01-02 07:40:30,262.76,68.0,264.04,49.0,260.73,74.0,266.56,18.0,263.4,1.2800000000000296,142.0,67.0,0.9459651156421606,209,75.0,10.0,0.36,264.0,3.0
2025-01-02 07:40:31,261.24,55.0,265.27,15.0,259.11,126.0,274.0,163.0,263.25,4.029999999999973,181.0,178.0,1.0923964481870432,359,3.0,150.0,0.01,264.0,
2025-01-02 07:40:32,262.61,23.0,265.0,15.0,261.14,42.0,273.39,79.0,263.8,2.3899999999999864,65.0,94.0,0.791220576079236,159,-29.0,-182.5,-0.18,263.0,2.0
2025-01-02 07:40:33,259.47,64.0,263.38,16.0,257.21,76.0,271.0,48.0,261.42,3.909999999999968,140.0,64.0,1.019642094075237,204,76.0,45.0,0.37,261.2,5.0
2025-01-02 07:40:34,259.57,126.0,262.07,29.0,256.92,119.0,268.03,34.0,260.82,2.5,245.0,63.0,1.3270342874279182,308,182.0,104.0,0.59,261.0,1.0
2025-01-02 07:40:35,255.27,120.0,262.0,48.0,251.88,118.0,272.66,59.0,258.63,6.72999999999999,238.0,107.0,2.062942073837298,345,131.0,37.0,0.38,261.0,
2025-01-02 07:40:36,259.92,91.0,262.0,36.0,257.24,119.0,272.0,60.0,260.96,2.079999999999984,210.0,96.0,1.8430897970548088,306,114.0,-39.0,0.37,261.0,
2025-01-02 07:40:37,261.0,98.0,265.12,48.0,259.0,168.0,272.28,76.0,263.06,4.1200000000000045,266.0,124.0,1.5865434125819995,390,142.0,84.0,0.36,262.0,3.0
2025-01-02 07:40:38,261.72,75.0,272.0,45.0,260.08,78.0,273.0,63.0,266.86,10.279999999999973,153.0,108.0,3.1045257286756343,261,45.0,-129.0,0.17,262.0,
2025-01-02 07:40:39,263.79,101.0,272.0,83.0,262.35,107.0,273.0,91.0,267.9,8.20999999999998,208.0,174.0,3.905447477564002,382,34.0,121.0,0.09,262.0,
2025-01-02 07:40:40,265.39,104.0,272.0,98.0,263.57,120.0,273.0,98.0,268.7,6.610000000000014,224.0,196.0,3.332218480234149,420,28.0,38.0,0.07,262.0,
2025-01-02 07:40:41,268.0,70.0,271.9,52.0,266.0,90.0,272.7,70.0,269.95,3.899999999999977,160.0,122.0,2.6226665819384234,282,38.0,-138.0,0.13,262.0,
2025-01-02 07:40:42,268.0,115.0,269.53,15.0,266.0,135.0,272.0,110.0,268.77,1.5299999999999727,250.0,125.0,1.14504585061832,375,125.0,93.0,0.33,268.0,2.0
2025-01-02 07:40:43,268.0,51.0,271.81,48.0,266.0,108.0,274.25,60.0,269.91,3.8100000000000014,159.0,108.0,0.8764873073919338,267,51.0,-108.0,0.19,268.0,3.0
2025-01-02 07:40:44,268.0,27.0,273.78,45.0,266.0,81.0,275.0,45.0,270.89,5.779999999999973,108.0,90.0,0.9181394229745188,198,18.0,-69.0,0.09,268.0,
2025-01-02 07:40:45,268.0,24.0,274.0,40.0,266.0,72.0,275.0,40.0,271.0,6.0,96.0,80.0,0.9029839422828104,176,16.0,-22.0,0.09,268.0,
2025-01-02 07:40:46,268.0,33.0,273.49,41.0,266.0,99.0,274.55,55.0,270.74,5.490000000000009,132.0,96.0,0.9377473007270192,228,36.0,52.0,0.16,268.0,
2025-01-02 07:40:47,268.0,40.0,269.88,40.0,266.0,126.0,273.86,36.0,268.94,1.8799999999999957,166.0,76.0,0.8708214512865635,242,90.0,14.0,0.37,268.0,3.0
2025-01-02 07:40:48,266.13,78.0,276.27,41.0,265.8,80.0,280.66,71.0,271.2,10.139999999999986,158.0,112.0,0.9177036558830822,270,46.0,28.0,0.17,266.5,2.0
2025-01-02 07:40:49,267.0,10.0,276.82,17.0,266.0,80.0,280.41,41.0,271.91,9.819999999999991,90.0,58.0,1.105269197988192,148,32.0,-122.0,0.22,266.5,
2025-01-02 07:40:50,267.06,17.0,274.77,44.0,266.01,129.0,277.21,42.0,270.92,7.7099999999999795,146.0,86.0,1.101462663925311,232,60.0,84.0,0.26,266.5,
2025-01-02 07:40:51,268.0,9.0,274.0,45.0,267.0,9.0,278.44,45.0,271.0,6.0,18.0,90.0,1.1074655750954574,108,-72.0,-124.0,-0.67,266.5,
2025-01-02 07:40:52,268.0,10.0,274.0,50.0,267.0,10.0,278.0,50.0,271.0,6.0,20.0,100.0,0.4069152246132416,120,-80.0,12.0,-0.67,266.5,
2025-01-02 07:40:53,268.0,13.0,271.69,26.0,267.0,13.0,274.0,57.0,269.85,3.6899999999999977,26.0,83.0,0.7308419801993533,109,-57.0,-11.0,-0.52,266.5,
2025-01-02 07:40:54,267.08,13.0,270.64,22.0,266.01,181.0,272.35,17.0,268.86,3.5600000000000023,194.0,39.0,0.9535617442100928,233,155.0,124.0,0.67,268.0,1.0
2025-01-02 07:40:55,266.05,82.0,268.91,22.0,265.79,76.0,274.11,38.0,267.48,2.8600000000000136,158.0,60.0,1.5014393094694896,218,98.0,-15.0,0.45,267.0,1.0
2025-01-02 07:40:56,266.0,104.0,268.31,26.0,265.0,26.0,275.0,52.0,267.15,2.3100000000000023,130.0,78.0,1.6115117126534906,208,52.0,-10.0,0.25,267.0,
2025-01-02 07:40:57,265.96,56.0,272.89,38.0,264.75,24.0,277.0,55.0,269.43,6.930000000000007,80.0,93.0,1.190096634739814,173,-13.0,-35.0,-0.08,266.0,2.0
2025-01-02 07:40:58,266.0,56.0,273.12,64.0,265.0,28.0,277.0,40.0,269.56,7.1200000000000045,84.0,104.0,1.1158987409343837,188,-20.0,15.0,-0.11,266.0,
2025-01-02 07:40:59,266.0,20.0,272.0,20.0,265.0,10.0,275.0,10.0,269.0,6.0,30.0,30.0,1.1289951284301318,60,0.0,-128.0,0.0,266.0,
2025-01-02 07:41:00,266.0,44.0,271.71,34.0,265.0,22.0,273.5,32.0,268.85,5.70999999999998,66.0,66.0,0.9668867565642324,132,0.0,72.0,0.0,266.0,
2025-01-02 07:41:01,266.0,50.0,271.0,26.0,265.0,26.0,272.0,52.0,268.5,5.0,76.0,78.0,0.4324002775433704,154,-2.0,22.0,-0.01,266.0,1.0
2025-01-02 07:41:02,266.0,39.0,271.0,26.0,265.0,26.0,272.0,52.0,268.5,5.0,65.0,78.0,0.4377442175739129,143,-13.0,-11.0,-0.09,266.0,
2025-01-02 07:41:03,266.0,18.0,270.0,12.0,265.0,12.0,273.33,24.0,268.0,4.0,30.0,36.0,0.386652298608313,66,-6.0,-77.0,-0.09,266.0,
2025-01-02 07:41:04,266.0,42.0,268.79,28.0,265.0,28.0,275.31,58.0,267.39,2.7900000000000205,70.0,86.0,0.5672477413077829,156,-16.0,90.0,-0.1,266.0,
2025-01-02 07:41:05,266.0,30.0,267.5,20.0,265.0,20.0,278.48,58.0,266.75,1.5,50.0,78.0,0.7560886191567555,128,-28.0,-28.0,-0.22,266.0,
2025-01-02 07:41:06,266.0,7.0,278.56,41.0,265.0,14.0,445.55,29.0,272.28,12.560000000000002,21.0,70.0,2.1678168741891137,91,-49.0,-37.0,-0.54,266.0,2.0
2025-01-02 07:41:07,266.0,11.0,276.0,33.0,265.0,22.0,279.0,77.0,271.0,10.0,33.0,110.0,2.417525594491101,143,-77.0,52.0,-0.54,266.0,
2025-01-02 07:41:08,262.8,15.0,274.82,34.0,260.36,84.0,276.9,30.0,268.81,12.019999999999982,99.0,64.0,2.353004462388397,163,35.0,20.0,0.21,265.33,3.0
2025-01-02 07:41:09,261.3,37.0,272.85,52.0,259.85,169.0,275.23,39.0,267.07,11.550000000000011,206.0,91.0,2.419518547153466,297,115.0,134.0,0.39,262.0,2.0
2025-01-02 07:41:10,260.0,182.0,271.14,56.0,258.0,182.0,274.0,42.0,265.57,11.139999999999986,364.0,98.0,2.750896217602435,462,266.0,165.0,0.58,262.0,
2025-01-02 07:41:11,260.0,130.0,270.8,40.0,258.0,130.0,275.2,30.0,265.4,10.800000000000011,260.0,70.0,2.3590994044376457,330,190.0,-132.0,0.58,262.0,
2025-01-02 07:41:12,260.0,182.0,268.71,56.0,258.0,182.0,274.34,53.0,264.36,8.70999999999998,364.0,109.0,1.7308003928866984,473,255.0,143.0,0.54,262.0,
2025-01-02 07:41:13,258.86,146.0,268.0,48.0,257.11,79.0,273.0,48.0,263.43,9.139999999999986,225.0,96.0,1.3699014563156329,321,129.0,-152.0,0.4,262.0,
2025-01-02 07:41:14,260.64,102.0,268.0,72.0,257.99,212.0,273.0,72.0,264.32,7.360000000000014,314.0,144.0,0.8781400799503123,458,170.0,137.0,0.37,260.8,10.0
2025-01-02 07:41:15,260.0,13.0,264.7,40.0,258.0,156.0,267.26,38.0,262.35,4.699999999999989,169.0,78.0,1.144058564940824,247,91.0,-182.5,0.37,260.8,
2025-01-02 07:41:16,258.11,130.0,261.22,55.0,257.17,106.0,262.58,57.0,259.66,3.1100000000000136,236.0,112.0,1.9493665637876545,348,124.0,101.0,0.36,260.0,1.0
2025-01-02 07:41:17,258.0,139.0,259.22,36.0,254.0,32.0,260.69,52.0,258.61,1.2200000000000273,171.0,88.0,2.4487813295621303,259,83.0,-89.0,0.32,258.0,7.0
2025-01-02 07:41:18,258.0,43.0,261.69,29.0,254.0,20.0,268.35,31.0,259.84,3.6899999999999977,63.0,60.0,2.328546757102228,123,3.0,-136.0,0.02,259.12,8.0
2025-01-02 07:41:19,265.78,18.0,269.0,27.0,257.11,18.0,270.0,36.0,267.39,3.2200000000000277,36.0,63.0,3.5314090672155207,99,-27.0,-24.0,-0.27,259.12,
2025-01-02 07:41:20,268.0,26.0,269.0,39.0,262.24,17.0,270.0,52.0,268.5,1.0,43.0,91.0,4.736438535441303,134,-48.0,35.0,-0.36,259.12,
2025-01-02 07:41:21,268.0,18.0,269.0,27.0,266.0,9.0,270.0,36.0,268.5,1.0,27.0,63.0,4.917740334748805,90,-36.0,-44.0,-0.4,259.12,
2025-01-02 07:41:22,267.47,17.0,269.29,14.0,266.29,14.0,270.05,42.0,268.38,1.8199999999999927,31.0,56.0,3.764295418802478,87,-25.0,-3.0,-0.29,267.4,5.0
2025-01-02 07:41:23,267.0,14.0,268.06,47.0,266.0,14.0,269.95,55.0,267.53,1.0600000000000025,28.0,102.0,0.5521322305560642,130,-74.0,43.0,-0.57,267.4,
2025-01-02 07:41:24,266.54,13.0,268.35,34.0,260.95,19.0,270.28,43.0,267.45,1.8100000000000025,32.0,77.0,0.5342939266160767,109,-45.0,-21.0,-0.41,267.0,1.0
2025-01-02 07:41:25,266.0,5.0,270.0,5.0,258.91,22.0,271.0,10.0,268.0,4.0,27.0,15.0,0.4779853554437916,42,12.0,-67.0,0.29,267.0,
2025-01-02 07:41:26,266.97,100.0,268.76,41.0,262.9,29.0,272.14,28.0,267.86,1.7899999999999636,129.0,69.0,0.3760718016797005,198,60.0,156.0,0.3,267.0,3.0
2025-01-02 07:41:27,267.0,75.0,272.4,15.0,262.95,59.0,276.0,105.0,269.7,5.399999999999977,134.0,120.0,0.9185151060373624,254,14.0,56.0,0.06,267.0,
2025-01-02 07:41:28,267.0,50.0,274.0,10.0,266.0,60.0,276.0,70.0,270.5,7.0,110.0,80.0,1.322694220150413,190,30.0,-64.0,0.16,267.0,
2025-01-02 07:41:29,267.0,45.0,272.67,24.0,266.0,54.0,275.7,33.0,269.83,5.670000000000016,99.0,57.0,1.180050846370484,156,42.0,-34.0,0.27,267.0,
2025-01-02 07:41:30,267.0,50.0,272.0,40.0,266.0,60.0,274.97,37.0,269.5,5.0,110.0,77.0,0.979295665271706,187,33.0,31.0,0.18,267.0,
2025-01-02 07:41:31,267.0,65.0,271.0,52.0,266.0,78.0,275.67,73.0,269.0,4.0,143.0,125.0,0.5446833942944789,268,18.0,81.0,0.07,267.0,
2025-01-02 07:41:32,267.0,25.0,271.0,44.0,266.0,66.0,276.0,77.0,269.0,4.0,91.0,121.0,0.6299047547209358,212,-30.0,-56.0,-0.14,267.0,3.0
2025-01-02 07:41:33,266.13,62.0,270.69,52.0,262.09,69.0,276.0,91.0,268.41,4.560000000000002,131.0,143.0,0.5425587525971093,274,-12.0,62.0,-0.04,267.0,2.0
2025-01-02 07:41:34,266.0,54.0,270.0,36.0,260.0,45.0,276.0,63.0,268.0,4.0,99.0,99.0,0.5831980795746028,198,0.0,-76.0,0.0,267.0,
2025-01-02 07:41:35,266.08,50.0,269.5,40.0,261.38,52.0,274.93,45.0,267.79,3.420000000000016,102.0,85.0,0.557718567038328,187,17.0,-11.0,0.09,267.0,
2025-01-02 07:41:36,266.1,63.0,269.0,52.0,261.59,68.0,273.0,52.0,267.55,2.8999999999999773,131.0,104.0,0.5705698905647989,235,27.0,48.0,0.11,268.0,1.0
2025-01-02 07:41:37,266.0,33.0,269.0,32.0,260.0,40.0,273.0,32.0,267.5,3.0,73.0,64.0,0.3715508040887338,137,9.0,-98.0,0.07,266.0,5.0
2025-01-02 07:41:38,266.0,8.0,269.0,32.0,260.0,40.0,273.0,32.0,267.5,3.0,48.0,64.0,0.2210656011659983,112,-16.0,-25.0,-0.14,266.0,
2025-01-02 07:41:39,266.0,8.0,268.75,32.0,260.0,40.0,273.12,32.0,267.38,2.75,48.0,64.0,0.151095996038318,112,-16.0,0.0,-0.14,266.0,
2025-01-02 07:41:40,260.31,39.0,266.86,42.0,258.17,120.0,271.31,52.0,263.58,6.550000000000011,159.0,94.0,1.7463733850520813,253,65.0,141.0,0.26,262.0,3.0
2025-01-02 07:41:41,258.24,125.0,265.94,32.0,257.2,83.0,267.0,64.0,262.09,7.699999999999989,208.0,96.0,2.587875576610586,304,112.0,51.0,0.37,260.0,3.0
2025-01-02 07:41:42,258.06,136.0,265.0,30.0,256.38,52.0,267.0,60.0,261.53,6.939999999999998,188.0,90.0,2.8607044586983776,278,98.0,-26.0,0.35,262.0,2.0
2025-01-02 07:41:43,262.0,105.0,264.0,56.0,258.0,150.0,265.12,34.0,263.0,2.0,255.0,90.0,2.301006301602874,345,165.0,67.0,0.48,263.0,2.0
2025-01-02 07:41:44,262.0,63.0,264.0,36.0,258.0,90.0,272.0,27.0,263.0,2.0,153.0,63.0,0.8181381301562496,216,90.0,-129.0,0.42,263.0,
2025-01-02 07:41:45,262.0,80.0,263.14,56.0,258.0,140.0,272.0,42.0,262.57,1.1399999999999864,220.0,98.0,0.6314031992439129,318,122.0,102.0,0.38,262.0,3.0
2025-01-02 07:41:46,262.0,60.0,263.0,59.0,258.0,150.0,273.97,70.0,262.5,1.0,210.0,129.0,0.6007911450874531,339,81.0,21.0,0.24,263.0,4.0
2025-01-02 07:41:47,262.0,35.0,272.74,31.0,258.0,54.0,275.42,48.0,267.37,10.740000000000007,89.0,79.0,2.0715380759272057,168,10.0,-171.0,0.06,262.0,1.0
2025-01-02 07:41:48,262.0,24.0,274.0,40.0,258.0,33.0,275.0,32.0,268.0,12.0,57.0,72.0,2.7515940834390555,129,-15.0,-39.0,-0.12,262.0,
2025-01-02 07:41:49,263.05,38.0,272.88,82.0,259.48,66.0,274.4,47.0,267.97,9.829999999999984,104.0,129.0,2.8838810655118032,233,-25.0,104.0,-0.11,262.0,
2025-01-02 07:41:50,266.18,11.0,272.0,49.0,264.11,18.0,273.0,9.0,269.09,5.819999999999993,29.0,58.0,2.5833563439870746,87,-29.0,-146.0,-0.33,264.6,5.0
2025-01-02 07:41:51,263.8,20.0,271.74,57.0,260.8,46.0,272.13,62.0,267.77,7.939999999999998,66.0,119.0,0.6385138996285566,185,-53.0,98.0,-0.29,264.6,
2025-01-02 07:41:52,266.0,21.0,268.71,14.0,261.25,28.0,272.0,82.0,267.36,2.7099999999999795,49.0,96.0,0.6411474089621356,145,-47.0,-40.0,-0.32,268.0,2.0
