DateTime,Bid1_Price,Bid1_Volume,Ask1_Price,Ask1_Volume,Bid2_Price,Bid2_Volume,Ask2_Price,Ask2_Volume,Mid-Price,Bid_Ask_Spread,Market_Depth_Bid,Market_Depth_Ask,Historical_Volatility,Total_volume,Cumulative_Volume_Difference,Total_Volume_Change_Corrected,Order_imbalance,Weighted_Avg_Price,Trade_Volume
2025-06-03 07:30:11,95.63,19.0,126.25,8.0,92.0,12.0,175.0,14.0,110.94,30.620000000000005,31.0,22.0,7.13925276201876,53,9.0,-25.0,0.17,101.86,7.0
2025-06-03 07:30:12,107.0,6.0,128.4,20.0,97.86,28.0,205.14,14.0,117.7,21.40000000000001,34.0,34.0,10.733936836035156,68,0.0,15.0,0.0,101.86,
2025-06-03 07:30:13,107.38,32.0,117.0,28.0,102.62,32.0,134.71,21.0,112.19,9.620000000000005,64.0,49.0,10.186852801527683,113,15.0,45.0,0.13,101.86,
2025-06-03 07:30:14,109.0,22.0,116.89,27.0,107.0,42.0,130.09,22.0,112.94,7.890000000000001,64.0,49.0,8.243792816416025,113,15.0,0.0,0.13,109.0,4.0
2025-06-03 07:30:15,110.2,30.0,116.46,26.0,108.45,66.0,120.82,33.0,113.33,6.259999999999991,96.0,59.0,2.5602831874604184,155,37.0,42.0,0.24,115.67,3.0
2025-06-03 07:30:16,109.0,24.0,117.0,12.0,107.0,18.0,130.0,9.0,113.0,8.0,42.0,21.0,2.202128515775697,63,21.0,-92.0,0.33,115.67,
2025-06-03 07:30:17,109.0,48.0,115.56,18.0,107.0,40.0,124.4,20.0,112.28,6.560000000000002,88.0,38.0,0.4923108773859126,126,50.0,63.0,0.4,115.67,
2025-06-03 07:30:18,109.0,44.0,110.0,9.0,107.0,90.0,115.78,36.0,109.5,1.0,134.0,45.0,1.5620819440709548,179,89.0,53.0,0.5,108.78,9.0
2025-06-03 07:30:19,107.14,42.0,110.0,7.0,106.6,35.0,115.0,28.0,108.57,2.8599999999999994,77.0,35.0,2.1597291496834754,112,42.0,-67.0,0.38,108.78,
2025-06-03 07:30:20,107.23,35.0,110.0,7.0,106.86,42.0,115.0,28.0,108.61,2.769999999999996,77.0,35.0,2.101016420686073,112,42.0,0.0,0.38,108.78,
2025-06-03 07:30:21,107.2,45.0,109.7,10.0,106.87,62.0,113.74,31.0,108.45,2.5,107.0,41.0,1.6191263076093043,148,66.0,36.0,0.45,109.0,1.0
2025-06-03 07:30:22,107.14,94.0,109.4,25.0,106.75,72.0,112.93,45.0,108.27,2.260000000000005,166.0,70.0,0.4770744176672679,236,96.0,88.0,0.41,108.0,1.0
2025-06-03 07:30:23,108.33,48.0,110.0,12.0,107.64,100.0,113.0,48.0,109.17,1.6700000000000017,148.0,60.0,0.3377573093103461,208,88.0,-28.0,0.42,108.0,
2025-06-03 07:30:24,109.0,8.0,112.0,6.0,108.0,32.0,113.5,16.0,110.5,3.0,40.0,22.0,0.9036592278024744,62,18.0,-146.0,0.29,112.0,3.0
2025-06-03 07:30:25,109.0,18.0,112.11,18.0,108.0,72.0,113.2,20.0,110.56,3.1099999999999994,90.0,38.0,1.0940063985153683,128,52.0,66.0,0.41,112.0,
2025-06-03 07:30:26,110.56,50.0,112.0,18.0,108.67,24.0,113.0,18.0,111.28,1.4399999999999975,74.0,36.0,1.2118291958822285,110,38.0,-18.0,0.35,112.0,
2025-06-03 07:30:27,111.13,60.0,115.22,27.0,109.0,24.0,122.11,27.0,113.18,4.090000000000003,84.0,54.0,1.4666356057291707,138,30.0,28.0,0.22,111.0,2.0
2025-06-03 07:30:28,112.0,38.0,119.98,58.0,109.0,38.0,140.38,39.0,115.99,7.980000000000004,76.0,97.0,2.3290813639700474,173,-21.0,35.0,-0.12,113.0,4.0
2025-06-03 07:30:29,112.0,10.0,120.0,30.0,109.0,20.0,142.0,20.0,116.0,8.0,30.0,50.0,2.553256743845511,80,-20.0,-93.0,-0.25,113.0,
2025-06-03 07:30:30,112.0,12.0,120.0,36.0,109.0,24.0,136.5,24.0,116.0,8.0,36.0,60.0,2.1697004401512645,96,-24.0,16.0,-0.25,113.0,
2025-06-03 07:30:31,112.85,41.0,120.0,39.0,111.16,19.0,127.54,26.0,116.43,7.150000000000006,60.0,65.0,1.3214953651044758,125,-5.0,29.0,-0.04,113.0,
2025-06-03 07:30:32,113.0,40.0,120.0,24.0,112.0,8.0,126.5,16.0,116.5,7.0,48.0,40.0,0.2577401792360501,88,8.0,-37.0,0.09,113.0,
2025-06-03 07:30:33,113.25,40.0,120.0,24.0,112.0,8.0,131.0,16.0,116.62,6.75,48.0,40.0,0.2910326442044452,88,8.0,0.0,0.09,113.0,
2025-06-03 07:30:34,114.62,65.0,119.34,53.0,112.0,13.0,124.0,33.0,116.98,4.719999999999999,78.0,86.0,0.3533836442064508,164,-8.0,76.0,-0.05,113.0,
2025-06-03 07:30:35,112.42,36.0,118.28,54.0,109.89,27.0,119.12,74.0,115.35,5.859999999999999,63.0,128.0,0.6114163883906211,191,-65.0,27.0,-0.34,115.0,5.0
2025-06-03 07:30:36,112.0,30.0,118.0,30.0,109.0,40.0,119.0,50.0,115.0,6.0,70.0,80.0,0.8626702730433117,150,-10.0,-41.0,-0.07,115.0,
2025-06-03 07:30:37,112.0,30.0,116.42,36.0,109.43,35.0,117.2,44.0,114.21,4.420000000000002,65.0,80.0,1.1504651233273495,145,-15.0,-5.0,-0.1,115.0,
2025-06-03 07:30:38,112.0,36.0,114.46,48.0,110.0,36.0,115.54,48.0,113.23,2.4599999999999937,72.0,96.0,1.3954676635424397,168,-24.0,23.0,-0.14,115.0,
2025-06-03 07:30:39,109.64,47.0,112.78,37.0,108.25,135.0,114.23,44.0,111.21,3.140000000000001,182.0,81.0,1.6615956186727812,263,101.0,95.0,0.38,110.5,8.0
2025-06-03 07:30:40,108.38,63.0,110.5,28.0,107.61,236.0,114.47,34.0,109.44,2.1200000000000045,299.0,62.0,2.272943026121108,361,237.0,98.0,0.66,109.0,2.0
2025-06-03 07:30:41,109.58,52.0,115.94,33.0,108.09,130.0,227.19,37.0,112.76,6.359999999999999,182.0,70.0,1.871349780236868,252,112.0,-109.0,0.44,109.0,2.0
2025-06-03 07:30:42,111.05,58.0,114.72,25.0,109.5,130.0,167.76,37.0,112.89,3.6700000000000017,188.0,62.0,1.5824127148100724,250,126.0,-2.0,0.5,109.0,
2025-06-03 07:30:43,111.36,55.0,114.25,24.0,109.83,103.0,119.48,31.0,112.81,2.890000000000001,158.0,55.0,1.5037519742273262,213,103.0,-37.0,0.48,112.0,3.0
2025-06-03 07:30:44,111.0,119.0,114.85,53.0,108.0,136.0,115.83,36.0,112.92,3.8499999999999934,255.0,89.0,1.5240833310526638,344,166.0,131.0,0.48,112.0,
2025-06-03 07:30:45,111.71,94.0,114.0,71.0,108.27,66.0,203.4,25.0,112.86,2.2900000000000063,160.0,96.0,0.06379655157279,256,64.0,-88.0,0.25,112.8,5.0
2025-06-03 07:30:46,108.74,46.0,249.45,29.0,107.1,250.0,314.13,45.0,179.09,140.70999999999998,296.0,74.0,29.61451215198374,370,222.0,114.0,0.6,109.88,8.0
2025-06-03 07:30:51,109.0,10.0,217.0,20.0,108.0,10.0,392.0,15.0,163.0,108.0,20.0,35.0,94.27364796166528,55,-15.0,25.0,-0.27,109.88,
2025-06-03 07:30:52,109.0,16.0,160.62,32.0,108.0,16.0,576.5,40.0,134.81,51.620000000000005,32.0,72.0,122.64687550035669,104,-40.0,49.0,-0.38,108.2,5.0
2025-06-03 07:30:53,107.0,224.0,124.9,31.0,80.25,52.0,643.37,27.0,115.95,17.900000000000006,276.0,58.0,137.15494241914865,334,218.0,173.5,0.65,108.2,
2025-06-03 07:30:54,107.02,254.0,122.18,33.0,84.09,108.0,190.81,32.0,114.6,15.16000000000001,362.0,65.0,99.7978974227412,427,297.0,93.0,0.7,108.2,
2025-06-03 07:30:55,109.0,12.0,120.75,36.0,107.0,336.0,410.67,48.0,114.88,11.75,348.0,84.0,21.012933398266124,432,264.0,5.0,0.61,108.2,
2025-06-03 07:30:56,107.4,35.0,114.29,28.0,106.58,202.0,124.88,34.0,110.84,6.890000000000001,237.0,62.0,9.475037203091407,299,175.0,-133.0,0.59,109.0,1.0
2025-06-03 07:30:57,107.0,242.0,110.0,32.0,73.5,72.0,114.0,40.0,108.5,3.0,314.0,72.0,3.1504729803579385,386,242.0,87.0,0.63,109.0,
2025-06-03 07:30:58,107.0,476.0,110.0,56.0,85.64,88.0,114.0,125.0,108.5,3.0,564.0,181.0,3.140999840809484,745,383.0,173.5,0.51,109.0,
2025-06-03 07:30:59,107.0,258.0,109.85,27.0,102.56,54.0,112.69,52.0,108.43,2.8499999999999943,312.0,79.0,2.7937609060127206,391,233.0,-174.5,0.6,108.0,1.0
2025-06-03 07:31:00,107.29,68.0,109.84,50.0,104.33,144.0,112.65,68.0,108.57,2.549999999999997,212.0,118.0,1.0476497506155438,330,94.0,-61.0,0.28,109.2,5.0
2025-06-03 07:31:01,108.0,20.0,109.5,18.0,107.0,120.0,112.0,45.0,108.75,1.5,140.0,63.0,0.1222701924621743,203,77.0,-127.0,0.38,109.2,
2025-06-03 07:31:02,108.0,18.0,109.0,9.0,107.0,102.0,112.5,36.0,108.5,1.0,120.0,45.0,0.1222701924621743,165,75.0,-38.0,0.45,109.2,
2025-06-03 07:31:03,108.0,16.0,109.22,9.0,107.0,90.0,112.22,27.0,108.61,1.2199999999999989,106.0,36.0,0.1209131918557317,142,70.0,-23.0,0.49,108.0,1.0
2025-06-03 07:31:04,108.0,8.0,110.0,8.0,107.0,80.0,113.0,80.0,109.0,2.0,88.0,88.0,0.1978130429591546,176,0.0,34.0,0.0,108.0,
2025-06-03 07:31:05,107.47,17.0,110.0,9.0,106.18,85.0,113.0,75.0,108.74,2.530000000000001,102.0,84.0,0.1872164521743893,186,18.0,10.0,0.1,107.5,2.0
2025-06-03 07:31:06,107.28,96.0,112.28,53.0,104.81,160.0,123.8,80.0,109.78,5.0,256.0,133.0,0.5125231701736059,389,123.0,173.5,0.32,112.0,3.0
2025-06-03 07:31:07,108.23,39.0,110.48,54.0,107.02,183.0,112.41,51.0,109.36,2.25,222.0,105.0,0.4768857305108142,327,117.0,-62.0,0.36,110.0,5.0
2025-06-03 07:31:08,109.31,32.0,112.31,65.0,107.12,156.0,214.02,56.0,110.81,3.0,188.0,121.0,0.8115540647208372,309,67.0,-18.0,0.22,110.0,
2025-06-03 07:31:09,107.57,81.0,113.0,39.0,96.36,167.0,172.88,64.0,110.28,5.430000000000007,248.0,103.0,0.8012365443269314,351,145.0,42.0,0.41,110.67,6.0
2025-06-03 07:31:10,107.69,58.0,112.85,54.0,102.75,120.0,126.28,50.0,110.27,5.159999999999997,178.0,104.0,0.5512259064712187,282,74.0,-69.0,0.26,110.67,
2025-06-03 07:31:11,108.0,18.0,115.35,23.0,107.0,54.0,145.33,24.0,111.67,7.349999999999994,72.0,47.0,0.8460910116323712,119,25.0,-163.0,0.21,110.5,10.0
2025-06-03 07:31:12,109.48,27.0,148.09,44.0,107.06,67.0,266.55,44.0,128.79,38.61,94.0,88.0,8.084521012401773,182,6.0,63.0,0.03,110.5,
2025-06-03 07:31:13,108.0,10.0,396.4,40.0,107.0,150.0,440.0,11.0,252.2,288.4,160.0,51.0,61.74411607594663,211,109.0,29.0,0.52,110.5,
2025-06-03 07:31:14,107.0,60.0,167.4,20.0,62.67,15.0,649.67,6.0,137.2,60.400000000000006,75.0,26.0,59.343749713006616,101,49.0,-110.0,0.49,107.25,4.0
2025-06-03 07:31:15,107.0,96.0,156.12,32.0,88.63,57.0,413.0,16.0,131.56,49.120000000000005,153.0,48.0,56.660575623620105,201,105.0,100.0,0.52,107.25,
2025-06-03 07:31:16,107.0,72.0,123.0,14.0,92.5,60.0,317.25,16.0,115.0,16.0,132.0,30.0,56.080444898377664,162,102.0,-39.0,0.63,107.25,
2025-06-03 07:31:17,107.0,66.0,123.0,12.0,86.58,52.0,366.0,12.0,115.0,16.0,118.0,24.0,57.87600815536584,142,94.0,-20.0,0.66,107.25,
2025-06-03 07:31:18,107.11,70.0,118.2,10.0,102.5,28.0,167.47,15.0,112.66,11.090000000000003,98.0,25.0,11.261282342609594,123,73.0,-19.0,0.59,107.25,
2025-06-03 07:31:19,109.0,68.0,114.6,15.0,107.21,42.0,121.86,21.0,111.8,5.599999999999994,110.0,36.0,8.149557043175419,146,74.0,23.0,0.51,107.25,
2025-06-03 07:31:20,109.36,66.0,113.17,36.0,108.82,44.0,131.62,29.0,111.27,3.8100000000000014,110.0,65.0,1.7636552951100029,175,45.0,29.0,0.26,110.0,3.0
2025-06-03 07:31:21,109.67,42.0,123.97,35.0,108.88,41.0,159.44,32.0,116.82,14.299999999999995,83.0,67.0,2.336685687029726,150,16.0,-25.0,0.11,112.0,2.0
2025-06-03 07:31:22,109.07,59.0,131.74,35.0,108.33,15.0,365.1,20.0,120.41,22.670000000000016,74.0,55.0,3.917163514581658,129,19.0,-21.0,0.15,112.2,5.0
2025-06-03 07:31:23,110.2,20.0,277.15,27.0,107.93,56.0,298.78,23.0,193.67,166.95,76.0,50.0,35.34985898133076,126,26.0,-3.0,0.21,112.2,
2025-06-03 07:31:24,107.07,108.0,249.2,20.0,77.67,27.0,282.53,15.0,178.14,142.13,135.0,35.0,38.72700182043496,170,100.0,44.0,0.59,108.6,5.0
2025-06-03 07:31:25,108.0,24.0,178.0,12.0,107.0,56.0,651.0,6.0,143.0,70.0,80.0,18.0,34.36414075748109,98,62.0,-72.0,0.63,108.6,
2025-06-03 07:31:26,108.0,65.0,177.25,36.0,107.0,168.0,737.42,36.0,142.62,69.25,233.0,72.0,29.67721297561436,305,161.0,173.5,0.53,108.0,1.0
2025-06-03 07:31:27,108.16,38.0,110.0,26.0,107.02,112.0,248.81,32.0,109.08,1.8400000000000036,150.0,58.0,33.25027548758015,208,92.0,-97.0,0.44,108.78,9.0
2025-06-03 07:31:28,108.0,13.0,110.0,13.0,107.0,178.0,490.0,45.0,109.0,2.0,191.0,58.0,28.816719452428515,249,133.0,41.0,0.53,108.78,
2025-06-03 07:31:30,108.25,73.0,176.73,51.0,105.78,41.0,470.07,56.0,142.49,68.47999999999999,114.0,107.0,67.9130105355371,221,7.0,53.0,0.03,115.0,3.0
2025-06-03 07:31:31,107.16,50.0,321.0,27.0,100.41,34.0,484.33,27.0,214.08,213.84,84.0,54.0,71.99255530955944,138,30.0,-83.0,0.22,108.0,4.0
2025-06-03 07:31:33,107.0,40.0,255.2,20.0,77.0,8.0,621.0,25.0,181.1,148.2,48.0,45.0,64.86901324977882,93,3.0,-8.0,0.03,108.0,
2025-06-03 07:31:34,107.0,54.0,287.88,25.0,38.5,6.0,640.03,29.0,197.44,180.88,60.0,54.0,58.59763066882465,114,6.0,21.0,0.05,108.0,
2025-06-03 07:31:36,109.56,85.0,253.84,32.0,108.17,127.0,400.58,76.0,181.7,144.28,212.0,108.0,59.56006195429938,320,104.0,111.0,0.33,110.0,4.0
2025-06-03 07:31:37,110.76,84.0,301.12,24.0,109.11,72.0,303.15,48.0,205.94,190.36,156.0,72.0,44.62806157564968,228,84.0,-92.0,0.37,110.0,
2025-06-03 07:31:38,111.0,98.0,297.0,11.0,110.0,55.0,299.87,23.0,204.0,186.0,153.0,34.0,41.89208254551186,187,119.0,-41.0,0.64,110.0,
2025-06-03 07:31:39,112.0,32.0,294.17,12.0,110.25,20.0,295.5,4.0,203.08,182.17,52.0,16.0,41.35625490781267,68,36.0,-119.0,0.53,110.0,
2025-06-03 07:31:40,112.38,39.0,293.96,26.0,111.23,39.0,294.5,10.0,203.17,181.58,78.0,36.0,10.060050695696203,114,42.0,46.0,0.37,110.0,
2025-06-03 07:31:41,114.31,13.0,264.12,17.0,112.0,72.0,293.89,37.0,189.21,149.81,85.0,54.0,6.734445040237372,139,31.0,25.0,0.22,114.0,4.0
2025-06-03 07:31:42,115.79,14.0,241.45,58.0,112.0,119.0,249.53,30.0,178.62,125.65999999999998,133.0,88.0,11.324382102347888,221,45.0,82.0,0.2,114.0,
2025-06-03 07:31:43,112.0,56.0,238.6,20.0,110.0,40.0,239.39,36.0,175.3,126.6,96.0,56.0,13.140366433245935,152,40.0,-69.0,0.26,114.0,2.0
2025-06-03 07:31:44,112.22,81.0,232.2,35.0,110.97,87.0,236.05,55.0,172.21,119.98,168.0,90.0,12.627623291814496,258,78.0,106.0,0.3,114.0,
2025-06-03 07:31:45,113.11,27.0,227.88,41.0,112.0,63.0,228.76,34.0,170.49,114.77,90.0,75.0,7.412572427975038,165,15.0,-93.0,0.09,113.5,4.0
2025-06-03 07:31:46,112.0,39.0,214.02,56.0,110.0,60.0,216.71,58.0,163.01,102.02,99.0,114.0,5.870079215817764,213,-15.0,48.0,-0.07,112.0,3.0
2025-06-03 07:31:47,112.0,27.0,210.3,50.0,110.0,50.0,220.73,44.0,161.15,98.3,77.0,94.0,6.084892768157513,171,-17.0,-42.0,-0.1,112.0,1.0
2025-06-03 07:31:48,112.0,20.0,206.98,47.0,110.0,50.0,208.18,49.0,159.49,94.98,70.0,96.0,5.720629336006256,166,-26.0,-5.0,-0.16,112.0,
2025-06-03 07:31:49,110.28,29.0,203.1,30.0,107.46,65.0,204.15,34.0,156.69,92.82,94.0,64.0,5.200507667523928,158,30.0,-8.0,0.19,112.0,2.0
2025-06-03 07:31:50,115.0,11.0,199.46,48.0,110.0,55.0,200.76,45.0,157.23,84.46000000000001,66.0,93.0,2.6500339620417863,159,-27.0,1.0,-0.17,112.0,
2025-06-03 07:31:51,111.65,26.0,194.1,48.0,108.64,73.0,195.41,51.0,152.88,82.44999999999999,99.0,99.0,3.13668933749816,198,0.0,39.0,0.0,115.0,1.0
2025-06-03 07:31:52,110.0,40.0,190.84,49.0,107.0,113.0,192.19,48.0,150.42,80.84,153.0,97.0,3.6357626435143415,250,56.0,52.0,0.22,110.0,3.0
2025-06-03 07:31:53,111.52,84.0,176.34,82.0,107.42,114.0,182.32,79.0,143.93,64.82000000000001,198.0,161.0,5.4194141749799885,359,37.0,109.0,0.1,110.0,
2025-06-03 07:31:54,114.0,42.0,159.09,44.0,110.0,22.0,174.62,52.0,136.55,45.09,64.0,96.0,8.09825721991921,160,-32.0,-174.5,-0.2,114.0,7.0
2025-06-03 07:31:55,114.0,14.0,154.3,64.0,110.0,28.0,159.43,60.0,134.15,40.30000000000001,42.0,124.0,8.242325521354596,166,-82.0,6.0,-0.49,114.0,
2025-06-03 07:31:56,110.87,23.0,131.3,60.0,108.12,172.0,140.98,61.0,121.08,20.430000000000007,195.0,121.0,11.063874999292665,316,74.0,150.0,0.23,114.0,1.0
2025-06-03 07:31:57,108.09,94.0,111.67,30.0,107.38,96.0,135.57,28.0,109.88,3.5799999999999983,190.0,58.0,13.55231603822658,248,132.0,-68.0,0.53,110.0,2.0
2025-06-03 07:31:58,108.0,192.0,110.28,40.0,107.0,132.0,114.93,43.0,109.14,2.280000000000001,324.0,83.0,12.964542028161784,407,241.0,159.0,0.59,108.0,7.0
2025-06-03 07:31:59,108.0,54.0,109.63,38.0,107.0,96.0,150.86,28.0,108.82,1.6299999999999957,150.0,66.0,11.061310048993889,216,84.0,-174.5,0.39,108.0,9.0
2025-06-03 07:32:00,108.12,67.0,112.0,56.0,105.05,76.0,406.0,43.0,110.06,3.879999999999996,143.0,99.0,5.215081974425059,242,44.0,26.0,0.18,108.0,2.0
2025-06-03 07:32:01,109.48,31.0,112.8,40.0,108.5,30.0,351.71,28.0,111.14,3.319999999999993,61.0,68.0,0.9035042888515904,129,-7.0,-113.0,-0.05,109.0,1.0
2025-06-03 07:32:02,110.11,44.0,112.92,48.0,109.15,40.0,282.19,32.0,111.52,2.8100000000000023,84.0,80.0,1.188814535566086,164,4.0,35.0,0.02,111.0,2.0
2025-06-03 07:32:03,109.51,35.0,111.59,63.0,107.55,105.0,112.88,64.0,110.55,2.0799999999999983,140.0,127.0,1.052957738930295,267,13.0,103.0,0.05,109.5,4.0
2025-06-03 07:32:04,108.33,30.0,111.88,32.0,106.95,86.0,223.0,22.0,110.1,3.549999999999997,116.0,54.0,0.6431796016457476,170,62.0,-97.0,0.36,109.0,2.0
2025-06-03 07:32:05,109.0,24.0,113.0,24.0,107.0,72.0,443.2,15.0,111.0,4.0,96.0,39.0,0.5493814703584141,135,57.0,-35.0,0.42,109.0,
2025-06-03 07:32:06,109.0,9.0,113.0,24.0,107.0,72.0,425.57,14.0,111.0,4.0,81.0,38.0,0.5350513993750265,119,43.0,-16.0,0.36,109.0,3.0
2025-06-03 07:32:07,109.0,6.0,113.0,24.0,107.0,72.0,374.77,13.0,111.0,4.0,78.0,37.0,0.4024922359166492,115,41.0,-4.0,0.36,109.0,
2025-06-03 07:32:08,109.55,11.0,198.02,41.0,107.2,70.0,522.2,30.0,153.78,88.47000000000001,81.0,71.0,19.236368680184224,152,10.0,37.0,0.07,109.0,
2025-06-03 07:32:09,108.88,16.0,227.09,23.0,107.27,78.0,348.26,27.0,167.98,118.21,94.0,50.0,27.777856648776403,144,44.0,-8.0,0.31,110.0,1.0
2025-06-03 07:32:10,109.04,23.0,122.17,24.0,107.2,119.0,126.09,35.0,115.61,13.129999999999995,142.0,59.0,27.01611334000454,201,83.0,57.0,0.41,110.0,
2025-06-03 07:32:11,108.41,29.0,113.56,18.0,107.21,76.0,114.5,12.0,110.98,5.150000000000006,105.0,30.0,27.01997779421684,135,75.0,-66.0,0.56,110.0,
2025-06-03 07:32:12,108.0,55.0,111.36,22.0,107.0,132.0,113.55,22.0,109.68,3.3599999999999994,187.0,44.0,27.28006378291611,231,143.0,96.0,0.62,110.0,
2025-06-03 07:32:13,108.0,50.0,109.9,20.0,107.0,120.0,112.71,21.0,108.95,1.9000000000000057,170.0,41.0,25.47778345931945,211,129.0,-20.0,0.61,110.0,
2025-06-03 07:32:14,108.37,43.0,110.71,42.0,107.32,124.0,112.57,42.0,109.54,2.339999999999989,167.0,84.0,2.7072809237263944,251,83.0,40.0,0.33,109.0,2.0
2025-06-03 07:32:15,108.5,16.0,111.0,21.0,107.31,52.0,113.0,21.0,109.75,2.5,68.0,42.0,0.7411814892271154,110,26.0,-141.0,0.24,109.0,
2025-06-03 07:32:16,108.0,19.0,111.0,15.0,107.0,60.0,113.0,15.0,109.5,3.0,79.0,30.0,0.3153252288874811,109,49.0,-1.0,0.45,111.0,1.0
2025-06-03 07:32:17,109.19,79.0,111.95,38.0,107.64,87.0,194.0,60.0,110.57,2.760000000000005,166.0,98.0,0.587426591135376,264,68.0,155.0,0.26,109.57,7.0
2025-06-03 07:32:18,110.0,88.0,111.42,24.0,108.0,24.0,113.0,33.0,110.71,1.4200000000000017,112.0,57.0,0.5814034743385234,169,55.0,-95.0,0.33,110.0,4.0
2025-06-03 07:32:19,110.27,60.0,112.04,27.0,108.0,30.0,113.3,23.0,111.15,1.7700000000000102,90.0,50.0,0.6891153749357914,140,40.0,-29.0,0.29,111.0,2.0
2025-06-03 07:32:20,108.0,7.0,113.0,14.0,107.0,54.0,114.0,7.0,110.5,5.0,61.0,21.0,0.6063249953390439,82,40.0,-58.0,0.49,110.4,5.0
2025-06-03 07:32:21,108.0,12.0,317.95,37.0,107.0,127.0,509.78,36.0,212.97,209.95,139.0,73.0,45.72269786440836,212,66.0,130.0,0.31,113.33,3.0
2025-06-03 07:32:22,111.73,15.0,345.03,31.0,107.02,93.0,576.83,41.0,228.38,233.29999999999995,108.0,72.0,60.4348597251617,180,36.0,-32.0,0.2,113.33,
2025-06-03 07:32:23,107.85,113.0,321.59,49.0,105.64,14.0,511.77,57.0,214.72,213.74,127.0,106.0,59.38100815917469,233,21.0,53.0,0.09,113.6,5.0
2025-06-03 07:32:24,107.0,83.0,377.41,39.0,105.0,13.0,572.32,38.0,242.21,270.41,96.0,77.0,52.36134098741141,173,19.0,-60.0,0.11,107.0,3.0
2025-06-03 07:32:27,109.25,24.0,123.21,38.0,107.67,48.0,269.6,20.0,116.23,13.959999999999994,72.0,58.0,89.80284060095187,130,14.0,-7.0,0.11,107.0,
2025-06-03 07:32:28,110.82,22.0,121.64,55.0,108.7,20.0,201.91,22.0,116.23,10.820000000000007,42.0,77.0,107.57952834996055,119,-35.0,-11.0,-0.29,107.0,
2025-06-03 07:32:29,111.0,14.0,121.0,35.0,110.0,7.0,323.0,14.0,116.0,10.0,21.0,49.0,117.43773618390286,70,-28.0,-49.0,-0.4,107.0,
2025-06-03 07:32:30,111.65,26.0,121.0,55.0,110.23,13.0,317.2,40.0,116.33,9.349999999999994,39.0,95.0,89.53783390276963,134,-56.0,64.0,-0.42,107.0,
2025-06-03 07:32:31,114.97,32.0,120.31,84.0,114.2,44.0,292.67,90.0,117.64,5.340000000000003,76.0,174.0,0.6563764163628436,250,-98.0,116.0,-0.39,114.0,1.0
2025-06-03 07:32:32,113.14,7.0,118.57,21.0,111.25,16.0,120.0,35.0,115.86,5.429999999999993,23.0,56.0,0.7110344576441605,79,-33.0,-171.0,-0.42,115.25,4.0
2025-06-03 07:32:33,112.0,11.0,115.16,45.0,109.0,22.0,117.58,43.0,113.58,3.1599999999999966,33.0,88.0,1.4667037873944744,121,-55.0,42.0,-0.45,115.25,
2025-06-03 07:32:34,108.9,31.0,113.02,52.0,107.85,52.0,114.47,38.0,110.96,4.11999999999999,83.0,90.0,2.6332831218760417,173,-7.0,52.0,-0.04,109.0,6.0
2025-06-03 07:32:35,107.83,36.0,109.27,33.0,106.91,66.0,115.18,33.0,108.55,1.4399999999999975,102.0,66.0,3.657324158446599,168,36.0,-5.0,0.21,108.0,3.0
2025-06-03 07:32:36,108.26,54.0,110.0,24.0,106.95,40.0,129.0,24.0,109.13,1.7399999999999949,94.0,48.0,3.077325137186023,142,46.0,-26.0,0.32,108.0,
2025-06-03 07:32:37,109.36,25.0,130.55,33.0,108.8,82.0,310.74,23.0,119.95,21.19000000000001,107.0,56.0,4.636219364952124,163,51.0,21.0,0.31,110.0,3.0
2025-06-03 07:32:38,110.58,12.0,138.17,36.0,109.0,96.0,358.41,17.0,124.38,27.58999999999999,108.0,53.0,7.142193640609113,161,55.0,-2.0,0.34,110.0,
2025-06-03 07:32:39,111.38,16.0,244.26,39.0,109.35,62.0,399.28,43.0,177.82,132.88,78.0,82.0,28.69805272139485,160,-4.0,-1.0,-0.03,110.0,
2025-06-03 07:32:40,110.24,25.0,129.9,40.0,109.06,94.0,208.1,42.0,120.07,19.66000000000001,119.0,82.0,27.17138476412195,201,37.0,41.0,0.18,112.0,1.0
2025-06-03 07:32:41,110.0,10.0,111.0,10.0,109.0,40.0,131.0,10.0,110.5,1.0,50.0,20.0,26.91056725526161,70,30.0,-131.0,0.43,110.0,2.0
2025-06-03 07:32:42,108.06,51.0,110.12,34.0,101.27,66.0,119.75,24.0,109.09,2.0600000000000023,117.0,58.0,28.37766674693249,175,59.0,105.0,0.34,109.25,4.0
2025-06-03 07:32:43,107.32,38.0,110.5,16.0,98.6,40.0,253.14,14.0,108.91,3.180000000000007,78.0,30.0,29.7327138014672,108,48.0,-67.0,0.44,109.0,3.0
2025-06-03 07:32:44,107.76,68.0,138.5,16.0,105.41,68.0,390.0,14.0,123.13,30.739999999999995,136.0,30.0,6.743330037893569,166,106.0,58.0,0.64,111.0,2.0
2025-06-03 07:32:45,108.0,72.0,264.15,26.0,107.0,76.0,347.18,17.0,186.08,156.14999999999998,148.0,43.0,33.25740774624443,191,105.0,25.0,0.55,111.0,
2025-06-03 07:32:46,108.0,44.0,195.08,24.0,107.0,80.0,215.18,22.0,151.54,87.08000000000001,124.0,46.0,33.06372105495628,170,78.0,-21.0,0.46,108.0,4.0
2025-06-03 07:32:47,114.6,70.0,134.64,44.0,109.59,34.0,282.45,22.0,124.62,20.039999999999992,104.0,66.0,30.568462997016383,170,38.0,0.0,0.22,115.0,4.0
2025-06-03 07:32:48,115.0,29.0,134.0,40.0,112.0,20.0,289.57,28.0,124.5,19.0,49.0,68.0,27.3790335841125,117,-19.0,-53.0,-0.16,115.0,1.0
2025-06-03 07:32:49,115.75,16.0,134.0,48.0,114.0,24.0,301.69,29.0,124.88,18.25,40.0,77.0,27.08755212269946,117,-37.0,0.0,-0.32,115.0,
2025-06-03 07:32:50,115.67,9.0,134.0,36.0,113.0,18.0,191.41,22.0,124.83,18.33,27.0,58.0,12.00085330299309,85,-31.0,-32.0,-0.36,116.0,2.0
2025-06-03 07:32:51,110.33,18.0,131.7,40.0,109.45,22.0,168.94,17.0,121.02,21.36999999999999,40.0,57.0,1.6563212248716723,97,-17.0,12.0,-0.18,113.0,3.0
2025-06-03 07:32:52,109.0,16.0,110.0,32.0,108.0,16.0,111.0,16.0,109.5,1.0,32.0,48.0,6.5994151255971545,80,-16.0,-17.0,-0.2,113.0,
2025-06-03 07:32:53,108.17,36.0,109.59,51.0,107.04,156.0,120.05,37.0,108.88,1.4200000000000017,192.0,88.0,8.036940960338121,280,104.0,173.5,0.37,109.33,3.0
2025-06-03 07:32:54,107.0,80.0,108.5,40.0,74.23,26.0,110.0,8.0,107.75,1.5,106.0,48.0,7.926413438621581,154,58.0,-126.0,0.38,107.29,7.0
2025-06-03 07:32:55,107.0,35.0,109.57,7.0,73.0,28.0,111.0,14.0,108.29,2.569999999999993,63.0,21.0,5.590453469975484,84,42.0,-70.0,0.5,107.29,
2025-06-03 07:32:56,107.0,39.0,108.5,8.0,85.87,38.0,111.0,16.0,107.75,1.5,77.0,24.0,0.7569213961575624,101,53.0,17.0,0.52,107.0,1.0
2025-06-03 07:32:57,107.27,22.0,109.8,10.0,101.23,13.0,318.39,23.0,108.54,2.530000000000001,35.0,33.0,0.4955501992342716,68,2.0,-33.0,0.03,108.0,1.0
2025-06-03 07:32:58,110.0,8.0,111.0,16.0,107.43,42.0,449.11,19.0,110.5,1.0,50.0,35.0,1.1345615893203431,85,15.0,17.0,0.18,108.0,
2025-06-03 07:32:59,110.0,4.0,111.0,8.0,108.0,36.0,273.45,11.0,110.5,1.0,40.0,19.0,1.295272172155745,59,21.0,-26.0,0.36,108.0,
2025-06-03 07:33:00,110.0,11.0,236.32,31.0,108.02,92.0,263.3,46.0,173.16,126.32,103.0,77.0,28.57463560572488,180,26.0,121.0,0.14,111.0,2.0
2025-06-03 07:33:01,110.42,12.0,213.79,14.0,109.07,15.0,324.83,23.0,162.1,103.37,27.0,37.0,31.89991849519304,64,-10.0,-116.0,-0.16,111.0,4.0
2025-06-03 07:33:02,111.79,14.0,132.85,26.0,110.0,14.0,176.32,31.0,122.32,21.059999999999988,28.0,57.0,29.788062709749333,85,-29.0,21.0,-0.34,111.0,
2025-06-03 07:33:03,113.18,11.0,129.71,17.0,110.0,11.0,132.43,28.0,121.44,16.53,22.0,45.0,27.80888131514748,67,-23.0,-18.0,-0.34,111.0,
2025-06-03 07:33:04,112.62,21.0,128.16,31.0,111.19,32.0,129.04,45.0,120.39,15.539999999999992,53.0,76.0,25.63949141461192,129,-23.0,62.0,-0.18,113.5,2.0
2025-06-03 07:33:05,110.0,8.0,123.31,26.0,109.0,16.0,124.07,29.0,116.65,13.310000000000002,24.0,55.0,18.86238717659985,79,-31.0,-50.0,-0.39,113.5,
2025-06-03 07:33:06,107.3,63.0,120.5,46.0,99.37,38.0,121.76,49.0,113.9,13.200000000000005,101.0,95.0,3.55044363424612,196,6.0,117.0,0.03,108.33,3.0
2025-06-03 07:33:07,109.33,58.0,117.54,26.0,106.63,107.0,118.95,59.0,113.43,8.210000000000008,165.0,85.0,3.658957501797313,250,80.0,54.0,0.32,108.2,5.0
2025-06-03 07:33:08,107.49,74.0,115.54,67.0,102.49,43.0,117.04,25.0,111.51,8.050000000000011,117.0,92.0,3.445095063994438,209,25.0,-41.0,0.12,115.0,5.0
2025-06-03 07:33:09,108.0,24.0,114.0,24.0,107.0,24.0,118.0,6.0,111.0,6.0,48.0,30.0,2.2412875763629367,78,18.0,-131.0,0.23,115.0,
2025-06-03 07:33:10,108.0,52.0,113.93,30.0,107.0,52.0,116.93,15.0,110.97,5.930000000000007,104.0,45.0,1.3986314739626202,149,59.0,71.0,0.4,114.0,2.0
2025-06-03 07:33:11,108.0,48.0,110.84,19.0,107.0,45.0,111.65,17.0,109.42,2.8400000000000034,93.0,36.0,1.4412251732324328,129,57.0,-20.0,0.44,114.0,
2025-06-03 07:33:12,107.29,49.0,109.25,32.0,101.88,58.0,157.61,46.0,108.27,1.9599999999999935,107.0,78.0,1.348751274312232,185,29.0,56.0,0.16,108.0,4.0
2025-06-03 07:33:13,107.0,49.0,108.33,12.0,79.0,42.0,137.22,23.0,107.67,1.3299999999999983,91.0,35.0,1.5226063181134109,126,56.0,-59.0,0.44,107.0,1.0
2025-06-03 07:33:14,109.16,50.0,174.3,33.0,89.5,52.0,277.65,51.0,141.73,65.14000000000001,102.0,84.0,14.654515345106388,186,18.0,60.0,0.1,108.0,2.0
2025-06-03 07:33:15,113.05,44.0,216.9,61.0,108.02,120.0,297.37,57.0,164.97,103.85,164.0,118.0,25.934934355034684,282,46.0,96.0,0.16,113.0,4.0
2025-06-03 07:33:16,114.29,14.0,216.0,27.0,108.93,54.0,289.52,21.0,165.14,101.71,68.0,48.0,28.63856455899908,116,20.0,-166.0,0.17,114.33,3.0
2025-06-03 07:33:17,113.0,8.0,175.17,36.0,108.0,88.0,278.86,28.0,144.08,62.16999999999999,96.0,64.0,23.500484463090512,160,32.0,44.0,0.2,114.33,
2025-06-03 07:33:18,108.6,75.0,197.4,53.0,107.8,123.0,290.55,67.0,153.0,88.80000000000001,198.0,120.0,11.114928249879023,318,78.0,158.0,0.25,113.0,1.0
2025-06-03 07:33:19,109.23,61.0,203.24,49.0,107.96,114.0,223.76,41.0,156.24,94.01,175.0,90.0,8.84295651917156,265,85.0,-53.0,0.32,113.0,
2025-06-03 07:33:20,110.83,60.0,125.67,54.0,108.0,132.0,169.31,39.0,118.25,14.840000000000003,192.0,93.0,17.923038804844406,285,99.0,20.0,0.35,113.0,
2025-06-03 07:33:21,111.57,47.0,116.23,43.0,108.5,119.0,314.08,61.0,113.9,4.660000000000011,166.0,104.0,19.757481620893845,270,62.0,-15.0,0.23,112.0,5.0
2025-06-03 07:33:22,108.84,38.0,116.0,27.0,107.75,59.0,259.82,44.0,112.42,7.159999999999997,97.0,71.0,21.914397550468003,168,26.0,-102.0,0.15,108.89,9.0
2025-06-03 07:33:23,108.0,52.0,111.42,43.0,107.0,39.0,160.45,58.0,109.71,3.4200000000000017,91.0,101.0,19.33142855559201,192,-10.0,24.0,-0.05,108.89,
2025-06-03 07:33:24,108.0,16.0,110.0,12.0,107.0,12.0,111.0,20.0,109.0,2.0,28.0,32.0,3.7061206132501714,60,-4.0,-132.0,-0.07,108.89,
2025-06-03 07:33:25,107.91,57.0,109.71,31.0,91.62,13.0,115.71,45.0,108.81,1.7999999999999972,70.0,76.0,2.270323765447958,146,-6.0,86.0,-0.04,109.5,12.0
2025-06-03 07:33:26,107.0,12.0,112.0,14.0,17.52,23.0,181.0,21.0,109.5,5.0,35.0,35.0,1.4614958090797885,70,0.0,-76.0,0.0,109.5,
2025-06-03 07:33:27,107.0,10.0,112.0,12.0,95.83,12.0,186.22,23.0,109.5,5.0,22.0,35.0,0.3801710140947005,57,-13.0,-13.0,-0.23,109.5,
2025-06-03 07:33:28,107.88,58.0,112.0,12.0,99.62,24.0,187.0,24.0,109.94,4.1200000000000045,82.0,36.0,0.4492215488573482,118,46.0,61.0,0.39,109.5,
2025-06-03 07:33:29,109.0,136.0,111.22,9.0,107.0,24.0,128.67,18.0,110.11,2.219999999999999,160.0,27.0,0.5039543629712863,187,133.0,69.0,0.71,109.5,
2025-06-03 07:33:30,109.0,204.0,111.0,14.0,107.0,36.0,123.54,26.0,110.0,2.0,240.0,40.0,0.2894822964497041,280,200.0,93.0,0.71,109.5,
2025-06-03 07:33:31,110.0,110.0,111.0,21.0,107.0,21.0,218.91,34.0,110.5,1.0,131.0,55.0,0.3588871688397244,186,76.0,-94.0,0.41,110.0,3.0
2025-06-03 07:33:32,110.0,70.0,111.0,15.0,107.0,15.0,608.0,20.0,110.5,1.0,85.0,35.0,0.2716615540664353,120,50.0,-66.0,0.42,110.0,
2025-06-03 07:33:33,109.68,63.0,302.8,25.0,106.6,15.0,676.27,30.0,206.24,193.12,78.0,55.0,42.91632906016029,133,23.0,13.0,0.17,111.0,3.0
2025-06-03 07:33:34,109.58,73.0,121.86,29.0,92.76,17.0,277.14,44.0,115.72,12.28,90.0,73.0,42.35328700348957,163,17.0,30.0,0.1,111.0,
2025-06-03 07:33:35,109.17,70.0,309.75,32.0,105.0,16.0,536.56,36.0,209.46,200.58,86.0,68.0,52.42345925251364,154,18.0,-9.0,0.12,111.0,3.0
2025-06-03 07:33:37,112.44,50.0,129.08,26.0,110.97,77.0,369.73,44.0,120.76,16.640000000000015,127.0,70.0,85.69922706769272,197,57.0,-6.0,0.29,111.0,
2025-06-03 07:33:38,114.0,63.0,127.62,32.0,113.0,9.0,128.48,21.0,120.81,13.620000000000005,72.0,53.0,91.3995833141484,125,19.0,-72.0,0.15,111.0,
2025-06-03 07:33:39,114.36,77.0,126.68,34.0,113.0,11.0,127.86,43.0,120.52,12.320000000000007,88.0,77.0,90.59548239288732,165,11.0,40.0,0.07,111.0,
2025-06-03 07:33:40,116.33,126.0,124.88,41.0,115.62,56.0,125.57,47.0,120.61,8.549999999999997,182.0,88.0,91.9717849669123,270,94.0,105.0,0.35,111.0,
2025-06-03 07:33:41,117.0,121.0,122.0,15.0,116.0,77.0,123.73,22.0,119.5,5.0,198.0,37.0,0.5380985039504426,235,161.0,-35.0,0.69,111.0,
2025-06-03 07:33:42,117.0,67.0,118.15,13.0,116.0,84.0,119.08,12.0,117.58,1.1500000000000057,151.0,25.0,1.342843996878895,176,126.0,-59.0,0.72,117.0,10.0
2025-06-03 07:33:43,116.02,52.0,230.5,12.0,114.4,15.0,410.33,24.0,173.26,114.48,67.0,36.0,24.049658625434876,103,31.0,-73.0,0.3,116.25,4.0
2025-06-03 07:33:44,116.0,32.0,366.41,17.0,113.0,8.0,427.0,17.0,241.21,250.41000000000005,40.0,34.0,53.86825846451652,74,6.0,-29.0,0.08,116.25,
2025-06-03 07:33:45,116.0,32.0,149.0,8.0,113.0,8.0,540.62,8.0,132.5,33.0,40.0,16.0,52.23975401932857,56,24.0,-18.0,0.43,116.25,
2025-06-03 07:33:46,116.0,28.0,332.29,7.0,113.0,7.0,516.43,7.0,224.14,216.29,35.0,14.0,54.46869394431957,49,21.0,-7.0,0.43,116.25,
2025-06-03 07:33:47,116.0,40.0,270.5,10.0,113.0,10.0,325.2,10.0,193.25,154.5,50.0,20.0,42.84799260175388,70,30.0,21.0,0.43,116.25,
2025-06-03 07:33:48,116.0,20.0,131.0,5.0,113.0,5.0,132.0,5.0,123.5,15.0,25.0,10.0,53.095278038634994,35,15.0,-35.0,0.43,116.25,
2025-06-03 07:33:49,116.04,28.0,131.0,10.0,113.3,10.0,598.37,19.0,123.52,14.959999999999994,38.0,29.0,46.46741568023722,67,9.0,32.0,0.13,116.0,3.0
2025-06-03 07:33:50,113.13,31.0,128.61,49.0,111.71,41.0,505.68,25.0,120.87,15.480000000000018,72.0,74.0,48.40031952373823,146,-2.0,79.0,-0.01,115.33,3.0
2025-06-03 07:33:51,111.64,33.0,127.0,45.0,109.47,45.0,130.0,9.0,119.32,15.36,78.0,54.0,32.00257755244033,132,24.0,-14.0,0.18,112.0,5.0
2025-06-03 07:33:52,109.5,48.0,116.77,26.0,108.83,116.0,126.47,34.0,113.13,7.269999999999996,164.0,60.0,4.272981394759156,224,104.0,92.0,0.46,110.0,3.0
2025-06-03 07:33:53,108.81,104.0,111.0,18.0,107.92,76.0,112.97,37.0,109.9,2.1899999999999977,180.0,55.0,5.649138872426304,235,125.0,11.0,0.53,110.0,
2025-06-03 07:33:54,109.21,28.0,110.92,26.0,108.06,64.0,111.97,62.0,110.07,1.710000000000008,92.0,88.0,5.15621663625163,180,4.0,-55.0,0.02,110.0,3.0
2025-06-03 07:33:55,108.07,30.0,110.71,14.0,106.89,18.0,112.35,23.0,109.39,2.640000000000001,48.0,37.0,4.157856418872366,85,11.0,-95.0,0.13,110.22,9.0
2025-06-03 07:33:56,107.0,56.0,111.0,8.0,106.0,40.0,112.0,24.0,109.0,4.0,96.0,32.0,1.6385878066061104,128,64.0,43.0,0.5,110.22,
2025-06-03 07:33:57,108.71,7.0,110.57,7.0,107.0,49.0,112.0,21.0,109.64,1.8599999999999997,56.0,28.0,0.4232611486520559,84,28.0,-44.0,0.33,110.22,
2025-06-03 07:33:58,108.08,13.0,110.92,13.0,106.85,39.0,258.13,31.0,109.5,2.8400000000000034,52.0,44.0,0.3887801434721919,96,8.0,12.0,0.08,109.0,1.0
2025-06-03 07:33:59,107.0,24.0,111.26,34.0,106.0,44.0,338.5,30.0,109.13,4.260000000000005,68.0,64.0,0.2633818519911118,132,4.0,36.0,0.03,109.0,
2025-06-03 07:34:00,107.0,31.0,110.2,25.0,106.0,77.0,111.06,53.0,108.6,3.200000000000003,108.0,78.0,0.4138598796190296,186,30.0,54.0,0.16,107.0,1.0
2025-06-03 07:34:01,107.26,27.0,109.52,31.0,106.03,69.0,110.9,61.0,108.39,2.259999999999991,96.0,92.0,0.5465985729566848,188,4.0,2.0,0.02,107.0,
2025-06-03 07:34:02,107.89,36.0,109.26,46.0,106.14,28.0,131.4,25.0,108.57,1.3700000000000043,64.0,71.0,0.4617033679304247,135,-7.0,-53.0,-0.05,108.0,7.0
2025-06-03 07:34:03,107.0,2.0,111.0,3.0,105.0,6.0,247.0,2.0,109.0,4.0,8.0,5.0,0.3125219991589428,13,3.0,-122.0,0.23,108.0,
2025-06-03 07:34:04,107.0,30.0,110.2,25.0,105.0,66.0,132.48,29.0,108.6,3.200000000000003,96.0,54.0,0.2235397055520824,150,42.0,137.0,0.28,108.0,
2025-06-03 07:34:05,107.0,28.0,109.44,18.0,105.0,48.0,116.6,20.0,108.22,2.4399999999999977,76.0,38.0,0.2914275209349984,114,38.0,-36.0,0.33,107.0,2.0
2025-06-03 07:34:06,107.92,26.0,111.0,33.0,106.45,22.0,289.85,13.0,109.46,3.0799999999999983,48.0,46.0,0.4744470465271069,94,2.0,-20.0,0.02,107.0,
2025-06-03 07:34:07,108.64,11.0,111.0,35.0,107.87,15.0,484.43,7.0,109.82,2.3599999999999994,26.0,42.0,0.6423394740775833,68,-16.0,-26.0,-0.24,107.0,
2025-06-03 07:34:08,110.0,5.0,111.0,25.0,109.0,5.0,329.8,5.0,110.5,1.0,10.0,30.0,0.920651942896032,40,-20.0,-28.0,-0.5,107.0,
2025-06-03 07:34:09,110.0,7.0,111.0,35.0,109.0,7.0,213.0,12.0,110.5,1.0,14.0,47.0,0.9410632284592806,61,-33.0,21.0,-0.54,107.0,
2025-06-03 07:34:10,107.5,10.0,111.0,50.0,106.0,15.0,194.54,13.0,109.25,3.5,25.0,63.0,0.5792926721081394,88,-38.0,27.0,-0.43,108.33,6.0
2025-06-03 07:34:11,105.17,54.0,110.41,49.0,103.68,19.0,113.98,53.0,107.79,5.239999999999995,73.0,102.0,1.12506444258016,175,-29.0,87.0,-0.17,108.5,2.0
2025-06-03 07:34:12,104.98,42.0,110.0,40.0,103.54,13.0,111.12,32.0,107.49,5.019999999999996,55.0,72.0,1.4361859210973542,127,-17.0,-48.0,-0.13,105.0,1.0
2025-06-03 07:34:13,104.0,5.0,110.0,25.0,103.0,30.0,111.0,20.0,107.0,6.0,35.0,45.0,1.439836796292664,80,-10.0,-47.0,-0.12,105.0,
2025-06-03 07:34:14,103.45,11.0,110.0,30.0,98.0,32.0,111.0,24.0,106.73,6.549999999999997,43.0,54.0,0.9841341371776476,97,-11.0,17.0,-0.11,104.0,1.0
2025-06-03 07:34:15,103.0,96.0,109.11,85.0,18.65,34.0,110.18,62.0,106.05,6.109999999999999,130.0,147.0,0.6780265481221691,277,-17.0,173.5,-0.06,104.0,
2025-06-03 07:34:16,103.09,66.0,107.49,41.0,76.5,42.0,108.47,53.0,105.29,4.399999999999992,108.0,94.0,0.8586151640627541,202,14.0,-75.0,0.07,104.0,
2025-06-03 07:34:17,105.4,30.0,107.0,30.0,103.0,60.0,108.0,60.0,106.2,1.5999999999999943,90.0,90.0,0.6627442945499727,180,0.0,-22.0,0.0,104.0,
2025-06-03 07:34:18,102.68,47.0,107.96,69.0,100.73,52.0,108.9,59.0,105.32,5.279999999999987,99.0,128.0,0.614060257595766,227,-29.0,47.0,-0.13,106.0,3.0
2025-06-03 07:34:19,104.56,34.0,108.0,83.0,103.1,30.0,109.0,109.0,106.28,3.4399999999999977,64.0,192.0,0.4846338823881235,256,-128.0,29.0,-0.5,108.0,1.0
2025-06-03 07:34:20,106.08,26.0,108.0,45.0,102.16,75.0,109.0,66.0,107.04,1.9200000000000017,101.0,111.0,0.7353774540727888,212,-10.0,-44.0,-0.05,108.0,3.0
2025-06-03 07:34:21,106.55,22.0,108.0,22.0,103.86,63.0,109.0,71.0,107.27,1.4500000000000028,85.0,93.0,0.7721528345855828,178,-8.0,-34.0,-0.04,106.67,3.0
2025-06-03 07:34:22,106.91,22.0,108.0,18.0,103.41,73.0,109.0,81.0,107.45,1.0900000000000034,95.0,99.0,0.877479344462612,194,-4.0,16.0,-0.02,106.67,
2025-06-03 07:34:23,105.95,38.0,108.88,72.0,102.29,92.0,194.25,64.0,107.41,2.9299999999999926,130.0,136.0,0.4803644449358232,266,-6.0,72.0,-0.02,106.71,7.0
2025-06-03 07:34:24,102.75,32.0,109.0,63.0,100.77,53.0,277.43,28.0,105.88,6.25,85.0,91.0,0.6517284710356857,176,-6.0,-90.0,-0.03,106.71,
2025-06-03 07:34:25,103.0,28.0,108.24,37.0,102.0,56.0,184.28,25.0,105.62,5.239999999999995,84.0,62.0,0.8981814961123007,146,22.0,-30.0,0.15,108.33,6.0
2025-06-03 07:34:26,102.7,46.0,107.0,40.0,100.37,68.0,108.0,29.0,104.85,4.299999999999997,114.0,69.0,1.1488124302768337,183,45.0,37.0,0.25,102.8,5.0
2025-06-03 07:34:27,102.0,56.0,107.0,32.0,86.87,30.0,108.0,24.0,104.5,5.0,86.0,56.0,1.1306944768409328,142,30.0,-41.0,0.21,102.8,
2025-06-03 07:34:28,102.0,49.0,106.12,34.0,75.0,21.0,107.08,37.0,104.06,4.1200000000000045,70.0,71.0,0.7604735366589811,141,-1.0,-1.0,-0.01,102.8,
2025-06-03 07:34:29,102.0,63.0,105.93,43.0,75.88,17.0,106.91,53.0,103.97,3.930000000000007,80.0,96.0,0.6710812171105952,176,-16.0,35.0,-0.09,102.8,
2025-06-03 07:34:31,102.0,38.0,104.12,24.0,90.0,40.0,106.71,42.0,103.06,2.1200000000000045,78.0,66.0,0.774867730621617,144,12.0,-21.0,0.08,102.0,3.0
2025-06-03 07:34:32,102.0,27.0,104.5,8.0,0.0,0.0,106.83,12.0,103.25,2.5,27.0,20.0,0.6137344702383204,47,7.0,-97.0,0.15,104.0,3.0
2025-06-03 07:34:33,102.0,16.0,106.0,8.0,81.0,20.0,107.0,16.0,104.0,4.0,36.0,24.0,0.5977875876586195,60,12.0,13.0,0.2,104.0,
2025-06-03 07:34:34,102.0,32.0,104.44,18.0,82.0,40.0,106.62,13.0,103.22,2.4399999999999977,72.0,31.0,0.4985980344513213,103,41.0,43.0,0.4,104.82,11.0
2025-06-03 07:34:35,103.0,7.0,107.0,12.0,102.0,28.0,258.19,21.0,105.0,4.0,35.0,33.0,0.8096789486942968,68,2.0,-35.0,0.03,104.82,
2025-06-03 07:34:36,104.22,9.0,107.0,18.0,101.67,36.0,265.71,34.0,105.61,2.780000000000001,45.0,52.0,1.0641569432929892,97,-7.0,29.0,-0.07,104.82,
2025-06-03 07:34:37,105.94,17.0,107.0,14.0,101.0,28.0,212.84,25.0,106.47,1.0600000000000025,45.0,39.0,1.2848540773016397,84,6.0,-13.0,0.07,104.82,
2025-06-03 07:34:38,106.0,6.0,107.0,12.0,101.0,24.0,539.43,23.0,106.5,1.0,30.0,35.0,1.35124017108678,65,-5.0,-19.0,-0.08,104.82,
2025-06-03 07:34:39,106.0,9.0,107.0,21.0,95.49,82.0,291.07,29.0,106.5,1.0,91.0,50.0,0.684054091398197,141,41.0,76.0,0.29,107.0,3.0
2025-06-03 07:34:40,101.05,109.0,105.96,28.0,64.97,79.0,154.0,26.0,103.51,4.909999999999997,188.0,54.0,1.2918475142053765,242,134.0,101.0,0.55,107.0,1.0
2025-06-03 07:34:41,101.05,156.0,103.71,28.0,96.45,66.0,105.5,20.0,102.38,2.6599999999999966,222.0,48.0,1.9823899717156117,270,174.0,28.0,0.64,107.0,
2025-06-03 07:34:42,101.29,51.0,104.09,11.0,100.54,78.0,105.93,45.0,102.69,2.799999999999997,129.0,56.0,2.036008349678023,185,73.0,-85.0,0.39,102.67,3.0
2025-06-03 07:34:43,103.37,27.0,105.39,18.0,101.75,56.0,107.46,82.0,104.38,2.019999999999996,83.0,100.0,1.652019975653633,183,-17.0,-2.0,-0.09,105.0,1.0
2025-06-03 07:34:44,102.04,46.0,107.32,69.0,100.08,106.0,126.7,63.0,104.68,5.279999999999987,152.0,132.0,1.0091432009178098,284,20.0,101.0,0.07,105.7,10.0
2025-06-03 07:34:45,100.4,140.0,138.47,30.0,98.45,98.0,185.39,46.0,119.43,38.06999999999999,238.0,76.0,7.180833517075764,314,162.0,30.0,0.52,105.7,
2025-06-03 07:34:46,99.89,130.0,125.31,35.0,96.0,80.0,169.72,43.0,112.6,25.42,210.0,78.0,7.09348503910163,288,132.0,-26.0,0.46,102.0,1.0
2025-06-03 07:34:47,109.0,42.0,151.5,24.0,98.0,84.0,268.22,27.0,130.25,42.5,126.0,51.0,10.892142580776229,177,75.0,-111.0,0.42,102.0,
2025-06-03 07:34:48,109.0,21.0,381.57,28.0,98.0,84.0,584.57,21.0,245.29,272.57,105.0,49.0,58.25036780999719,154,56.0,-23.0,0.36,109.0,3.0
2025-06-03 07:34:49,110.47,30.0,374.17,36.0,100.2,90.0,607.42,48.0,242.32,263.70000000000005,120.0,84.0,67.6958482478797,204,36.0,50.0,0.18,109.0,
2025-06-03 07:34:50,109.0,24.0,416.62,24.0,100.37,76.0,647.26,39.0,262.81,307.62,100.0,63.0,71.20748998525335,163,37.0,-41.0,0.23,109.0,
2025-06-03 07:34:51,109.73,22.0,255.5,26.0,108.71,28.0,303.02,41.0,182.61,145.76999999999998,50.0,67.0,55.12228569281172,117,-17.0,-46.0,-0.15,109.0,
2025-06-03 07:34:52,113.61,56.0,251.39,18.0,109.8,45.0,378.11,57.0,182.5,137.77999999999997,101.0,75.0,37.83678276492276,176,26.0,59.0,0.15,115.0,2.0
2025-06-03 07:34:53,115.0,31.0,249.9,10.0,111.0,20.0,303.32,38.0,182.45,134.9,51.0,48.0,39.043232063956445,99,3.0,-77.0,0.03,115.0,3.0
2025-06-03 07:34:54,115.36,22.0,247.44,50.0,113.17,46.0,261.0,22.0,181.4,132.07999999999998,68.0,72.0,36.03530948944323,140,-4.0,41.0,-0.03,116.0,2.0
2025-06-03 07:34:55,113.67,18.0,245.83,12.0,111.4,30.0,247.07,28.0,179.75,132.16000000000005,48.0,40.0,1.2159646376262463,88,8.0,-52.0,0.09,115.0,1.0
2025-06-03 07:34:56,113.0,27.0,238.36,11.0,109.0,27.0,246.74,23.0,175.68,125.36,54.0,34.0,2.841818080025108,88,20.0,0.0,0.23,115.0,
2025-06-03 07:34:57,113.0,42.0,153.84,25.0,109.0,42.0,179.31,36.0,133.42,40.84,84.0,61.0,20.91008010505838,145,23.0,57.0,0.16,115.0,
2025-06-03 07:34:58,113.0,78.0,145.84,25.0,109.0,33.0,146.37,19.0,129.42,32.84,111.0,44.0,26.15098430269804,155,67.0,10.0,0.43,115.0,
2025-06-03 07:34:59,113.0,38.0,143.18,11.0,109.0,33.0,146.0,33.0,128.09,30.180000000000007,71.0,44.0,26.07851548688997,115,27.0,-40.0,0.23,115.0,
2025-06-03 07:35:00,112.36,28.0,141.08,12.0,107.46,39.0,146.0,36.0,126.72,28.720000000000013,67.0,48.0,20.84228826208774,115,19.0,0.0,0.17,111.0,6.0
2025-06-03 07:35:01,102.06,72.0,140.64,14.0,100.66,70.0,144.21,29.0,121.35,38.579999999999984,142.0,43.0,4.389242531458111,185,99.0,70.0,0.54,105.5,4.0
2025-06-03 07:35:02,102.14,14.0,139.71,7.0,101.0,49.0,236.22,18.0,120.93,37.57000000000001,63.0,25.0,3.92027677593826,88,38.0,-97.0,0.43,105.5,
2025-06-03 07:35:03,107.97,88.0,139.0,18.0,106.94,109.0,140.0,18.0,123.48,31.03,197.0,36.0,3.192934387042885,233,161.0,145.0,0.69,105.0,2.0
2025-06-03 07:35:04,109.14,29.0,137.86,7.0,108.19,74.0,139.14,7.0,123.5,28.720000000000013,103.0,14.0,2.2985930479232133,117,89.0,-116.0,0.76,109.5,4.0
2025-06-03 07:35:05,109.65,43.0,133.41,17.0,108.54,78.0,134.65,17.0,121.53,23.75999999999999,121.0,34.0,1.2353015825946814,155,87.0,38.0,0.56,110.0,1.0
2025-06-03 07:35:06,109.12,25.0,131.7,10.0,108.11,94.0,133.4,10.0,120.41,22.579999999999984,119.0,20.0,1.4430696448754383,139,99.0,-16.0,0.71,110.0,
2025-06-03 07:35:07,109.43,42.0,130.07,15.0,108.33,108.0,132.0,15.0,119.75,20.639999999999983,150.0,30.0,1.7246825794797496,180,120.0,41.0,0.67,110.0,4.0
2025-06-03 07:35:08,108.32,88.0,129.25,12.0,107.47,94.0,132.0,12.0,118.78,20.930000000000007,182.0,24.0,1.8136785823185129,206,158.0,26.0,0.77,109.0,4.0
2025-06-03 07:35:09,109.4,105.0,124.64,14.0,107.29,98.0,257.62,29.0,117.02,15.239999999999997,203.0,43.0,1.7088212311300544,246,160.0,40.0,0.65,109.0,
2025-06-03 07:35:10,115.0,27.0,119.15,27.0,108.0,108.0,121.0,9.0,117.07,4.150000000000006,135.0,36.0,1.5385155182710306,171,99.0,-75.0,0.58,109.0,
2025-06-03 07:35:11,115.0,30.0,117.5,22.0,108.0,120.0,118.29,28.0,116.25,2.5,150.0,50.0,1.4407740974770176,200,100.0,29.0,0.5,109.0,
2025-06-03 07:35:12,110.58,26.0,117.76,34.0,107.83,111.0,118.45,31.0,114.17,7.180000000000007,137.0,65.0,1.670350262657699,202,72.0,2.0,0.36,111.5,6.0
2025-06-03 07:35:13,111.0,11.0,114.3,23.0,109.0,11.0,114.5,32.0,112.65,3.299999999999997,22.0,55.0,1.949748701746088,77,-33.0,-125.0,-0.43,111.5,
2025-06-03 07:35:14,110.25,8.0,111.64,11.0,108.13,38.0,112.97,29.0,110.94,1.3900000000000006,46.0,40.0,2.5233469836628672,86,6.0,9.0,0.07,111.5,
2025-06-03 07:35:15,108.06,34.0,109.89,38.0,105.69,32.0,265.85,13.0,108.98,1.8299999999999983,66.0,51.0,2.8129113032515605,117,15.0,31.0,0.13,108.08,13.0
2025-06-03 07:35:16,99.71,14.0,112.0,7.0,77.29,14.0,601.12,17.0,105.86,12.290000000000006,28.0,24.0,3.2451117083946786,52,4.0,-65.0,0.08,108.0,2.0
2025-06-03 07:35:19,103.29,14.0,216.03,29.0,70.8,15.0,341.0,30.0,159.66,112.74,29.0,59.0,26.402309179311573,88,-30.0,-1.0,-0.34,107.0,2.0
2025-06-03 07:35:20,81.5,20.0,226.59,44.0,30.0,30.0,332.79,33.0,154.05,145.09,50.0,77.0,31.56924373500196,127,-27.0,39.0,-0.21,102.0,1.0
2025-06-03 07:35:21,87.95,77.0,152.71,45.0,72.83,41.0,178.55,44.0,120.33,64.76,118.0,89.0,30.272741534257523,207,29.0,80.0,0.14,102.0,
2025-06-03 07:35:22,113.0,60.0,123.67,75.0,99.75,40.0,127.11,57.0,118.33,10.670000000000002,100.0,132.0,25.02933638752656,232,-32.0,25.0,-0.14,102.0,
2025-06-03 07:35:23,113.95,76.0,123.0,50.0,112.74,38.0,189.0,10.0,118.47,9.049999999999995,114.0,60.0,20.82003650332921,174,54.0,-58.0,0.31,102.0,
2025-06-03 07:35:24,114.21,112.0,120.07,46.0,113.0,56.0,126.42,38.0,117.14,5.859999999999999,168.0,84.0,15.909245110939771,252,84.0,78.0,0.33,102.0,
2025-06-03 07:35:25,114.44,100.0,116.09,44.0,111.03,71.0,213.82,40.0,115.27,1.6500000000000057,171.0,84.0,1.864730543526659,255,87.0,3.0,0.34,116.0,5.0
2025-06-03 07:35:26,110.04,54.0,115.18,33.0,108.53,38.0,175.26,42.0,112.61,5.140000000000001,92.0,75.0,2.45926411756877,167,17.0,-88.0,0.1,112.2,5.0
2025-06-03 07:35:27,109.58,33.0,114.0,11.0,108.94,34.0,115.0,55.0,111.79,4.420000000000002,67.0,66.0,2.8589298697172287,133,1.0,-34.0,0.01,112.2,
2025-06-03 07:35:28,111.11,28.0,113.58,12.0,109.04,24.0,146.36,36.0,112.35,2.469999999999999,52.0,48.0,2.284189134017025,100,4.0,-33.0,0.04,112.0,4.0
2025-06-03 07:35:29,111.96,23.0,178.07,27.0,108.92,52.0,412.03,69.0,145.02,66.11,75.0,96.0,14.380191931958397,171,-21.0,71.0,-0.12,111.0,6.0
2025-06-03 07:35:30,108.76,33.0,143.3,10.0,107.33,12.0,195.6,43.0,126.03,34.540000000000006,45.0,53.0,14.411210913728286,98,-8.0,-73.0,-0.08,108.8,5.0
2025-06-03 07:35:31,107.0,20.0,140.36,42.0,106.0,20.0,188.11,18.0,123.68,33.360000000000014,40.0,60.0,13.51494469096937,100,-20.0,2.0,-0.2,108.8,
2025-06-03 07:35:32,107.0,92.0,139.88,34.0,106.0,20.0,140.46,26.0,123.44,32.879999999999995,112.0,60.0,11.831797412057105,172,52.0,72.0,0.3,108.8,
2025-06-03 07:35:33,107.04,131.0,137.23,52.0,106.28,36.0,138.85,34.0,122.13,30.189999999999984,167.0,86.0,9.58457354293664,253,81.0,81.0,0.32,107.0,4.0
2025-06-03 07:35:34,107.0,54.0,136.14,14.0,106.0,18.0,137.05,41.0,121.57,29.139999999999983,72.0,55.0,1.7287423173975076,127,17.0,-126.0,0.13,107.0,
2025-06-03 07:35:35,107.08,26.0,134.5,6.0,106.6,20.0,137.0,30.0,120.79,27.42,46.0,36.0,1.2291745197330066,82,10.0,-45.0,0.12,107.0,
2025-06-03 07:35:36,108.0,12.0,132.09,44.0,107.0,72.0,135.86,28.0,120.05,24.090000000000003,84.0,72.0,1.2967189363778282,156,12.0,74.0,0.08,107.0,
2025-06-03 07:35:37,107.33,18.0,129.88,40.0,106.64,28.0,133.0,8.0,118.6,22.55,46.0,48.0,1.3798985469812013,94,-2.0,-62.0,-0.02,107.5,4.0
2025-06-03 07:35:38,108.26,19.0,128.22,45.0,106.92,26.0,133.0,9.0,118.24,19.959999999999997,45.0,54.0,1.4174448842762142,99,-9.0,5.0,-0.09,107.5,
2025-06-03 07:35:39,109.12,17.0,126.9,39.0,106.67,24.0,128.56,27.0,118.01,17.78,41.0,66.0,1.2174851128292188,107,-25.0,8.0,-0.23,108.4,5.0
2025-06-03 07:35:40,107.0,11.0,123.89,19.0,106.0,22.0,126.45,47.0,115.45,16.89,33.0,66.0,1.6656980518571485,99,-33.0,-8.0,-0.33,108.4,
2025-06-03 07:35:41,112.88,81.0,121.09,55.0,106.25,24.0,122.71,35.0,116.98,8.210000000000008,105.0,90.0,1.272882555446758,195,15.0,96.0,0.08,108.4,
2025-06-03 07:35:42,111.14,44.0,121.0,45.0,109.73,44.0,332.57,14.0,116.07,9.86,88.0,59.0,1.2055081915775796,147,29.0,-48.0,0.2,110.0,2.0
2025-06-03 07:35:43,115.0,16.0,119.12,32.0,110.0,64.0,120.15,33.0,117.06,4.1200000000000045,80.0,65.0,0.9852055622866918,145,15.0,-2.0,0.1,110.0,
2025-06-03 07:35:44,112.65,34.0,116.67,51.0,109.92,74.0,144.33,43.0,114.66,4.019999999999996,108.0,94.0,1.021924654737609,202,14.0,57.0,0.07,115.0,2.0
2025-06-03 07:35:45,110.0,64.0,114.89,28.0,107.0,38.0,178.81,27.0,112.45,4.890000000000001,102.0,55.0,1.932700183670644,157,47.0,-45.0,0.3,115.0,
2025-06-03 07:35:46,110.0,48.0,114.67,12.0,107.0,16.0,128.0,6.0,112.33,4.670000000000002,64.0,18.0,2.118638713882216,82,46.0,-75.0,0.56,114.6,5.0
2025-06-03 07:35:47,110.0,20.0,113.2,10.0,106.43,7.0,140.0,5.0,111.6,3.200000000000003,27.0,15.0,2.237666194936245,42,12.0,-40.0,0.29,110.0,6.0
2025-06-03 07:35:48,110.0,14.0,111.29,21.0,106.73,30.0,125.88,17.0,110.64,1.2900000000000065,44.0,38.0,1.4859441442935726,82,6.0,40.0,0.07,111.0,1.0
2025-06-03 07:35:49,107.19,32.0,111.14,7.0,106.62,16.0,122.4,10.0,109.17,3.950000000000003,48.0,17.0,1.362596785538658,65,31.0,-17.0,0.48,110.0,2.0
2025-06-03 07:35:50,107.0,76.0,108.17,23.0,106.0,18.0,112.0,18.0,107.59,1.1700000000000017,94.0,41.0,1.9066803612457424,135,53.0,70.0,0.39,107.0,5.0
2025-06-03 07:35:51,107.25,44.0,110.0,24.0,89.43,37.0,115.33,18.0,108.62,2.75,81.0,42.0,1.599853118245588,123,39.0,-12.0,0.32,108.0,4.0
2025-06-03 07:35:52,108.65,52.0,111.64,22.0,107.8,66.0,117.0,22.0,110.15,2.989999999999995,118.0,44.0,1.2144669612468342,162,74.0,39.0,0.46,109.6,5.0
2025-06-03 07:35:53,109.0,32.0,111.0,20.0,108.0,70.0,264.0,15.0,110.0,2.0,102.0,35.0,1.0521074089464977,137,67.0,-25.0,0.49,109.0,2.0
2025-06-03 07:35:54,108.3,40.0,110.12,17.0,107.78,90.0,120.64,28.0,109.21,1.8200000000000076,130.0,45.0,1.052867513013918,175,85.0,38.0,0.49,109.33,3.0
2025-06-03 07:35:55,109.0,5.0,110.0,10.0,108.0,35.0,156.86,7.0,109.5,1.0,40.0,17.0,0.6186517598456636,57,23.0,-118.0,0.4,109.33,
2025-06-03 07:35:56,108.06,47.0,180.67,18.0,107.38,56.0,364.82,17.0,144.37,72.60999999999999,103.0,35.0,15.502797489484294,138,68.0,81.0,0.49,108.17,6.0
2025-06-03 07:35:57,110.94,81.0,178.18,17.0,107.69,32.0,209.0,24.0,144.56,67.24000000000001,113.0,41.0,19.114985482598744,154,72.0,16.0,0.47,108.17,
2025-06-03 07:35:58,112.0,40.0,125.5,10.0,108.0,20.0,150.73,11.0,118.75,13.5,60.0,21.0,17.930704671037354,81,39.0,-73.0,0.48,112.0,5.0
2025-06-03 07:35:59,112.75,24.0,124.0,12.0,108.0,24.0,155.2,20.0,118.38,11.25,48.0,32.0,16.268256513835794,80,16.0,-1.0,0.2,112.0,
2025-06-03 07:36:00,111.92,24.0,128.08,13.0,107.44,36.0,165.83,23.0,120.0,16.16000000000001,60.0,36.0,13.93711483772595,96,24.0,16.0,0.25,114.0,2.0
2025-06-03 07:36:01,107.25,24.0,152.54,26.0,105.59,51.0,268.46,13.0,129.89,45.28999999999999,75.0,39.0,11.24425764557006,114,36.0,18.0,0.32,107.5,4.0
2025-06-03 07:36:02,107.0,21.0,130.0,19.0,105.0,42.0,148.2,20.0,118.5,23.0,63.0,39.0,4.953658244162642,102,24.0,-12.0,0.24,107.5,
2025-06-03 07:36:03,107.0,18.0,123.94,16.0,105.0,36.0,145.18,17.0,115.47,16.939999999999998,54.0,33.0,5.527293189252808,87,21.0,-15.0,0.24,107.5,
2025-06-03 07:36:04,107.0,27.0,123.44,27.0,105.0,54.0,195.1,31.0,115.22,16.439999999999998,81.0,58.0,5.984607756566878,139,23.0,52.0,0.17,107.5,
2025-06-03 07:36:05,107.08,26.0,123.0,30.0,105.22,55.0,187.59,22.0,115.04,15.920000000000002,81.0,52.0,6.346615633545201,133,29.0,-6.0,0.22,107.5,
2025-06-03 07:36:06,114.36,33.0,122.0,39.0,109.29,49.0,157.64,44.0,118.18,7.640000000000001,82.0,83.0,1.7067278634745109,165,-1.0,32.0,-0.01,107.5,
2025-06-03 07:36:07,115.0,42.0,120.93,42.0,110.0,84.0,125.0,56.0,117.96,5.930000000000007,126.0,98.0,1.557684178503543,224,28.0,59.0,0.12,107.5,
2025-06-03 07:36:08,115.0,24.0,119.0,24.0,110.0,48.0,179.25,32.0,117.0,4.0,72.0,56.0,1.4842506526730177,128,16.0,-96.0,0.12,107.5,
2025-06-03 07:36:09,114.29,42.0,117.35,48.0,109.93,84.0,186.48,61.0,115.82,3.059999999999988,126.0,109.0,1.3553597308317409,235,17.0,107.0,0.07,112.5,6.0
2025-06-03 07:36:10,109.43,35.0,114.52,23.0,108.6,45.0,116.12,34.0,111.98,5.089999999999989,80.0,57.0,2.5303201378403224,137,23.0,-98.0,0.17,109.71,7.0
2025-06-03 07:36:11,108.0,35.0,113.67,12.0,107.0,15.0,115.71,14.0,110.83,5.670000000000002,50.0,26.0,3.144267800293133,76,24.0,-61.0,0.32,109.71,
2025-06-03 07:36:12,108.03,65.0,112.1,40.0,107.21,34.0,114.0,20.0,110.07,4.069999999999993,99.0,60.0,3.0898462744868382,159,39.0,83.0,0.25,109.71,
2025-06-03 07:36:13,108.11,53.0,109.79,34.0,107.47,45.0,112.1,42.0,108.95,1.6800000000000068,98.0,76.0,2.640293544278767,174,22.0,15.0,0.13,109.0,2.0
2025-06-03 07:36:14,104.46,28.0,107.66,32.0,61.21,28.0,154.79,34.0,106.06,3.200000000000003,56.0,66.0,2.2555420634428613,122,-10.0,-52.0,-0.08,107.14,7.0
2025-06-03 07:36:15,82.33,27.0,104.45,22.0,42.41,32.0,118.42,31.0,93.39,22.120000000000005,59.0,53.0,7.2026731148900565,112,6.0,-10.0,0.05,104.2,5.0
2025-06-03 07:36:16,85.4,15.0,200.8,20.0,59.62,16.0,532.5,24.0,143.1,115.4,31.0,44.0,18.448306968390348,75,-13.0,-37.0,-0.17,107.0,4.0
2025-06-03 07:36:19,98.17,30.0,359.71,28.0,87.57,28.0,446.75,16.0,228.94,261.54,58.0,44.0,105.80777225705094,102,14.0,-58.0,0.14,103.0,1.0
2025-06-03 07:36:20,105.62,21.0,303.88,32.0,87.33,61.0,359.5,40.0,204.75,198.26,82.0,72.0,80.31404877105848,154,10.0,52.0,0.06,107.0,1.0
2025-06-03 07:36:21,104.87,15.0,322.9,31.0,83.02,59.0,365.35,17.0,213.88,218.03,74.0,48.0,61.89557132784186,122,26.0,-32.0,0.21,108.5,2.0
2025-06-03 07:36:22,105.92,71.0,167.81,16.0,81.74,65.0,617.56,16.0,136.86,61.89,136.0,32.0,60.72315044527876,168,104.0,46.0,0.62,107.0,2.0
2025-06-03 07:36:23,106.45,143.0,153.0,11.0,77.8,64.0,218.91,55.0,129.73,46.55,207.0,66.0,46.107406888698,273,141.0,105.0,0.52,107.0,
2025-06-03 07:36:24,107.94,94.0,152.12,8.0,97.25,36.0,346.62,32.0,130.03,44.18000000000001,130.0,40.0,42.45302639388567,170,90.0,-103.0,0.53,107.0,
2025-06-03 07:36:25,106.29,21.0,152.0,9.0,98.55,47.0,392.0,45.0,129.14,45.71,68.0,54.0,37.00223466224645,122,14.0,-48.0,0.11,107.0,1.0
2025-06-03 07:36:26,112.0,28.0,377.0,16.0,109.25,8.0,524.75,8.0,244.5,265.0,36.0,24.0,50.65972137704621,60,12.0,-62.0,0.2,107.0,
2025-06-03 07:36:27,112.11,54.0,383.0,10.0,110.0,48.0,392.0,50.0,247.56,270.89,102.0,60.0,63.76306274011588,162,42.0,102.0,0.26,112.0,4.0
2025-06-03 07:36:28,113.5,24.0,261.5,28.0,109.71,56.0,366.85,20.0,187.5,148.0,80.0,48.0,58.23356317451264,128,32.0,-34.0,0.25,109.2,5.0
2025-06-03 07:36:29,108.0,55.0,222.43,28.0,107.0,25.0,232.5,20.0,165.21,114.43,80.0,48.0,51.21962436410438,128,32.0,0.0,0.25,109.2,
2025-06-03 07:36:30,108.08,53.0,228.93,41.0,107.4,35.0,573.54,13.0,168.5,120.85,88.0,54.0,40.51490194977589,142,34.0,14.0,0.24,109.2,
2025-06-03 07:36:31,109.0,10.0,160.69,13.0,108.0,35.0,251.53,17.0,134.85,51.69,45.0,30.0,41.85540383271859,75,15.0,-67.0,0.2,109.2,
2025-06-03 07:36:32,109.18,11.0,115.33,30.0,108.05,37.0,116.08,26.0,112.26,6.149999999999992,48.0,56.0,29.860298558453053,104,-8.0,29.0,-0.08,109.2,
2025-06-03 07:36:33,108.35,23.0,114.0,35.0,107.76,37.0,115.0,35.0,111.17,5.650000000000006,60.0,70.0,27.66839839961744,130,-10.0,26.0,-0.08,108.33,6.0
2025-06-03 07:36:34,108.64,33.0,111.6,50.0,107.6,30.0,115.0,50.0,110.12,2.9599999999999937,63.0,100.0,25.17906570943316,163,-37.0,33.0,-0.23,108.33,
2025-06-03 07:36:35,108.14,35.0,113.69,49.0,107.09,33.0,504.67,12.0,110.92,5.549999999999997,68.0,61.0,10.641044591578048,129,7.0,-34.0,0.05,109.83,6.0
2025-06-03 07:36:36,108.0,24.0,114.0,32.0,107.0,24.0,382.38,8.0,111.0,6.0,48.0,40.0,0.766994132932188,88,8.0,-41.0,0.09,109.83,
2025-06-03 07:36:37,108.16,19.0,114.0,24.0,107.21,19.0,611.0,6.0,111.08,5.840000000000003,38.0,30.0,0.4228711387082271,68,8.0,-20.0,0.12,108.75,4.0
2025-06-03 07:36:38,108.0,29.0,113.44,36.0,107.0,43.0,525.0,9.0,110.72,5.439999999999998,72.0,45.0,0.3861605882950641,117,27.0,49.0,0.23,108.75,
2025-06-03 07:36:39,109.0,4.0,110.75,16.0,108.0,12.0,661.0,4.0,109.88,1.75,16.0,20.0,0.4882622245805951,36,-4.0,-81.0,-0.11,108.75,
2025-06-03 07:36:40,107.76,17.0,126.65,23.0,105.66,29.0,418.6,10.0,117.21,18.89,46.0,33.0,2.963143600967121,79,13.0,43.0,0.16,108.5,4.0
2025-06-03 07:36:41,110.08,13.0,203.52,21.0,105.94,17.0,339.58,12.0,156.8,93.44,30.0,33.0,20.14725837427893,63,-3.0,-16.0,-0.05,108.5,
2025-06-03 07:36:42,113.48,33.0,186.71,17.0,112.64,33.0,187.93,15.0,150.1,73.23,66.0,32.0,22.675813546595244,98,34.0,35.0,0.35,114.33,3.0
2025-06-03 07:36:43,113.44,34.0,184.0,10.0,112.0,10.0,185.0,10.0,148.72,70.56,44.0,20.0,21.37228392100274,64,24.0,-34.0,0.38,113.0,1.0
2025-06-03 07:36:44,114.0,36.0,182.25,24.0,112.0,12.0,183.5,12.0,148.12,68.25,48.0,36.0,15.474385286658473,84,12.0,20.0,0.14,113.5,4.0
2025-06-03 07:36:45,107.0,42.0,180.13,15.0,57.88,16.0,181.86,21.0,143.57,73.13,58.0,36.0,4.778087483497145,94,22.0,10.0,0.23,113.5,
2025-06-03 07:36:46,109.0,33.0,177.65,23.0,107.0,110.0,177.86,21.0,143.33,68.65,143.0,44.0,3.113979768712696,187,99.0,93.0,0.53,113.5,
2025-06-03 07:36:47,109.0,30.0,130.53,15.0,107.0,66.0,140.61,18.0,119.77,21.53,96.0,33.0,11.964483691323752,129,63.0,-58.0,0.49,113.5,
2025-06-03 07:36:48,109.64,14.0,126.58,12.0,107.92,65.0,128.25,12.0,118.11,16.939999999999998,79.0,24.0,14.41623390487099,103,55.0,-26.0,0.53,110.0,3.0
2025-06-03 07:36:49,111.96,81.0,121.21,14.0,108.62,16.0,207.89,19.0,116.59,9.25,97.0,33.0,13.899564021937945,130,64.0,27.0,0.49,110.0,
2025-06-03 07:36:50,108.02,102.0,114.85,41.0,107.11,110.0,116.71,21.0,111.44,6.829999999999998,212.0,62.0,12.407055250942982,274,150.0,144.0,0.55,108.5,2.0
2025-06-03 07:36:51,108.0,66.0,112.0,8.0,107.0,42.0,113.29,14.0,110.0,4.0,108.0,22.0,4.256203707525237,130,86.0,-144.0,0.66,108.5,
2025-06-03 07:36:52,108.12,100.0,109.7,20.0,107.34,95.0,113.32,31.0,108.91,1.5799999999999983,195.0,51.0,4.09760295782199,246,144.0,116.0,0.59,108.0,3.0
2025-06-03 07:36:53,109.17,18.0,111.0,6.0,108.0,33.0,114.0,24.0,110.08,1.8299999999999983,51.0,30.0,3.0348031237547324,81,21.0,-165.0,0.26,108.0,
2025-06-03 07:36:54,107.33,27.0,111.0,6.0,106.58,36.0,133.0,30.0,109.17,3.6700000000000017,63.0,36.0,0.9905806377834148,99,27.0,18.0,0.27,108.71,7.0
2025-06-03 07:36:55,107.12,41.0,109.94,17.0,106.33,60.0,143.13,46.0,108.53,2.819999999999993,101.0,63.0,0.6806394052296382,164,38.0,65.0,0.23,107.2,5.0
2025-06-03 07:36:56,105.33,36.0,108.19,16.0,70.0,38.0,129.58,12.0,106.76,2.8599999999999994,74.0,28.0,1.2207989187213824,102,46.0,-62.0,0.45,107.0,2.0
2025-06-03 07:36:57,105.0,55.0,106.0,32.0,56.76,41.0,107.0,11.0,105.5,1.0,96.0,43.0,1.8549582205406252,139,53.0,37.0,0.38,106.0,5.0
2025-06-03 07:36:58,107.49,45.0,152.35,17.0,97.2,40.0,248.29,31.0,129.92,44.86,85.0,48.0,10.13509891416712,133,37.0,-6.0,0.28,106.25,4.0
2025-06-03 07:36:59,109.89,35.0,188.0,9.0,108.56,36.0,222.0,45.0,148.94,78.11,71.0,54.0,19.05921037188981,125,17.0,-8.0,0.14,110.0,3.0
2025-06-03 07:37:00,110.0,10.0,179.4,10.0,109.0,20.0,237.11,18.0,144.7,69.4,30.0,28.0,20.463095562498676,58,2.0,-67.0,0.03,110.0,
2025-06-03 07:37:01,110.23,26.0,179.94,32.0,109.08,48.0,284.84,57.0,145.08,69.71,74.0,89.0,17.92992247612782,163,-15.0,105.0,-0.09,110.0,
2025-06-03 07:37:02,109.77,31.0,257.45,22.0,108.0,30.0,338.43,28.0,183.61,147.68,61.0,50.0,19.90757393556419,111,11.0,-52.0,0.1,111.5,4.0
2025-06-03 07:37:04,112.0,12.0,284.89,38.0,110.0,74.0,347.79,29.0,198.45,172.89,86.0,67.0,82.51418465936604,153,19.0,-10.0,0.12,111.5,
2025-06-03 07:37:05,112.78,9.0,135.0,32.0,110.0,72.0,136.21,19.0,123.89,22.22,81.0,51.0,86.63174793342195,132,30.0,-21.0,0.23,111.5,
2025-06-03 07:37:06,113.92,12.0,133.5,42.0,110.7,86.0,134.86,42.0,123.71,19.58,98.0,84.0,90.41091239446683,182,14.0,50.0,0.08,111.5,
2025-06-03 07:37:07,114.55,11.0,131.59,34.0,112.0,66.0,133.79,43.0,123.07,17.040000000000006,77.0,77.0,96.16742286242238,154,0.0,-28.0,0.0,111.5,
2025-06-03 07:37:08,116.0,11.0,127.98,47.0,112.0,66.0,129.07,45.0,121.99,11.980000000000004,77.0,92.0,33.67668807944097,169,-15.0,15.0,-0.09,111.5,
2025-06-03 07:37:09,116.89,9.0,122.35,34.0,112.0,54.0,124.32,31.0,119.62,5.459999999999994,63.0,65.0,1.7511367736312022,128,-2.0,-41.0,-0.02,111.5,
2025-06-03 07:37:10,111.5,34.0,118.86,49.0,109.94,64.0,120.12,56.0,115.18,7.359999999999999,98.0,105.0,3.4632686872322886,203,-7.0,75.0,-0.03,112.71,7.0
2025-06-03 07:37:11,110.0,22.0,113.41,44.0,109.0,55.0,114.43,51.0,111.7,3.4099999999999966,77.0,95.0,4.780300199774482,172,-18.0,-31.0,-0.1,112.71,
2025-06-03 07:37:12,108.68,25.0,110.22,27.0,107.31,65.0,111.28,29.0,109.45,1.539999999999992,90.0,56.0,5.248825582924657,146,34.0,-26.0,0.23,109.0,9.0
2025-06-03 07:37:13,107.09,111.0,110.0,40.0,88.54,92.0,196.68,38.0,108.55,2.9099999999999966,203.0,78.0,4.544826729366569,281,125.0,135.0,0.44,107.22,9.0
2025-06-03 07:37:14,107.0,20.0,108.82,22.0,71.46,39.0,109.33,18.0,107.91,1.8199999999999927,59.0,40.0,2.955447512639194,99,19.0,-174.5,0.19,107.0,5.0
2025-06-03 07:37:15,107.0,7.0,108.4,15.0,78.15,27.0,289.57,21.0,107.7,1.4000000000000057,34.0,36.0,1.6243367877276578,70,-2.0,-29.0,-0.03,108.0,1.0
2025-06-03 07:37:16,108.04,52.0,297.96,23.0,104.71,31.0,465.76,33.0,203.0,189.92,83.0,56.0,42.3107689601591,139,27.0,69.0,0.19,108.0,3.0
2025-06-03 07:37:17,111.0,21.0,298.0,33.0,108.14,57.0,332.19,37.0,204.5,187.0,78.0,70.0,52.4188407922186,148,8.0,9.0,0.05,115.0,1.0
2025-06-03 07:37:18,115.88,16.0,220.48,21.0,112.87,15.0,268.85,20.0,168.18,104.6,31.0,41.0,48.29505067809703,72,-10.0,-76.0,-0.14,115.0,
2025-06-03 07:37:19,116.0,16.0,193.27,30.0,115.0,8.0,201.09,23.0,154.63,77.27000000000001,24.0,53.0,39.91032848774812,77,-29.0,5.0,-0.38,115.0,
2025-06-03 07:37:20,116.0,20.0,184.91,34.0,115.0,10.0,217.43,28.0,150.46,68.91,30.0,62.0,26.034843575484725,92,-32.0,15.0,-0.35,115.0,
2025-06-03 07:37:21,116.0,18.0,142.94,31.0,115.0,9.0,150.88,41.0,129.47,26.94,27.0,72.0,27.7876244036794,99,-45.0,7.0,-0.45,115.0,
2025-06-03 07:37:22,116.0,13.0,141.5,36.0,115.0,12.0,144.0,87.0,128.75,25.5,25.0,123.0,17.005001323139,148,-98.0,49.0,-0.66,116.0,1.0
2025-06-03 07:37:23,112.57,21.0,139.78,27.0,109.67,27.0,328.09,33.0,126.17,27.210000000000008,48.0,60.0,13.509503321734623,108,-12.0,-40.0,-0.11,113.4,5.0
2025-06-03 07:37:24,109.6,15.0,138.29,21.0,108.05,82.0,398.71,21.0,123.94,28.69,97.0,42.0,10.68169789874057,139,55.0,31.0,0.4,110.8,5.0
2025-06-03 07:37:25,109.0,20.0,137.25,36.0,108.0,130.0,410.35,34.0,123.12,28.25,150.0,70.0,2.8173480438097074,220,80.0,81.0,0.36,110.8,
2025-06-03 07:37:26,109.14,22.0,134.0,41.0,108.03,107.0,135.16,31.0,121.57,24.86,129.0,72.0,2.803292706792919,201,57.0,-19.0,0.28,110.8,
2025-06-03 07:37:27,109.0,36.0,130.79,42.0,108.0,156.0,132.0,54.0,119.89,21.789999999999992,192.0,96.0,2.379321331799959,288,96.0,87.0,0.33,109.0,1.0
2025-06-03 07:37:28,109.0,40.0,127.22,27.0,108.0,130.0,128.29,38.0,118.11,18.22,170.0,65.0,2.3725366172007263,235,105.0,-53.0,0.45,109.0,
2025-06-03 07:37:29,108.21,29.0,125.53,19.0,107.76,42.0,126.71,21.0,116.87,17.320000000000007,71.0,40.0,2.5269388595607496,111,31.0,-124.0,0.28,108.57,7.0
2025-06-03 07:37:30,108.1,81.0,121.85,47.0,107.12,32.0,123.27,49.0,114.97,13.75,113.0,96.0,2.5685248684718016,209,17.0,98.0,0.08,108.0,5.0
2025-06-03 07:37:31,109.0,40.0,115.21,33.0,108.0,20.0,116.46,28.0,112.11,6.209999999999994,60.0,61.0,2.990551788543048,121,-1.0,-88.0,-0.01,108.0,
2025-06-03 07:37:32,108.9,40.0,110.56,27.0,107.82,22.0,112.4,30.0,109.73,1.6599999999999966,62.0,57.0,3.436352717629253,119,5.0,-2.0,0.04,110.0,2.0
2025-06-03 07:37:33,107.64,28.0,109.34,44.0,83.03,72.0,230.46,37.0,108.49,1.7000000000000028,100.0,81.0,3.502895944780249,181,19.0,62.0,0.1,108.5,6.0
2025-06-03 07:37:34,87.14,58.0,108.5,14.0,74.55,87.0,208.63,38.0,97.82,21.36,145.0,52.0,6.526705141184007,197,93.0,16.0,0.47,107.67,3.0
2025-06-03 07:37:35,107.76,49.0,157.64,25.0,93.91,55.0,276.3,33.0,132.7,49.87999999999998,104.0,58.0,12.717143940364824,162,46.0,-35.0,0.28,107.67,3.0
2025-06-03 07:37:36,97.54,37.0,155.11,9.0,80.0,84.0,428.56,18.0,126.33,57.57000000000001,121.0,27.0,14.203549908384094,148,94.0,-14.0,0.64,108.25,4.0
2025-06-03 07:37:37,90.0,65.0,114.2,15.0,46.6,50.0,317.8,10.0,102.1,24.200000000000003,115.0,25.0,15.282102931205438,140,90.0,-8.0,0.64,108.25,
2025-06-03 07:37:38,87.67,84.0,137.22,9.0,46.1,69.0,331.43,21.0,112.44,49.55,153.0,30.0,15.059618853077186,183,123.0,43.0,0.67,103.75,4.0
2025-06-03 07:37:39,92.36,25.0,153.0,5.0,42.82,44.0,393.4,10.0,122.68,60.64,69.0,15.0,12.075723580802846,84,54.0,-99.0,0.64,110.0,2.0
2025-06-03 07:37:40,91.38,61.0,150.73,11.0,47.5,92.0,458.2,25.0,121.05,59.35,153.0,36.0,9.727350615658816,189,117.0,105.0,0.62,110.0,
2025-06-03 07:37:49,96.32,44.0,105.25,16.0,94.98,41.0,388.57,21.0,100.78,8.930000000000007,85.0,37.0,4.213502106319262,122,48.0,-6.0,0.39,104.2,5.0
2025-06-03 07:37:50,97.0,14.0,106.0,8.0,96.0,20.0,502.0,10.0,101.5,9.0,34.0,18.0,4.351760563261364,52,16.0,-70.0,0.31,104.2,
2025-06-03 07:37:52,107.47,30.0,228.61,31.0,105.0,70.0,472.0,25.0,168.04,121.14,100.0,56.0,87.28157927077146,156,44.0,116.0,0.28,104.2,
2025-06-03 07:37:53,109.41,32.0,123.83,36.0,106.35,46.0,134.12,16.0,116.62,14.420000000000002,78.0,52.0,84.1118298457474,130,26.0,-26.0,0.2,107.67,3.0
2025-06-03 07:37:54,112.14,28.0,123.0,24.0,108.77,52.0,124.0,40.0,117.57,10.86,80.0,64.0,81.58919095076236,144,16.0,14.0,0.11,112.67,3.0
2025-06-03 07:37:55,113.7,37.0,121.27,33.0,110.0,56.0,123.27,37.0,117.49,7.569999999999993,93.0,70.0,78.9623950371312,163,23.0,19.0,0.14,112.67,
2025-06-03 07:37:56,113.88,43.0,117.78,41.0,110.25,64.0,119.26,43.0,115.83,3.9000000000000057,107.0,84.0,22.891589066728397,191,23.0,28.0,0.12,113.29,7.0
2025-06-03 07:37:57,108.38,56.0,114.42,36.0,107.52,94.0,116.17,36.0,111.4,6.040000000000006,150.0,72.0,2.550523475672743,222,78.0,31.0,0.35,113.29,
2025-06-03 07:37:58,109.0,36.0,113.42,36.0,108.0,84.0,116.0,36.0,111.21,4.420000000000002,120.0,72.0,3.176790833523296,192,48.0,-30.0,0.25,113.29,
2025-06-03 07:37:59,109.0,62.0,111.84,31.0,108.0,98.0,113.64,42.0,110.42,2.8400000000000034,160.0,73.0,3.1711590940786056,233,87.0,41.0,0.37,109.0,4.0
2025-06-03 07:38:00,107.7,71.0,109.42,31.0,105.24,74.0,124.84,19.0,108.56,1.7199999999999989,145.0,50.0,2.676365072249518,195,95.0,-38.0,0.49,108.3,10.0
2025-06-03 07:38:01,107.24,51.0,130.0,15.0,97.71,31.0,232.58,12.0,118.62,22.760000000000005,82.0,27.0,3.844791281715727,109,55.0,-86.0,0.5,107.0,3.0
2025-06-03 07:38:02,108.62,24.0,250.3,10.0,104.91,44.0,345.45,29.0,179.46,141.68,68.0,39.0,30.3210797960752,107,29.0,-2.0,0.27,108.83,6.0
2025-06-03 07:38:03,107.29,17.0,374.32,37.0,101.56,32.0,407.79,38.0,240.81,267.03,49.0,75.0,57.815470939878736,124,-26.0,17.0,-0.21,107.33,3.0
2025-06-03 07:38:04,107.0,16.0,313.67,36.0,100.41,17.0,445.27,33.0,210.33,206.67,33.0,69.0,57.29905959088652,102,-36.0,-22.0,-0.35,107.33,
2025-06-03 07:38:05,108.1,67.0,147.26,38.0,107.2,20.0,190.6,43.0,127.68,39.16,87.0,81.0,52.47909440910699,168,6.0,66.0,0.04,107.33,
2025-06-03 07:38:06,109.02,43.0,146.82,44.0,107.62,32.0,148.0,55.0,127.92,37.8,75.0,99.0,50.07413853477627,174,-24.0,6.0,-0.14,110.43,7.0
2025-06-03 07:38:07,108.0,55.0,146.0,40.0,107.0,20.0,267.5,18.0,127.0,38.0,75.0,58.0,54.76859565480902,133,17.0,-41.0,0.13,110.43,
2025-06-03 07:38:08,108.0,35.0,145.6,20.0,107.0,10.0,429.0,5.0,126.8,37.6,45.0,25.0,37.11267680995221,70,20.0,-63.0,0.29,110.43,
2025-06-03 07:38:09,108.0,44.0,143.31,35.0,107.0,16.0,163.52,29.0,125.66,35.31,60.0,64.0,0.8865212913200912,124,-4.0,54.0,-0.03,110.43,
2025-06-03 07:38:10,111.0,56.0,139.57,67.0,107.67,48.0,141.74,77.0,125.28,28.569999999999997,104.0,144.0,1.06598311429583,248,-40.0,124.0,-0.16,110.43,
2025-06-03 07:38:11,115.0,18.0,139.0,30.0,108.17,24.0,140.0,24.0,127.0,24.0,42.0,54.0,0.8167741425656387,96,-12.0,-152.0,-0.12,110.43,
2025-06-03 07:38:12,115.0,41.0,137.13,46.0,109.91,46.0,138.24,67.0,126.07,22.129999999999995,87.0,113.0,0.7327482514232532,200,-26.0,104.0,-0.13,115.0,1.0
2025-06-03 07:38:13,109.13,31.0,135.18,49.0,108.18,44.0,136.33,36.0,122.16,26.05000000000001,75.0,85.0,1.8337611621920296,160,-10.0,-40.0,-0.06,111.5,6.0
2025-06-03 07:38:14,109.85,103.0,133.78,36.0,108.38,32.0,135.0,45.0,121.82,23.930000000000007,135.0,81.0,2.343902728349428,216,54.0,56.0,0.25,111.5,
2025-06-03 07:38:15,110.5,264.0,131.85,53.0,109.0,36.0,132.9,52.0,121.17,21.349999999999994,300.0,105.0,2.683193992234613,405,195.0,173.5,0.48,111.5,
2025-06-03 07:38:16,111.0,286.0,127.8,54.0,109.0,39.0,129.56,55.0,119.4,16.799999999999997,325.0,109.0,2.449230491391936,434,216.0,29.0,0.5,111.5,
2025-06-03 07:38:17,111.07,258.0,124.64,56.0,109.0,39.0,125.74,61.0,117.86,13.570000000000007,297.0,117.0,1.8114138124581316,414,180.0,-20.0,0.43,111.0,4.0
2025-06-03 07:38:18,112.75,144.0,122.57,35.0,109.0,24.0,123.65,37.0,117.66,9.819999999999991,168.0,72.0,1.8856616875686272,240,96.0,-174.0,0.4,111.0,
2025-06-03 07:38:19,114.0,144.0,120.47,30.0,110.58,38.0,121.64,28.0,117.23,6.469999999999999,182.0,58.0,1.6226922074023251,240,124.0,0.0,0.52,111.0,
2025-06-03 07:38:20,113.96,227.0,117.06,62.0,111.79,86.0,121.74,69.0,115.51,3.1000000000000085,313.0,131.0,1.39580442754861,444,182.0,173.5,0.41,114.19,16.0
2025-06-03 07:38:21,112.39,46.0,121.91,55.0,111.06,77.0,225.0,19.0,117.15,9.519999999999996,123.0,74.0,0.9269681763492872,197,49.0,-174.5,0.25,112.8,5.0
2025-06-03 07:38:22,111.07,57.0,121.0,45.0,108.75,48.0,224.38,16.0,116.04,9.930000000000009,105.0,61.0,0.90209201302547,166,44.0,-31.0,0.27,112.8,
2025-06-03 07:38:23,113.0,8.0,121.0,40.0,109.43,28.0,202.25,20.0,117.0,8.0,36.0,60.0,0.7681341028520712,96,-24.0,-70.0,-0.25,112.8,
2025-06-03 07:38:24,110.33,15.0,121.0,35.0,109.54,13.0,192.0,35.0,115.67,10.670000000000002,28.0,70.0,0.7579116043209707,98,-42.0,2.0,-0.43,111.33,3.0
2025-06-03 07:38:25,109.0,50.0,121.0,50.0,108.0,43.0,192.95,22.0,115.0,12.0,93.0,72.0,0.9062394826779538,165,21.0,67.0,0.13,111.33,
2025-06-03 07:38:26,110.2,25.0,120.0,35.0,108.64,39.0,200.14,7.0,115.1,9.799999999999995,64.0,42.0,0.8119852215185075,106,22.0,-59.0,0.21,111.33,
2025-06-03 07:38:27,109.81,31.0,118.89,45.0,108.84,38.0,445.0,9.0,114.35,9.079999999999998,69.0,54.0,0.9978126076395838,123,15.0,17.0,0.12,110.75,4.0
2025-06-03 07:38:28,110.0,16.0,116.18,33.0,109.0,37.0,134.88,40.0,113.09,6.180000000000007,53.0,73.0,0.9859868153097172,126,-20.0,3.0,-0.16,110.75,
2025-06-03 07:38:29,109.82,22.0,113.98,54.0,108.27,52.0,115.33,45.0,111.9,4.160000000000011,74.0,99.0,1.3700255471941698,173,-25.0,47.0,-0.14,110.0,2.0
2025-06-03 07:38:30,108.51,43.0,112.36,55.0,107.76,50.0,115.0,44.0,110.44,3.8499999999999934,93.0,99.0,1.8709168875085789,192,-6.0,19.0,-0.03,109.0,2.0
2025-06-03 07:38:31,109.0,27.0,111.14,44.0,108.0,36.0,142.23,31.0,110.07,2.140000000000001,63.0,75.0,1.794059642254099,138,-12.0,-54.0,-0.09,110.0,4.0
2025-06-03 07:38:32,108.76,55.0,204.24,38.0,107.58,57.0,352.6,20.0,156.5,95.48,112.0,58.0,20.216370841473104,170,54.0,32.0,0.32,109.0,3.0
2025-06-03 07:38:33,113.0,42.0,273.96,26.0,108.0,119.0,380.85,26.0,193.48,160.95999999999998,161.0,52.0,37.51515187227638,213,109.0,43.0,0.51,109.0,
2025-06-03 07:38:34,113.0,48.0,223.75,20.0,108.0,136.0,290.86,22.0,168.38,110.75,184.0,42.0,36.76005957557687,226,142.0,13.0,0.63,109.0,
2025-06-03 07:38:35,113.0,102.0,208.95,22.0,108.25,159.0,270.77,61.0,160.98,95.95,261.0,83.0,30.310561195727782,344,178.0,118.0,0.52,109.0,
2025-06-03 07:38:36,113.0,60.0,200.7,20.0,109.0,40.0,203.0,10.0,156.85,87.69999999999999,100.0,30.0,15.42987751085397,130,70.0,-174.5,0.54,109.0,
2025-06-03 07:38:37,113.0,77.0,184.46,41.0,109.04,79.0,261.75,60.0,148.73,71.46000000000001,156.0,101.0,17.084286054733383,257,55.0,127.0,0.21,113.0,1.0
2025-06-03 07:38:38,111.84,31.0,197.64,28.0,108.55,87.0,234.86,37.0,154.74,85.79999999999998,118.0,65.0,7.322692810705583,183,53.0,-74.0,0.29,111.5,8.0
2025-06-03 07:38:39,109.0,18.0,196.1,29.0,108.0,138.0,196.74,23.0,152.55,87.1,156.0,52.0,4.590789692412399,208,104.0,25.0,0.5,109.0,2.0
2025-06-03 07:38:40,109.72,25.0,148.76,37.0,108.35,69.0,170.4,35.0,129.24,39.03999999999999,94.0,72.0,11.135895563445326,166,22.0,-42.0,0.13,109.0,
2025-06-03 07:38:41,111.33,36.0,161.12,52.0,109.29,42.0,166.73,44.0,136.22,49.790000000000006,78.0,96.0,11.05408205143974,174,-18.0,8.0,-0.1,109.0,
2025-06-03 07:38:42,112.56,36.0,151.5,50.0,111.0,20.0,175.22,37.0,132.03,38.94,56.0,87.0,11.872103015050154,143,-31.0,-31.0,-0.22,113.0,2.0
2025-06-03 07:38:43,113.22,18.0,135.41,41.0,111.44,18.0,165.41,27.0,124.32,22.19,36.0,68.0,10.78737549174796,104,-32.0,-39.0,-0.31,113.0,
2025-06-03 07:38:44,111.38,39.0,127.8,30.0,108.74,62.0,208.0,59.0,119.59,16.42,101.0,89.0,6.5043331710457535,190,12.0,86.0,0.06,110.43,7.0
2025-06-03 07:38:45,109.91,88.0,124.75,24.0,108.45,110.0,126.2,40.0,117.33,14.840000000000003,198.0,64.0,8.059725181416965,262,134.0,72.0,0.51,110.43,
2025-06-03 07:38:46,114.67,81.0,122.05,38.0,111.59,96.0,124.07,30.0,118.36,7.3799999999999955,177.0,68.0,6.048109622019738,245,109.0,-17.0,0.44,115.25,4.0
2025-06-03 07:38:47,116.88,52.0,119.16,31.0,115.0,90.0,120.8,40.0,118.02,2.280000000000001,142.0,71.0,2.803413990114282,213,71.0,-32.0,0.33,117.0,4.0
2025-06-03 07:38:48,115.29,28.0,120.88,25.0,110.39,79.0,122.5,16.0,118.08,5.589999999999989,107.0,41.0,0.8265167874694498,148,66.0,-65.0,0.45,115.8,5.0
2025-06-03 07:38:49,115.0,54.0,120.62,26.0,108.0,73.0,121.57,28.0,117.81,5.6200000000000045,127.0,54.0,0.3838619543128921,181,73.0,33.0,0.4,115.8,
2025-06-03 07:38:50,115.0,48.0,120.0,16.0,108.38,24.0,121.0,32.0,117.5,5.0,72.0,48.0,0.3209049703088169,120,24.0,-61.0,0.2,115.8,
2025-06-03 07:38:51,115.0,54.0,119.5,24.0,109.0,27.0,120.8,30.0,117.25,4.5,81.0,54.0,0.3522357164867812,135,27.0,15.0,0.2,115.8,
2025-06-03 07:38:52,115.0,30.0,119.0,20.0,109.0,15.0,120.0,10.0,117.0,4.0,45.0,30.0,0.4304300175045979,75,15.0,-60.0,0.2,115.8,
2025-06-03 07:38:53,115.0,33.0,118.55,22.0,109.0,24.0,136.21,28.0,116.77,3.549999999999997,57.0,50.0,0.4085706792821508,107,7.0,32.0,0.07,115.0,5.0
2025-06-03 07:38:54,115.0,10.0,119.0,40.0,110.41,34.0,199.0,30.0,117.0,4.0,44.0,70.0,0.2789802859865213,114,-26.0,7.0,-0.23,115.0,
2025-06-03 07:38:55,112.91,23.0,116.93,27.0,110.88,64.0,118.71,42.0,114.92,4.02000000000001,87.0,69.0,0.9477710693882044,156,18.0,42.0,0.12,115.0,1.0
2025-06-03 07:38:56,112.44,9.0,114.11,18.0,110.16,49.0,209.57,28.0,113.28,1.6700000000000017,58.0,46.0,1.654200713326366,104,12.0,-52.0,0.12,112.25,4.0
2025-06-03 07:38:57,109.25,72.0,189.5,28.0,109.05,65.0,250.36,28.0,149.38,80.25,137.0,56.0,15.23004924483069,193,81.0,89.0,0.42,109.75,4.0
2025-06-03 07:38:58,109.0,70.0,236.17,12.0,108.0,21.0,237.67,24.0,172.58,127.17,91.0,36.0,26.484488290317508,127,55.0,-66.0,0.43,109.75,
2025-06-03 07:38:59,109.0,93.0,233.84,19.0,108.0,30.0,235.18,11.0,171.42,124.84,123.0,30.0,29.0967468972042,153,93.0,26.0,0.61,109.0,1.0
2025-06-03 07:39:00,109.0,55.0,232.0,20.0,108.0,28.0,235.0,10.0,170.5,123.0,83.0,30.0,25.446672081039576,113,53.0,-40.0,0.47,109.0,5.0
2025-06-03 07:39:01,110.37,54.0,231.0,23.0,105.94,48.0,232.36,22.0,170.69,120.63,102.0,45.0,9.83572976448398,147,57.0,34.0,0.39,109.5,6.0
2025-06-03 07:39:02,113.0,24.0,180.85,33.0,109.0,24.0,202.52,21.0,146.92,67.85,48.0,54.0,10.932461753875764,102,-6.0,-45.0,-0.06,109.5,
2025-06-03 07:39:03,109.14,21.0,158.1,30.0,105.93,41.0,184.05,22.0,133.62,48.96,62.0,52.0,17.41083570653512,114,10.0,12.0,0.09,111.0,4.0
2025-06-03 07:39:04,100.29,35.0,160.54,13.0,87.18,33.0,184.0,26.0,130.41,60.24999999999999,68.0,39.0,19.42272560687508,107,29.0,-7.0,0.27,107.25,4.0
2025-06-03 07:39:05,98.09,11.0,121.0,14.0,55.29,14.0,165.0,15.0,109.55,22.91,25.0,29.0,22.550578041371008,54,-4.0,-53.0,-0.07,105.0,2.0
2025-06-03 07:39:07,87.0,12.0,134.8,10.0,83.0,3.0,456.67,9.0,110.9,47.80000000000001,15.0,19.0,11.776555948152623,34,-4.0,-30.0,-0.12,105.0,
2025-06-03 07:39:08,85.67,12.0,106.68,19.0,37.4,10.0,216.47,17.0,96.18,21.010000000000005,22.0,36.0,14.866668423018362,58,-14.0,24.0,-0.24,105.5,4.0
2025-06-03 07:39:10,84.0,14.0,104.43,28.0,23.0,2.0,107.0,14.0,94.21,20.430000000000007,16.0,42.0,17.931036500993894,58,-26.0,-3.0,-0.45,105.5,
2025-06-03 07:39:20,96.18,38.0,104.2,49.0,95.12,32.0,105.16,49.0,100.19,8.019999999999996,70.0,98.0,2.938157585967546,168,-28.0,19.0,-0.17,104.0,5.0
2025-06-03 07:39:21,100.16,32.0,104.9,50.0,97.16,77.0,106.57,23.0,102.53,4.740000000000009,109.0,73.0,3.3944616657105007,182,36.0,14.0,0.2,104.0,
2025-06-03 07:39:22,101.42,38.0,104.36,33.0,99.62,32.0,135.92,62.0,102.89,2.9399999999999977,70.0,95.0,3.0085428366532487,165,-25.0,-17.0,-0.15,104.73,11.0
2025-06-03 07:39:23,102.55,33.0,107.0,11.0,101.29,28.0,180.73,37.0,104.77,4.450000000000003,61.0,48.0,2.31356867198209,109,13.0,-56.0,0.12,104.73,
2025-06-03 07:39:24,103.52,31.0,107.0,13.0,102.62,39.0,113.0,65.0,105.26,3.480000000000004,70.0,78.0,2.017899898403432,148,-8.0,39.0,-0.05,104.0,2.0
2025-06-03 07:39:25,103.83,36.0,107.0,18.0,102.33,36.0,193.0,36.0,105.42,3.1700000000000017,72.0,54.0,1.3636825143618487,126,18.0,-22.0,0.14,104.0,
2025-06-03 07:39:26,107.12,24.0,155.55,22.0,106.12,24.0,326.0,24.0,131.34,48.43000000000001,48.0,46.0,12.007540547504911,94,2.0,-32.0,0.02,107.0,1.0
2025-06-03 07:39:27,108.43,35.0,273.9,30.0,93.43,28.0,346.49,35.0,191.16,165.46999999999997,63.0,65.0,37.30314195882124,128,-2.0,34.0,-0.02,109.0,3.0
2025-06-03 07:39:28,110.92,52.0,246.44,54.0,108.24,17.0,267.57,56.0,178.68,135.51999999999998,69.0,110.0,40.50615903785454,179,-41.0,51.0,-0.23,109.0,
2025-06-03 07:39:29,114.33,27.0,149.11,27.0,108.0,9.0,171.35,37.0,131.72,34.780000000000015,36.0,64.0,35.913555657995815,100,-28.0,-79.0,-0.28,109.0,
2025-06-03 07:39:30,117.0,27.0,149.35,49.0,108.0,13.0,170.24,41.0,133.17,32.349999999999994,40.0,90.0,29.28584094746063,130,-50.0,30.0,-0.38,117.0,1.0
2025-06-03 07:39:31,117.0,26.0,168.15,41.0,114.15,13.0,169.0,57.0,142.57,51.150000000000006,39.0,98.0,27.569195671980733,137,-59.0,7.0,-0.43,117.0,
2025-06-03 07:39:32,115.2,100.0,165.29,34.0,112.18,11.0,166.09,44.0,140.25,50.08999999999999,111.0,78.0,19.227133691737965,189,33.0,52.0,0.17,116.67,3.0
2025-06-03 07:39:33,115.0,234.0,162.8,40.0,111.69,26.0,163.78,51.0,138.9,47.80000000000001,260.0,91.0,4.669750528665128,351,169.0,162.0,0.48,116.67,
2025-06-03 07:39:34,115.0,206.0,133.97,30.0,112.0,24.0,134.43,42.0,124.48,18.97,230.0,72.0,7.25047101917999,302,158.0,-49.0,0.52,115.0,5.0
2025-06-03 07:39:35,115.0,119.0,122.26,35.0,112.0,24.0,123.44,27.0,118.63,7.260000000000005,143.0,62.0,10.700921922898525,205,81.0,-97.0,0.4,115.0,8.0
2025-06-03 07:39:36,115.0,50.0,120.53,30.0,112.0,20.0,121.77,43.0,117.77,5.530000000000001,70.0,73.0,10.88246892942831,143,-3.0,-62.0,-0.02,115.0,
2025-06-03 07:39:37,114.65,52.0,116.78,51.0,111.31,26.0,118.54,35.0,115.72,2.1299999999999955,78.0,86.0,9.412738708791116,164,-8.0,21.0,-0.05,115.0,5.0
2025-06-03 07:39:38,112.0,17.0,115.39,23.0,109.0,50.0,118.29,14.0,113.7,3.390000000000001,67.0,37.0,4.065421257382418,104,30.0,-60.0,0.29,112.0,1.0
2025-06-03 07:39:39,109.17,36.0,114.0,26.0,108.15,78.0,115.0,39.0,111.58,4.829999999999998,114.0,65.0,2.8983874827182685,179,49.0,75.0,0.27,112.0,1.0
2025-06-03 07:39:40,109.0,123.0,113.2,20.0,108.0,72.0,115.0,36.0,111.1,4.200000000000003,195.0,56.0,2.807326129963995,251,139.0,72.0,0.55,113.0,1.0
2025-06-03 07:39:41,109.0,131.0,111.54,37.0,108.0,78.0,113.4,15.0,110.27,2.5400000000000063,209.0,52.0,2.212708747209919,261,157.0,10.0,0.6,109.0,4.0
2025-06-03 07:39:42,107.95,42.0,134.24,17.0,106.93,134.0,181.68,19.0,121.09,26.290000000000006,176.0,36.0,4.402155154010231,212,140.0,-49.0,0.66,108.0,7.0
2025-06-03 07:39:43,110.91,11.0,177.0,11.0,107.0,125.0,178.27,11.0,143.95,66.09,136.0,22.0,14.307007723489075,158,114.0,-54.0,0.72,108.0,
2025-06-03 07:39:44,108.37,38.0,174.36,14.0,105.7,125.0,177.0,14.0,141.36,65.99000000000001,163.0,28.0,16.207162922608436,191,135.0,33.0,0.71,108.67,3.0
2025-06-03 07:39:45,108.93,83.0,145.04,24.0,100.59,59.0,172.58,12.0,126.98,36.10999999999999,142.0,36.0,14.08340335288215,178,106.0,-13.0,0.6,108.67,
2025-06-03 07:39:46,115.0,40.0,133.88,16.0,107.43,46.0,136.83,18.0,124.44,18.879999999999995,86.0,34.0,10.378387639704489,120,52.0,-58.0,0.43,115.0,2.0
2025-06-03 07:39:47,115.0,18.0,130.07,15.0,109.0,15.0,131.27,15.0,122.53,15.069999999999991,33.0,30.0,10.029175938229956,63,3.0,-57.0,0.05,115.0,1.0
2025-06-03 07:39:48,115.0,9.0,127.93,30.0,110.0,36.0,129.44,9.0,121.47,12.930000000000009,45.0,39.0,8.103883636872677,84,6.0,21.0,0.07,115.0,
2025-06-03 07:39:49,115.0,10.0,125.56,16.0,113.0,30.0,126.68,19.0,120.28,10.560000000000002,40.0,35.0,2.635156541834722,75,5.0,-9.0,0.07,115.0,
2025-06-03 07:39:50,115.0,7.0,124.6,10.0,113.0,21.0,126.28,25.0,119.8,9.599999999999994,28.0,35.0,1.8625063758212688,63,-7.0,-12.0,-0.11,115.0,
2025-06-03 07:39:51,115.0,13.0,122.45,38.0,113.0,39.0,123.18,38.0,118.72,7.450000000000003,52.0,76.0,1.4790706541525662,128,-24.0,65.0,-0.19,115.0,
2025-06-03 07:39:52,113.67,15.0,117.42,50.0,109.63,95.0,118.24,62.0,115.54,3.75,110.0,112.0,2.252669527466422,222,-2.0,94.0,-0.01,113.67,3.0
2025-06-03 07:39:53,109.85,80.0,112.94,33.0,108.8,60.0,114.14,56.0,111.39,3.0900000000000034,140.0,89.0,3.7099164411043706,229,51.0,7.0,0.22,110.0,10.0
2025-06-03 07:39:54,109.32,37.0,110.67,9.0,108.5,40.0,114.64,33.0,110.0,1.3500000000000083,77.0,42.0,4.334789498923478,119,35.0,-110.0,0.29,110.0,3.0
2025-06-03 07:39:55,108.76,34.0,110.19,16.0,107.6,40.0,123.36,22.0,109.48,1.4299999999999926,74.0,38.0,3.973321029060954,112,36.0,-7.0,0.32,109.0,5.0
2025-06-03 07:39:56,108.0,28.0,109.14,7.0,107.0,56.0,168.8,10.0,108.57,1.1400000000000006,84.0,17.0,2.737650452482697,101,67.0,-11.0,0.66,109.0,
2025-06-03 07:39:57,107.31,51.0,109.0,10.0,93.93,75.0,345.14,37.0,108.16,1.6899999999999975,126.0,47.0,1.2728904116141375,173,79.0,72.0,0.46,107.8,5.0
2025-06-03 07:39:58,108.0,30.0,157.0,20.0,107.0,75.0,299.85,40.0,132.5,49.0,105.0,60.0,10.511161686511045,165,45.0,-8.0,0.27,108.0,1.0
2025-06-03 07:39:59,110.13,23.0,214.56,27.0,108.97,65.0,367.28,29.0,162.34,104.43,88.0,56.0,23.67385688898144,144,32.0,-21.0,0.22,108.0,
2025-06-03 07:40:01,113.0,16.0,392.71,28.0,112.0,72.0,630.87,31.0,252.86,279.71,88.0,59.0,75.25420440081703,147,29.0,3.0,0.2,108.0,
2025-06-03 07:40:02,113.0,22.0,334.74,38.0,112.0,99.0,452.24,34.0,223.87,221.74,121.0,72.0,61.4630037502231,193,49.0,46.0,0.25,108.0,
2025-06-03 07:40:03,112.68,50.0,232.52,42.0,111.36,75.0,417.15,52.0,172.6,119.84,125.0,94.0,50.41724932996579,219,31.0,26.0,0.14,113.2,5.0
2025-06-03 07:40:04,112.0,51.0,305.89,36.0,107.0,24.0,552.0,36.0,208.94,193.89,75.0,72.0,40.9239078046065,147,3.0,-72.0,0.02,112.0,1.0
2025-06-03 07:40:05,112.16,37.0,300.56,32.0,109.42,31.0,430.09,44.0,206.36,188.4,68.0,76.0,29.153397400645066,144,-8.0,-3.0,-0.06,112.4,5.0
2025-06-03 07:40:06,112.0,22.0,303.56,36.0,107.2,20.0,546.91,22.0,207.78,191.56,42.0,58.0,18.874572842847105,100,-16.0,-44.0,-0.16,112.4,
2025-06-03 07:40:07,112.0,11.0,181.22,27.0,109.0,8.0,404.11,27.0,146.61,69.22,19.0,54.0,27.91086204329683,73,-35.0,-27.0,-0.48,112.0,1.0
2025-06-03 07:40:08,103.43,14.0,183.0,36.0,78.14,28.0,310.74,46.0,143.21,79.57,42.0,82.0,34.42098124690739,124,-40.0,51.0,-0.32,108.2,5.0
2025-06-03 07:40:09,105.1,20.0,138.0,20.0,66.58,33.0,306.0,30.0,121.55,32.900000000000006,53.0,50.0,39.50197678597818,103,3.0,-21.0,0.03,108.2,
2025-06-03 07:40:10,115.0,10.0,138.0,10.0,87.18,33.0,347.17,18.0,126.5,23.0,43.0,28.0,34.47460152053924,71,15.0,-32.0,0.21,108.2,
2025-06-03 07:40:11,88.76,59.0,189.53,34.0,77.97,70.0,246.42,33.0,139.15,100.77,129.0,67.0,10.859962246710314,196,62.0,125.0,0.32,107.0,4.0
2025-06-03 07:40:12,89.42,91.0,109.63,68.0,75.86,63.0,246.4,52.0,99.52,20.209999999999997,154.0,120.0,17.250713898270355,274,34.0,78.0,0.12,107.0,
2025-06-03 07:40:13,90.0,110.0,105.0,35.0,87.4,25.0,261.08,39.0,97.5,15.0,135.0,74.0,17.939159121875875,209,61.0,-65.0,0.29,105.0,7.0
2025-06-03 07:40:14,96.67,33.0,342.67,27.0,95.22,83.0,407.6,30.0,219.67,246.0,116.0,57.0,49.78148923043557,173,59.0,-36.0,0.34,109.0,2.0
2025-06-03 07:40:15,109.0,6.0,396.53,19.0,108.0,66.0,607.67,18.0,252.76,287.53,72.0,37.0,70.97347638378692,109,35.0,-64.0,0.32,109.0,
2025-06-03 07:40:16,110.0,13.0,351.18,33.0,108.18,51.0,484.22,41.0,230.59,241.18,64.0,74.0,75.34977551393203,138,-10.0,29.0,-0.07,109.0,
2025-06-03 07:40:17,112.25,32.0,337.61,41.0,110.27,15.0,485.16,51.0,224.93,225.36,47.0,92.0,61.450160699545286,139,-45.0,1.0,-0.32,109.0,
2025-06-03 07:40:18,112.8,20.0,398.06,34.0,110.2,10.0,571.91,35.0,255.43,285.26,30.0,69.0,16.39069492120229,99,-39.0,-40.0,-0.39,109.0,
2025-06-03 07:40:19,114.0,18.0,380.0,36.0,111.78,9.0,599.8,30.0,247.0,266.0,27.0,66.0,13.625478707183984,93,-39.0,-6.0,-0.42,109.0,
2025-06-03 07:40:20,113.44,18.0,263.54,37.0,108.27,51.0,340.86,42.0,188.49,150.10000000000002,69.0,79.0,25.895382213822018,148,-10.0,55.0,-0.07,114.0,3.0
2025-06-03 07:40:21,108.13,62.0,352.76,50.0,107.79,112.0,568.51,49.0,230.44,244.63,174.0,99.0,25.893583568133817,273,75.0,125.0,0.27,108.33,3.0
2025-06-03 07:40:22,108.0,53.0,304.07,29.0,107.0,36.0,446.09,22.0,206.03,196.07,89.0,51.0,27.97890759125401,140,38.0,-133.0,0.27,108.0,4.0
2025-06-03 07:40:23,108.26,68.0,218.0,27.0,107.53,85.0,248.62,52.0,163.13,109.74,153.0,79.0,33.2324009063435,232,74.0,92.0,0.32,108.0,
2025-06-03 07:40:24,108.72,36.0,182.62,56.0,107.03,155.0,184.58,24.0,145.67,73.9,191.0,80.0,33.64904486014352,271,111.0,39.0,0.41,108.8,5.0
2025-06-03 07:40:25,110.14,21.0,135.35,23.0,107.13,134.0,138.22,37.0,122.75,25.209999999999997,155.0,60.0,44.039524066456,215,95.0,-56.0,0.44,108.8,
2025-06-03 07:40:26,113.0,10.0,116.64,22.0,108.0,20.0,117.75,16.0,114.82,3.640000000000001,30.0,38.0,36.43332814882508,68,-8.0,-147.0,-0.12,108.8,
2025-06-03 07:40:27,113.0,13.0,114.38,13.0,111.24,79.0,116.0,39.0,113.69,1.3799999999999957,92.0,52.0,21.63282274692741,144,40.0,76.0,0.28,108.8,
2025-06-03 07:40:28,113.0,45.0,114.0,10.0,112.0,110.0,116.0,30.0,113.5,1.0,155.0,40.0,13.726369876991692,195,115.0,51.0,0.59,108.8,
2025-06-03 07:40:29,112.08,66.0,113.32,22.0,111.17,80.0,115.62,26.0,112.7,1.2399999999999949,146.0,48.0,4.127368410983976,194,98.0,-1.0,0.51,112.6,10.0
2025-06-03 07:40:30,112.0,24.0,193.0,24.0,110.0,21.0,368.62,16.0,152.5,81.0,45.0,40.0,17.378446996207266,85,5.0,-109.0,0.06,112.0,6.0
2025-06-03 07:40:32,111.43,7.0,224.0,15.0,110.0,12.0,698.0,20.0,167.71,112.57,19.0,35.0,71.65311940173967,54,-16.0,-12.0,-0.3,112.5,2.0
2025-06-03 07:40:33,110.0,21.0,155.0,21.0,109.0,28.0,156.0,21.0,132.5,45.0,49.0,42.0,68.55821263714479,91,7.0,37.0,0.08,112.5,
2025-06-03 07:40:34,110.92,74.0,154.33,27.0,109.72,29.0,156.0,27.0,132.63,43.41000000000001,103.0,54.0,64.82989457032889,157,49.0,66.0,0.31,111.0,1.0
2025-06-03 07:40:35,111.58,43.0,153.71,21.0,110.88,51.0,291.83,23.0,132.65,42.13000000000001,94.0,44.0,67.08729335723689,138,50.0,-19.0,0.36,111.0,
2025-06-03 07:40:36,112.0,45.0,153.0,27.0,110.79,57.0,484.78,18.0,132.5,41.0,102.0,45.0,15.715243237060596,147,57.0,9.0,0.39,111.0,
2025-06-03 07:40:37,112.0,30.0,153.0,18.0,110.0,18.0,260.11,18.0,132.5,41.0,48.0,36.0,0.0770064931220961,84,12.0,-63.0,0.14,111.0,
2025-06-03 07:40:38,112.0,50.0,151.61,23.0,110.0,30.0,152.78,27.0,131.8,39.610000000000014,80.0,50.0,0.3514683484796985,130,30.0,46.0,0.23,111.0,
2025-06-03 07:40:39,111.71,41.0,149.42,26.0,109.54,39.0,150.79,19.0,130.57,37.71,80.0,45.0,0.8670813110564163,125,35.0,-5.0,0.28,112.0,5.0
2025-06-03 07:40:40,110.0,30.0,148.0,30.0,109.0,90.0,150.0,20.0,129.0,38.0,120.0,50.0,1.4957874180456836,170,70.0,45.0,0.41,112.0,
2025-06-03 07:40:41,110.0,30.0,147.77,39.0,109.0,117.0,150.0,26.0,128.88,37.77000000000001,147.0,65.0,1.6245614792873269,212,82.0,42.0,0.39,110.0,1.0
2025-06-03 07:40:42,114.69,96.0,146.75,36.0,109.4,45.0,149.77,26.0,130.72,32.06,141.0,62.0,1.2399112871429303,203,79.0,-9.0,0.39,110.0,
2025-06-03 07:40:43,115.0,83.0,145.92,26.0,110.0,18.0,149.37,19.0,130.46,30.919999999999987,101.0,45.0,0.9058035106934486,146,56.0,-57.0,0.38,115.0,1.0
2025-06-03 07:40:44,116.0,39.0,143.35,34.0,115.0,117.0,144.97,31.0,129.68,27.349999999999994,156.0,65.0,0.8320576902983798,221,91.0,75.0,0.41,115.0,
2025-06-03 07:40:45,116.0,42.0,133.23,39.0,115.0,126.0,135.46,37.0,124.62,17.22999999999999,168.0,76.0,2.4834089473917067,244,92.0,23.0,0.38,115.0,
2025-06-03 07:40:46,116.0,45.0,123.6,43.0,115.0,135.0,125.12,32.0,119.8,7.599999999999994,180.0,75.0,4.756078216344453,255,105.0,11.0,0.41,115.0,
2025-06-03 07:40:47,116.0,30.0,119.5,20.0,115.0,90.0,121.0,30.0,117.75,3.5,120.0,50.0,5.701177071446537,170,70.0,-85.0,0.41,115.0,
2025-06-03 07:40:48,115.44,48.0,117.41,27.0,114.57,69.0,162.5,20.0,116.42,1.9699999999999989,117.0,47.0,5.460932154860497,164,70.0,-6.0,0.43,116.0,3.0
2025-06-03 07:40:49,115.0,90.0,117.3,20.0,110.0,20.0,257.3,23.0,116.15,2.299999999999997,110.0,43.0,3.483973306440632,153,67.0,-11.0,0.44,116.0,
2025-06-03 07:40:50,112.97,58.0,117.0,18.0,109.16,38.0,168.0,36.0,114.98,4.030000000000001,96.0,54.0,1.8398233610844168,150,42.0,-3.0,0.28,109.67,3.0
2025-06-03 07:40:51,109.48,88.0,151.14,51.0,108.88,72.0,205.18,76.0,130.31,41.65999999999998,160.0,127.0,6.331340300441199,287,33.0,137.0,0.11,115.0,1.0
2025-06-03 07:40:52,109.13,31.0,324.8,20.0,108.92,39.0,477.93,28.0,216.96,215.67,70.0,48.0,44.05170405330514,118,22.0,-169.0,0.19,115.0,
2025-06-03 07:40:53,109.01,71.0,379.51,35.0,108.47,19.0,462.28,25.0,244.26,270.5,90.0,60.0,61.38528545180814,150,30.0,32.0,0.2,109.33,3.0
2025-06-03 07:40:54,109.0,84.0,304.68,57.0,108.0,12.0,305.84,44.0,206.84,195.68,96.0,101.0,56.73805336808761,197,-5.0,47.0,-0.03,109.33,
2025-06-03 07:40:55,109.0,77.0,273.86,35.0,108.0,11.0,274.55,55.0,191.43,164.86,88.0,90.0,42.43438405350018,178,-2.0,-19.0,-0.01,109.33,
2025-06-03 07:40:56,109.04,26.0,152.27,15.0,108.5,14.0,173.06,17.0,130.65,43.23,40.0,32.0,42.29893107396392,72,8.0,-106.0,0.11,109.2,5.0
2025-06-03 07:40:57,109.0,21.0,150.0,7.0,108.0,7.0,151.0,35.0,129.5,41.0,28.0,42.0,49.91145690119615,70,-14.0,-2.0,-0.2,109.2,
2025-06-03 07:40:58,107.43,51.0,130.78,64.0,106.33,132.0,131.09,32.0,119.11,23.349999999999994,183.0,96.0,40.44908812321949,279,87.0,173.5,0.31,107.82,11.0
2025-06-03 07:40:59,110.18,34.0,118.0,13.0,107.36,44.0,119.0,65.0,114.09,7.819999999999993,78.0,78.0,31.2414305050199,156,0.0,-123.0,0.0,107.82,
2025-06-03 07:41:00,112.85,26.0,115.36,39.0,111.0,46.0,117.39,41.0,114.1,2.510000000000005,72.0,80.0,8.110212697580646,152,-8.0,-4.0,-0.05,107.82,
2025-06-03 07:41:01,111.31,32.0,112.9,48.0,108.4,89.0,113.91,32.0,112.1,1.5900000000000034,121.0,80.0,7.045356626885603,201,41.0,49.0,0.2,112.33,3.0
2025-06-03 07:41:02,108.07,82.0,112.83,29.0,102.38,69.0,240.47,15.0,110.45,4.760000000000005,151.0,44.0,3.253390539115069,195,107.0,-6.0,0.55,109.29,7.0
2025-06-03 07:41:03,108.49,65.0,111.73,33.0,107.42,83.0,120.1,30.0,110.11,3.240000000000009,148.0,63.0,1.911687736008334,211,85.0,16.0,0.4,109.29,
2025-06-03 07:41:04,107.49,78.0,110.87,31.0,105.38,58.0,306.45,22.0,109.18,3.3800000000000097,136.0,53.0,1.9397345179187089,189,83.0,-22.0,0.44,109.0,6.0
2025-06-03 07:41:05,107.27,33.0,109.2,10.0,105.58,38.0,111.0,15.0,108.24,1.9300000000000068,71.0,25.0,1.448561355278453,96,46.0,-93.0,0.48,109.0,
2025-06-03 07:41:06,107.08,77.0,109.0,18.0,104.0,35.0,111.0,27.0,108.04,1.9200000000000017,112.0,45.0,1.0791339119899406,157,67.0,61.0,0.43,107.75,4.0
2025-06-03 07:41:07,106.98,65.0,108.08,26.0,105.07,28.0,109.29,21.0,107.53,1.0999999999999943,93.0,47.0,1.02501219505288,140,46.0,-17.0,0.33,106.91,11.0
2025-06-03 07:41:08,98.17,12.0,107.64,22.0,66.57,14.0,154.27,22.0,102.9,9.47,26.0,44.0,2.4649584175008177,70,-18.0,-70.0,-0.26,106.0,1.0
2025-06-03 07:41:13,93.0,3.0,323.0,6.0,82.0,1.0,0.0,0.0,208.0,230.0,4.0,6.0,136.4930364524138,10,-2.0,-18.0,-0.2,115.0,1.0
2025-06-03 07:41:14,108.32,91.0,400.58,33.0,104.5,10.0,444.68,19.0,254.45,292.26,101.0,52.0,128.7982518514903,153,49.0,143.0,0.32,115.0,
2025-06-03 07:41:15,110.16,32.0,380.0,20.0,107.4,5.0,387.0,5.0,245.08,269.84000000000003,37.0,25.0,106.14498490272592,62,12.0,-91.0,0.19,109.25,4.0
2025-06-03 07:41:16,112.47,32.0,358.76,21.0,111.43,14.0,357.67,21.0,235.62,246.29,46.0,42.0,76.3959031624072,88,4.0,26.0,0.05,112.0,4.0
2025-06-03 07:41:17,115.6,20.0,330.0,10.0,114.0,30.0,350.0,24.0,222.8,214.4,50.0,34.0,18.314972017448376,84,16.0,-4.0,0.19,112.0,
2025-06-03 07:41:18,116.0,18.0,226.22,36.0,114.0,27.0,232.3,33.0,171.11,110.22,45.0,69.0,32.745109100443095,114,-24.0,30.0,-0.21,112.0,
2025-06-03 07:41:19,116.75,8.0,211.67,12.0,115.14,7.0,215.0,12.0,164.21,94.92,15.0,24.0,37.53328029895512,39,-9.0,-75.0,-0.23,112.0,
2025-06-03 07:41:20,117.0,15.0,210.94,17.0,116.0,10.0,214.2,20.0,163.97,93.94,25.0,37.0,34.80176963891267,62,-12.0,23.0,-0.19,112.0,
2025-06-03 07:41:21,117.0,24.0,208.5,32.0,116.0,16.0,210.0,8.0,162.75,91.5,40.0,40.0,25.82999457994433,80,0.0,18.0,0.0,112.0,
2025-06-03 07:41:22,117.0,18.0,193.87,30.0,116.0,24.0,207.5,24.0,155.43,76.87,42.0,54.0,5.575040807022153,96,-12.0,16.0,-0.12,117.0,2.0
2025-06-03 07:41:23,114.22,9.0,140.16,19.0,114.08,13.0,143.85,20.0,127.19,25.94,22.0,39.0,15.799588602237966,61,-17.0,-35.0,-0.28,116.33,3.0
2025-06-03 07:41:24,112.0,10.0,139.1,40.0,111.0,10.0,361.27,22.0,125.55,27.099999999999994,20.0,62.0,19.102646937007787,82,-42.0,21.0,-0.51,116.33,
2025-06-03 07:41:25,112.0,9.0,137.33,36.0,111.0,9.0,263.75,24.0,124.67,25.330000000000013,18.0,60.0,18.43681968236329,78,-42.0,-4.0,-0.54,116.33,
2025-06-03 07:41:26,112.0,7.0,138.62,26.0,111.0,7.0,243.43,21.0,125.31,26.620000000000005,14.0,47.0,13.337016158046126,61,-33.0,-17.0,-0.54,116.33,
2025-06-03 07:41:27,111.88,8.0,144.0,24.0,110.17,12.0,316.0,32.0,127.94,32.120000000000005,20.0,56.0,1.3729603053210122,76,-36.0,15.0,-0.47,116.33,
2025-06-03 07:41:28,108.59,73.0,140.96,74.0,107.35,80.0,171.59,71.0,124.77,32.370000000000005,153.0,145.0,1.3327115216683267,298,8.0,173.5,0.03,110.67,3.0
2025-06-03 07:41:29,108.2,41.0,137.15,65.0,107.1,61.0,139.0,65.0,122.67,28.950000000000003,102.0,130.0,1.8910631930181276,232,-28.0,-66.0,-0.12,108.67,6.0
2025-06-03 07:41:30,109.43,14.0,135.5,40.0,107.5,24.0,139.0,40.0,122.46,26.069999999999997,38.0,80.0,2.235430607285369,118,-42.0,-114.0,-0.36,108.67,
2025-06-03 07:41:31,112.0,9.0,133.11,45.0,109.0,9.0,136.0,45.0,122.56,21.110000000000014,18.0,90.0,2.3610696728365763,108,-72.0,-10.0,-0.67,108.67,
2025-06-03 07:41:32,109.0,11.0,129.45,55.0,108.0,33.0,131.0,55.0,119.23,20.44999999999999,44.0,110.0,1.9842303293695105,154,-66.0,46.0,-0.43,108.67,
2025-06-03 07:41:33,109.3,10.0,126.62,40.0,108.05,22.0,127.62,40.0,117.96,17.320000000000007,32.0,80.0,2.220682327572043,112,-48.0,-42.0,-0.43,110.0,3.0
2025-06-03 07:41:34,108.67,9.0,124.33,45.0,107.26,69.0,125.33,45.0,116.5,15.659999999999997,78.0,90.0,2.705405699704135,168,-12.0,56.0,-0.07,108.33,3.0
2025-06-03 07:41:35,108.0,10.0,120.8,50.0,107.0,170.0,121.8,50.0,114.4,12.799999999999995,180.0,100.0,3.059150208798634,280,80.0,112.0,0.29,108.33,
2025-06-03 07:41:36,107.02,133.0,119.71,38.0,106.68,50.0,120.4,50.0,113.36,12.689999999999998,183.0,88.0,2.43072005792399,271,95.0,-9.0,0.35,107.5,2.0
2025-06-03 07:41:37,107.29,138.0,114.0,57.0,106.83,96.0,115.67,61.0,110.64,6.709999999999994,234.0,118.0,2.83526365616942,352,116.0,81.0,0.33,107.5,
2025-06-03 07:41:38,107.45,62.0,111.8,50.0,106.92,98.0,115.0,50.0,109.63,4.349999999999994,160.0,100.0,2.7938289138736323,260,60.0,-92.0,0.23,108.6,5.0
2025-06-03 07:41:39,109.71,28.0,113.1,50.0,107.11,94.0,242.74,38.0,111.41,3.390000000000001,122.0,88.0,1.9596861993689176,210,34.0,-50.0,0.16,111.0,5.0
2025-06-03 07:41:40,110.0,6.0,114.0,10.0,109.0,4.0,469.0,6.0,112.0,4.0,10.0,16.0,1.4064032138747762,26,-6.0,-174.5,-0.23,111.0,
2025-06-03 07:41:41,110.35,23.0,114.0,45.0,109.55,22.0,420.29,28.0,112.17,3.6500000000000057,45.0,73.0,1.0486896585727654,118,-28.0,92.0,-0.24,111.0,
2025-06-03 07:41:42,109.56,27.0,111.76,37.0,107.84,50.0,399.58,36.0,110.66,2.200000000000003,77.0,73.0,1.0461978780314267,150,4.0,32.0,0.03,111.0,4.0
2025-06-03 07:41:43,108.0,15.0,206.22,23.0,107.0,91.0,346.41,27.0,157.11,98.22,106.0,50.0,20.37915724459653,156,56.0,6.0,0.36,109.71,7.0
2025-06-03 07:41:44,109.67,72.0,265.62,16.0,106.86,56.0,267.42,19.0,187.65,155.95,128.0,35.0,34.99751948352885,163,93.0,7.0,0.57,107.67,3.0
2025-06-03 07:41:45,114.14,73.0,227.47,34.0,107.42,186.0,245.83,36.0,170.8,113.33,259.0,70.0,34.829946454164606,329,189.0,166.0,0.57,112.2,10.0
2025-06-03 07:41:46,108.0,58.0,238.33,12.0,107.0,72.0,239.5,12.0,173.17,130.33,130.0,24.0,29.56909146389124,154,106.0,-174.5,0.69,112.2,
2025-06-03 07:41:47,108.0,76.0,236.88,16.0,107.0,96.0,239.0,16.0,172.44,128.88,172.0,32.0,10.832397241606238,204,140.0,50.0,0.69,112.2,
2025-06-03 07:41:48,108.0,81.0,232.22,18.0,107.0,108.0,233.78,18.0,170.11,124.22,189.0,36.0,7.268757115212817,225,153.0,21.0,0.68,112.2,
2025-06-03 07:41:49,108.0,90.0,228.2,20.0,107.0,120.0,230.0,20.0,168.1,120.2,210.0,40.0,1.9997324820983304,250,170.0,25.0,0.68,112.2,
2025-06-03 07:41:50,108.0,63.0,226.43,14.0,107.0,84.0,227.71,14.0,167.21,118.43,147.0,28.0,2.607514141852268,175,119.0,-75.0,0.68,112.2,
2025-06-03 07:41:51,108.0,63.0,223.71,14.0,107.0,84.0,224.71,14.0,165.86,115.71,147.0,28.0,2.579327431707825,175,119.0,0.0,0.68,112.2,
2025-06-03 07:41:52,108.94,147.0,218.37,35.0,107.96,154.0,220.02,43.0,163.66,109.43,301.0,78.0,2.417678638686632,379,223.0,173.5,0.59,112.2,
2025-06-03 07:41:53,110.0,27.0,215.48,21.0,109.0,108.0,217.24,25.0,162.74,105.48,135.0,46.0,2.281223356000583,181,89.0,-174.5,0.49,112.2,
2025-06-03 07:41:54,110.92,36.0,211.24,33.0,109.0,144.0,212.21,33.0,161.08,100.32,180.0,66.0,2.4460580532692817,246,114.0,65.0,0.46,112.2,
2025-06-03 07:41:55,112.0,54.0,175.67,33.0,109.28,65.0,180.54,35.0,143.83,63.66999999999999,119.0,68.0,8.892079621773885,187,51.0,-59.0,0.27,112.0,5.0
2025-06-03 07:41:56,109.0,49.0,167.47,17.0,108.0,85.0,168.85,26.0,138.24,58.47,134.0,43.0,11.954032792324512,177,91.0,-10.0,0.51,112.0,3.0
2025-06-03 07:41:57,109.0,86.0,161.1,41.0,108.0,169.0,163.55,29.0,135.05,52.1,255.0,70.0,12.927937577199746,325,185.0,148.0,0.57,109.0,5.0
2025-06-03 07:41:58,109.43,98.0,156.67,46.0,107.62,112.0,157.32,31.0,133.05,47.23999999999998,210.0,77.0,11.287442137170698,287,133.0,-38.0,0.46,108.4,5.0
2025-06-03 07:41:59,110.71,62.0,153.5,16.0,107.36,44.0,156.0,16.0,132.1,42.790000000000006,106.0,32.0,4.746338588847165,138,74.0,-149.0,0.54,108.0,4.0
2025-06-03 07:42:00,115.0,102.0,148.71,42.0,109.0,19.0,154.2,30.0,131.86,33.71000000000001,121.0,72.0,2.6530265735534617,193,49.0,55.0,0.25,115.0,2.0
2025-06-03 07:42:01,115.0,42.0,150.11,47.0,109.0,10.0,151.52,23.0,132.55,35.110000000000014,52.0,70.0,1.2734480751021453,122,-18.0,-71.0,-0.15,115.0,3.0
2025-06-03 07:42:02,115.0,39.0,146.38,26.0,109.0,13.0,148.15,47.0,130.69,31.379999999999995,52.0,73.0,0.8857482712270831,125,-21.0,3.0,-0.17,115.0,
2025-06-03 07:42:03,115.0,39.0,141.0,32.0,109.0,13.0,141.91,35.0,128.0,26.0,52.0,67.0,1.8330439165448928,119,-15.0,-6.0,-0.13,115.0,
2025-06-03 07:42:04,115.19,32.0,134.12,52.0,112.75,24.0,134.84,37.0,124.65,18.930000000000007,56.0,89.0,3.242229171416314,145,-33.0,26.0,-0.23,117.0,1.0
2025-06-03 07:42:05,115.0,18.0,131.17,24.0,109.0,6.0,132.56,18.0,123.08,16.169999999999987,24.0,42.0,3.973516075213953,66,-18.0,-79.0,-0.27,117.0,
2025-06-03 07:42:06,115.0,30.0,128.94,35.0,109.0,10.0,129.86,35.0,121.97,13.939999999999998,40.0,70.0,3.6078899650605463,110,-30.0,44.0,-0.27,117.0,
2025-06-03 07:42:07,115.0,27.0,124.53,30.0,109.36,11.0,126.26,27.0,119.77,9.53,38.0,57.0,3.082309199283149,95,-19.0,-15.0,-0.2,117.0,
2025-06-03 07:42:08,109.0,13.0,121.88,41.0,108.0,81.0,122.94,32.0,115.44,12.879999999999995,94.0,73.0,3.5712280800848584,167,21.0,72.0,0.13,113.0,5.0
2025-06-03 07:42:09,109.0,33.0,117.09,33.0,108.0,66.0,117.56,34.0,113.05,8.090000000000003,99.0,67.0,4.288504401302108,166,32.0,-1.0,0.19,113.0,
2025-06-03 07:42:10,107.93,41.0,112.2,41.0,107.25,48.0,112.89,28.0,110.06,4.269999999999996,89.0,69.0,4.851202943599516,158,20.0,-8.0,0.13,108.09,11.0
2025-06-03 07:42:11,107.15,55.0,109.26,19.0,106.11,27.0,110.62,26.0,108.2,2.1099999999999994,82.0,45.0,4.555505460428048,127,37.0,-31.0,0.29,107.67,3.0
2025-06-03 07:42:12,108.0,90.0,109.0,20.0,107.0,32.0,112.0,50.0,108.5,1.0,122.0,70.0,3.1175791890488904,192,52.0,65.0,0.27,107.67,
2025-06-03 07:42:13,108.5,30.0,111.6,25.0,107.65,23.0,319.0,16.0,110.05,3.0999999999999943,53.0,41.0,1.9231926580535816,94,12.0,-98.0,0.13,108.0,7.0
2025-06-03 07:42:14,108.46,46.0,110.67,45.0,107.8,25.0,288.72,25.0,109.56,2.210000000000008,71.0,70.0,0.8738306472031628,141,1.0,47.0,0.01,109.0,5.0
2025-06-03 07:42:15,109.0,30.0,110.0,25.0,108.0,25.0,264.2,5.0,109.5,1.0,55.0,30.0,0.7786013100371363,85,25.0,-56.0,0.29,109.0,
2025-06-03 07:42:16,109.0,48.0,110.0,40.0,108.0,40.0,446.78,9.0,109.5,1.0,88.0,49.0,0.5647300239861813,137,39.0,52.0,0.28,109.0,
2025-06-03 07:42:20,113.46,57.0,406.63,19.0,108.05,63.0,482.86,14.0,260.04,293.17,120.0,33.0,96.93008036724164,153,87.0,13.0,0.57,111.0,2.0
2025-06-03 07:42:21,115.0,70.0,256.6,20.0,112.0,30.0,441.29,14.0,185.8,141.60000000000002,100.0,34.0,66.93824452433688,134,66.0,-19.0,0.49,111.0,
2025-06-03 07:42:22,115.0,77.0,254.45,22.0,112.0,33.0,283.09,22.0,184.73,139.45,110.0,44.0,60.03313943148345,154,66.0,20.0,0.43,111.0,
2025-06-03 07:42:23,115.0,91.0,251.77,26.0,112.0,39.0,253.23,26.0,183.38,136.77,130.0,52.0,53.09150854891902,182,78.0,28.0,0.43,111.0,
2025-06-03 07:42:24,115.0,84.0,249.75,24.0,112.0,36.0,251.17,24.0,182.38,134.75,120.0,48.0,33.99856438145517,168,72.0,-14.0,0.43,111.0,
2025-06-03 07:42:25,115.14,73.0,248.77,26.0,113.02,41.0,250.14,28.0,181.95,133.63,114.0,54.0,1.6097111542005076,168,60.0,0.0,0.36,111.0,
2025-06-03 07:42:26,115.54,92.0,246.81,32.0,114.39,88.0,344.69,29.0,181.18,131.26999999999998,180.0,61.0,1.3743834981393843,241,119.0,73.0,0.49,116.0,5.0
2025-06-03 07:42:27,115.0,77.0,245.56,25.0,112.0,33.0,246.37,38.0,180.28,130.56,110.0,63.0,1.1773189881923278,173,47.0,-68.0,0.27,116.0,
2025-06-03 07:42:28,114.31,52.0,231.14,28.0,109.56,81.0,245.74,46.0,172.73,116.82999999999998,133.0,74.0,3.9797148138979823,207,59.0,34.0,0.29,116.0,
2025-06-03 07:42:29,115.0,56.0,139.84,44.0,109.24,196.0,182.93,30.0,127.42,24.840000000000003,252.0,74.0,23.37567047166697,326,178.0,119.0,0.55,116.0,
2025-06-03 07:42:30,115.0,40.0,126.0,35.0,112.0,40.0,126.57,35.0,120.5,11.0,80.0,70.0,29.9149614741515,150,10.0,-174.5,0.07,116.0,
