DateTime,Bid1_Price,Bid1_Volume,Ask1_Price,Ask1_Volume,Bid2_Price,Bid2_Volume,Ask2_Price,Ask2_Volume,Mid-Price,Bid_Ask_Spread,Market_Depth_Bid,Market_Depth_Ask,Historical_Volatility,Total_volume,Cumulative_Volume_Difference,Total_Volume_Change_Corrected,Order_imbalance,Weighted_Avg_Price,Trade_Volume
2025-03-17 07:30:03,190.43,21.0,287.8,10.0,189.7,20.0,289.0,10.0,239.11,97.37,41.0,20.0,,61,21.0,-9.0,0.34,,
2025-03-17 07:30:04,192.22,27.0,284.84,19.0,190.0,54.0,419.1,20.0,238.53,92.61999999999998,81.0,39.0,60.69583741905205,120,42.0,59.0,0.35,,
2025-03-17 07:30:05,193.0,24.0,280.59,17.0,190.0,48.0,281.68,19.0,236.79,87.58999999999997,72.0,36.0,25.989355898136445,108,36.0,-12.0,0.33,,
2025-03-17 07:30:06,190.0,8.0,278.5,4.0,189.0,4.0,281.0,4.0,234.25,88.5,12.0,8.0,10.387690792471618,20,4.0,-88.0,0.2,191.8,5.0
2025-03-17 07:30:07,190.0,24.0,275.83,12.0,189.0,12.0,277.33,12.0,232.92,85.82999999999998,36.0,24.0,2.680205216023526,60,12.0,40.0,0.2,191.8,
2025-03-17 07:30:08,189.62,26.0,259.26,19.0,188.23,13.0,271.78,18.0,224.44,69.63999999999999,39.0,37.0,5.455330420790283,76,2.0,16.0,0.03,190.0,4.0
2025-03-17 07:30:09,189.0,16.0,195.0,18.0,187.0,8.0,207.75,24.0,192.0,6.0,24.0,42.0,18.52278731724792,66,-18.0,-10.0,-0.27,190.0,
2025-03-17 07:30:10,189.0,16.0,191.84,19.0,187.0,8.0,193.05,21.0,190.42,2.8400000000000034,24.0,40.0,21.87344691629559,64,-16.0,-2.0,-0.25,189.0,2.0
2025-03-17 07:30:11,186.78,9.0,189.18,22.0,184.07,29.0,190.33,18.0,187.98,2.4000000000000057,38.0,40.0,21.3727237384476,78,-2.0,14.0,-0.03,186.5,2.0
2025-03-17 07:30:12,181.58,38.0,188.39,23.0,173.97,62.0,189.22,27.0,184.99,6.809999999999974,100.0,50.0,16.136176126951582,150,50.0,72.0,0.33,186.0,2.0
2025-03-17 07:30:16,181.33,27.0,190.3,43.0,158.1,67.0,191.44,32.0,185.82,8.969999999999999,94.0,75.0,2.777097405566406,169,19.0,-47.0,0.11,181.8,5.0
2025-03-17 07:30:17,179.82,33.0,189.0,45.0,152.96,51.0,191.0,36.0,184.41,9.180000000000009,84.0,81.0,2.6548389781686668,165,3.0,-4.0,0.02,181.8,
2025-03-17 07:30:18,179.6,50.0,189.0,50.0,141.62,52.0,191.0,40.0,184.3,9.400000000000006,102.0,90.0,2.73577776875308,192,12.0,27.0,0.06,181.8,
2025-03-17 07:30:19,180.57,58.0,191.35,51.0,172.32,19.0,193.08,39.0,185.96,10.78,77.0,90.0,2.416820225007105,167,-13.0,-25.0,-0.08,181.8,
2025-03-17 07:30:20,185.7,74.0,192.92,48.0,183.56,54.0,193.89,37.0,189.31,7.219999999999999,128.0,85.0,2.0248580197147343,213,43.0,46.0,0.2,181.8,
2025-03-17 07:30:21,187.67,126.0,191.5,72.0,185.0,90.0,193.79,75.0,189.58,3.830000000000013,216.0,147.0,2.5815441115741096,363,69.0,150.0,0.19,181.8,
2025-03-17 07:30:22,188.78,97.0,191.36,56.0,184.47,75.0,194.15,59.0,190.07,2.5800000000000125,172.0,115.0,2.5606307816635274,287,57.0,-76.0,0.2,191.0,4.0
2025-03-17 07:30:23,186.0,42.0,191.13,30.0,185.0,75.0,194.27,60.0,188.57,5.129999999999996,117.0,90.0,1.6238749951898,207,27.0,-80.0,0.13,186.0,1.0
2025-03-17 07:30:24,188.93,92.0,190.0,28.0,185.84,31.0,193.0,42.0,189.47,1.0699999999999932,123.0,70.0,0.5438749856378517,193,53.0,-14.0,0.27,186.0,
2025-03-17 07:30:25,189.03,78.0,192.68,37.0,186.6,30.0,194.76,50.0,190.85,3.6500000000000057,108.0,87.0,0.8371499268366012,195,21.0,2.0,0.11,189.0,2.0
2025-03-17 07:30:26,189.07,30.0,193.0,24.0,186.25,53.0,195.0,32.0,191.03,3.930000000000007,83.0,56.0,1.0141597507308655,139,27.0,-56.0,0.19,189.5,4.0
2025-03-17 07:30:27,189.0,36.0,193.0,27.0,186.0,63.0,195.0,36.0,191.0,4.0,99.0,63.0,1.111296540083908,162,36.0,23.0,0.22,189.5,
2025-03-17 07:30:28,189.0,20.0,193.0,15.0,187.0,30.0,195.0,20.0,191.0,4.0,50.0,35.0,0.6744998146792902,85,15.0,-77.0,0.18,189.5,
2025-03-17 07:30:29,189.0,36.0,193.0,27.0,187.0,54.0,195.0,36.0,191.0,4.0,90.0,63.0,0.0716240183343686,153,27.0,68.0,0.18,189.5,
2025-03-17 07:30:30,189.09,35.0,192.71,31.0,187.4,60.0,194.86,43.0,190.9,3.620000000000005,95.0,74.0,0.0497995984156532,169,21.0,16.0,0.12,189.5,
2025-03-17 07:30:31,189.69,13.0,192.0,30.0,188.71,42.0,195.6,40.0,190.85,2.3100000000000023,55.0,70.0,0.0707106781353908,125,-15.0,-44.0,-0.12,189.5,
2025-03-17 07:30:32,189.05,21.0,192.0,33.0,187.12,64.0,197.0,44.0,190.52,2.9499999999999886,85.0,77.0,0.1976866206964487,162,8.0,37.0,0.05,189.33,3.0
2025-03-17 07:30:33,187.81,21.0,193.67,36.0,186.49,55.0,197.32,47.0,190.74,5.859999999999985,76.0,83.0,0.1833575741615005,159,-7.0,-3.0,-0.04,187.8,5.0
2025-03-17 07:30:34,189.75,8.0,197.0,32.0,187.0,24.0,198.0,40.0,193.38,7.25,32.0,72.0,1.184111481239113,104,-40.0,-55.0,-0.38,187.8,
2025-03-17 07:30:35,191.0,20.0,193.48,27.0,187.0,51.0,196.48,58.0,192.24,2.4799999999999898,71.0,85.0,1.2279983713353373,156,-14.0,52.0,-0.09,192.0,1.0
2025-03-17 07:30:36,191.0,24.0,192.0,8.0,187.0,27.0,196.0,40.0,191.5,1.0,51.0,48.0,1.1688798056268297,99,3.0,-57.0,0.03,192.0,
2025-03-17 07:30:37,191.0,24.0,192.0,8.0,187.0,24.0,196.0,40.0,191.5,1.0,48.0,48.0,0.9959518060640214,96,0.0,-3.0,0.0,192.0,
2025-03-17 07:30:38,191.0,23.0,192.0,10.0,187.0,30.0,195.38,26.0,191.5,1.0,53.0,36.0,0.8229702303255952,89,17.0,-7.0,0.19,191.0,1.0
2025-03-17 07:30:39,190.2,15.0,192.0,7.0,186.72,25.0,196.0,35.0,191.1,1.8000000000000114,40.0,42.0,0.4136665323690394,82,-2.0,-7.0,-0.02,191.0,2.0
2025-03-17 07:30:40,187.0,36.0,192.0,12.0,186.0,84.0,196.0,60.0,189.5,5.0,120.0,72.0,0.8671793355484595,192,48.0,110.0,0.25,191.0,
2025-03-17 07:30:41,186.27,55.0,190.36,25.0,185.51,69.0,193.51,41.0,188.32,4.090000000000003,124.0,66.0,1.4181960372255709,190,58.0,-2.0,0.31,186.6,5.0
2025-03-17 07:30:42,187.0,59.0,188.56,43.0,186.0,95.0,191.14,59.0,187.78,1.5600000000000025,154.0,102.0,1.64414111316588,256,52.0,66.0,0.2,187.0,3.0
2025-03-17 07:30:43,186.08,76.0,191.09,76.0,185.35,43.0,192.47,57.0,188.59,5.009999999999991,119.0,133.0,1.300199984618657,252,-14.0,-4.0,-0.06,187.0,2.0
2025-03-17 07:30:44,185.82,11.0,191.94,48.0,184.64,22.0,192.84,32.0,188.88,6.1200000000000045,33.0,80.0,0.6399843748111206,113,-47.0,-139.0,-0.42,187.0,
2025-03-17 07:30:45,186.0,27.0,191.0,27.0,185.0,18.0,192.0,45.0,188.5,5.0,45.0,72.0,0.408142132108882,117,-27.0,4.0,-0.23,187.0,
2025-03-17 07:30:46,186.0,18.0,189.5,54.0,185.0,42.0,191.14,70.0,187.75,3.5,60.0,124.0,0.5082814181163704,184,-64.0,67.0,-0.35,188.0,3.0
2025-03-17 07:30:47,183.18,33.0,189.85,34.0,182.22,54.0,191.9,58.0,186.52,6.669999999999988,87.0,92.0,0.95051038921328,179,-5.0,-5.0,-0.03,184.29,7.0
2025-03-17 07:30:48,188.57,163.0,190.0,53.0,181.6,91.0,192.0,95.0,189.29,1.4300000000000068,254.0,148.0,1.091407348336257,402,106.0,172.0,0.26,190.0,2.0
2025-03-17 07:30:49,189.0,117.0,192.0,50.0,182.6,50.0,193.48,97.0,190.5,3.0,167.0,147.0,1.5088306730718273,314,20.0,-88.0,0.06,189.0,1.0
2025-03-17 07:30:50,189.0,72.0,193.55,44.0,183.0,27.0,208.57,56.0,191.27,4.550000000000011,99.0,100.0,1.947955338297673,199,-1.0,-115.0,-0.01,189.0,
2025-03-17 07:30:51,189.0,112.0,192.81,80.0,183.0,42.0,193.6,70.0,190.91,3.8100000000000014,154.0,150.0,1.9267511515508144,304,4.0,105.0,0.01,189.0,
2025-03-17 07:30:52,189.06,68.0,192.0,30.0,185.4,40.0,193.0,40.0,190.53,2.9399999999999977,108.0,70.0,0.7459892760639356,178,38.0,-126.0,0.21,190.0,2.0
2025-03-17 07:30:53,189.0,128.0,191.26,68.0,183.0,48.0,192.44,54.0,190.13,2.259999999999991,176.0,122.0,0.4352240802189032,298,54.0,120.0,0.18,190.0,
2025-03-17 07:30:54,189.08,52.0,191.0,49.0,186.35,55.0,192.0,58.0,190.04,1.9199999999999875,107.0,107.0,0.5199807688774576,214,0.0,-84.0,0.0,191.0,1.0
2025-03-17 07:30:55,189.0,136.0,191.0,68.0,182.0,136.0,192.0,119.0,190.0,2.0,272.0,187.0,0.3902178878554615,459,85.0,172.0,0.19,191.0,
2025-03-17 07:30:56,189.0,88.0,190.0,44.0,182.32,38.0,192.0,65.0,189.5,1.0,126.0,109.0,0.3678994427861436,235,17.0,-172.0,0.07,191.0,
2025-03-17 07:30:57,189.0,64.0,190.95,38.0,183.0,33.0,193.33,27.0,189.97,1.9499999999999889,97.0,65.0,0.2467184630349848,162,32.0,-73.0,0.2,189.0,4.0
2025-03-17 07:30:58,189.0,36.0,193.0,27.0,183.0,27.0,195.0,18.0,191.0,4.0,63.0,45.0,0.5478320910665566,108,18.0,-54.0,0.17,189.0,
2025-03-17 07:30:59,189.0,40.0,191.63,38.0,183.0,30.0,195.08,37.0,190.32,2.6299999999999955,70.0,75.0,0.5541840849414186,145,-5.0,37.0,-0.03,189.0,
2025-03-17 07:31:00,188.38,52.0,191.1,40.0,186.05,63.0,195.95,42.0,189.74,2.719999999999999,115.0,82.0,0.5841061547376085,197,33.0,52.0,0.17,189.0,4.0
2025-03-17 07:31:01,187.0,48.0,196.0,12.0,182.67,18.0,197.0,12.0,191.5,9.0,66.0,24.0,0.7315599770369883,90,42.0,-107.0,0.47,189.0,
2025-03-17 07:31:02,188.45,58.0,195.0,32.0,186.8,117.0,197.0,32.0,191.72,6.550000000000011,175.0,64.0,0.8238203687712292,239,111.0,149.0,0.46,189.0,
2025-03-17 07:31:03,187.24,74.0,194.57,14.0,184.63,59.0,195.9,20.0,190.91,7.329999999999984,133.0,34.0,0.8208653970063324,167,99.0,-72.0,0.59,189.0,3.0
2025-03-17 07:31:04,188.76,102.0,193.59,17.0,187.0,136.0,196.0,34.0,191.18,4.8300000000000125,238.0,51.0,0.7739509028371009,289,187.0,122.0,0.65,189.0,
2025-03-17 07:31:05,189.0,65.0,193.0,11.0,187.0,88.0,195.64,28.0,191.0,4.0,153.0,39.0,0.3412037514482764,192,114.0,-97.0,0.59,189.0,1.0
2025-03-17 07:31:06,189.0,60.0,191.17,12.0,187.0,96.0,195.08,48.0,190.08,2.1699999999999875,156.0,60.0,0.5922161767482896,216,96.0,24.0,0.44,189.0,
2025-03-17 07:31:07,189.3,66.0,194.88,86.0,187.37,108.0,196.57,76.0,192.09,5.579999999999984,174.0,162.0,0.7178927496516272,336,12.0,120.0,0.04,189.0,1.0
2025-03-17 07:31:08,190.0,20.0,195.0,30.0,189.0,20.0,197.0,25.0,192.5,5.0,40.0,55.0,0.95294281045738,95,-15.0,-172.0,-0.16,189.0,
2025-03-17 07:31:09,192.22,54.0,195.0,96.0,189.62,64.0,197.0,80.0,193.61,2.780000000000001,118.0,176.0,1.3631691017634218,294,-58.0,172.0,-0.2,189.0,
2025-03-17 07:31:10,190.51,63.0,194.4,40.0,189.0,74.0,196.52,75.0,192.45,3.890000000000015,137.0,115.0,1.2876839674401988,252,22.0,-42.0,0.09,190.0,4.0
2025-03-17 07:31:11,189.0,44.0,194.1,40.0,187.0,66.0,196.29,28.0,191.55,5.099999999999994,110.0,68.0,0.7561745830180812,178,42.0,-74.0,0.24,190.0,
2025-03-17 07:31:12,188.63,49.0,193.0,56.0,186.99,75.0,196.0,28.0,190.82,4.3700000000000045,124.0,84.0,1.05670714959374,208,40.0,30.0,0.19,188.6,5.0
2025-03-17 07:31:13,189.29,28.0,191.93,56.0,187.0,70.0,196.0,46.0,190.61,2.640000000000015,98.0,102.0,1.2386767132720504,200,-4.0,-8.0,-0.02,188.6,
2025-03-17 07:31:14,190.0,26.0,191.0,52.0,187.0,91.0,196.52,46.0,190.5,1.0,117.0,98.0,0.8164741269644261,215,19.0,15.0,0.09,188.6,
2025-03-17 07:31:15,187.88,41.0,194.56,59.0,186.86,49.0,197.68,56.0,191.22,6.680000000000007,90.0,115.0,0.4380068492641178,205,-25.0,-10.0,-0.12,188.0,6.0
2025-03-17 07:31:16,187.0,48.0,194.79,71.0,186.0,16.0,196.29,66.0,190.89,7.789999999999992,64.0,137.0,0.2786933799038741,201,-73.0,-4.0,-0.36,188.0,
2025-03-17 07:31:17,187.14,42.0,190.69,80.0,185.61,46.0,192.19,80.0,188.92,3.550000000000012,88.0,160.0,0.8878457073175345,248,-72.0,47.0,-0.29,187.5,6.0
2025-03-17 07:31:18,186.0,13.0,188.39,38.0,185.0,117.0,189.15,53.0,187.2,2.3899999999999864,130.0,91.0,1.674389440961098,221,39.0,-27.0,0.18,187.5,
2025-03-17 07:31:20,181.62,64.0,194.11,55.0,180.8,25.0,195.43,47.0,187.87,12.490000000000007,89.0,102.0,1.9540138177611603,191,-13.0,-24.0,-0.07,185.0,2.0
2025-03-17 07:31:21,181.0,81.0,194.0,63.0,179.0,9.0,195.22,27.0,187.5,13.0,90.0,90.0,1.1836807001896132,180,0.0,-11.0,0.0,185.0,
2025-03-17 07:31:22,181.66,134.0,193.9,58.0,180.29,77.0,194.78,81.0,187.78,12.240000000000007,211.0,139.0,0.9009550488239264,350,72.0,170.0,0.21,185.0,
2025-03-17 07:31:23,183.21,149.0,193.6,48.0,180.23,71.0,194.97,127.0,188.41,10.389999999999986,220.0,175.0,1.050395163736668,395,45.0,45.0,0.11,185.17,6.0
2025-03-17 07:31:24,184.0,102.0,193.17,138.0,180.0,153.0,202.16,75.0,188.58,9.169999999999987,255.0,213.0,0.4516303798478648,468,42.0,73.0,0.09,185.17,
2025-03-17 07:31:25,184.0,60.0,192.0,107.0,181.0,90.0,193.0,50.0,188.0,8.0,150.0,157.0,0.4439369324594805,307,-7.0,-161.0,-0.02,185.17,
2025-03-17 07:31:26,184.4,40.0,190.9,41.0,181.62,55.0,192.07,71.0,187.65,6.5,95.0,112.0,0.4000374982442756,207,-17.0,-100.0,-0.08,185.17,
2025-03-17 07:31:27,186.0,48.0,189.62,8.0,185.0,32.0,191.94,70.0,187.81,3.620000000000005,80.0,78.0,0.3945250308935287,158,2.0,-49.0,0.01,190.0,4.0
2025-03-17 07:31:28,186.0,54.0,188.3,10.0,185.0,36.0,191.83,69.0,187.15,2.300000000000012,90.0,79.0,0.5211237856800366,169,11.0,11.0,0.07,187.0,2.0
2025-03-17 07:31:29,186.71,42.0,188.0,9.0,185.0,36.0,191.3,23.0,187.36,1.289999999999992,78.0,32.0,0.3415113468121469,110,46.0,-59.0,0.42,187.0,3.0
2025-03-17 07:31:30,188.23,43.0,191.0,16.0,187.34,58.0,193.0,40.0,189.62,2.7700000000000102,101.0,56.0,0.9850736013118488,157,45.0,47.0,0.29,189.0,3.0
2025-03-17 07:31:31,188.13,63.0,191.0,14.0,186.57,42.0,193.0,35.0,189.56,2.8700000000000045,105.0,49.0,1.2016863151428276,154,56.0,-3.0,0.36,189.0,
2025-03-17 07:31:32,188.06,70.0,191.0,14.0,186.5,26.0,193.0,35.0,189.53,2.9399999999999977,96.0,49.0,1.270562867394438,145,47.0,-9.0,0.32,189.0,
2025-03-17 07:31:33,188.0,83.0,191.0,18.0,187.0,9.0,193.0,45.0,189.5,3.0,92.0,63.0,0.981519230581654,155,29.0,10.0,0.19,188.0,2.0
2025-03-17 07:31:34,188.0,63.0,190.5,10.0,187.0,7.0,192.3,23.0,189.25,2.5,70.0,33.0,0.1423727502074895,103,37.0,-52.0,0.36,188.0,
2025-03-17 07:31:35,188.0,64.0,193.43,37.0,187.0,8.0,194.38,40.0,190.72,5.430000000000007,72.0,77.0,0.5767755195929044,149,-5.0,46.0,-0.03,188.0,1.0
2025-03-17 07:31:36,188.0,64.0,193.62,32.0,187.0,8.0,194.71,28.0,190.81,5.6200000000000045,72.0,60.0,0.74173445383216,132,12.0,-17.0,0.09,188.0,
2025-03-17 07:31:37,188.0,56.0,193.0,21.0,187.0,7.0,194.0,14.0,190.5,5.0,63.0,35.0,0.7272069856661968,98,28.0,-34.0,0.29,188.0,
2025-03-17 07:31:38,188.78,64.0,193.0,27.0,188.25,32.0,194.0,18.0,190.89,4.219999999999999,96.0,45.0,0.6777388877744505,141,51.0,43.0,0.36,188.0,
2025-03-17 07:31:39,192.0,18.0,193.0,24.0,191.0,16.0,194.0,16.0,192.5,1.0,34.0,40.0,0.8048788728758126,74,-6.0,-67.0,-0.08,192.0,2.0
2025-03-17 07:31:40,190.62,26.0,193.0,22.0,188.43,56.0,194.18,17.0,191.81,2.3799999999999955,82.0,39.0,0.8288968572759047,121,43.0,47.0,0.36,191.5,6.0
2025-03-17 07:31:41,189.71,42.0,192.0,53.0,187.99,97.0,193.7,40.0,190.86,2.289999999999992,139.0,93.0,0.821748136597749,232,46.0,111.0,0.2,189.2,5.0
2025-03-17 07:31:42,188.0,78.0,191.55,33.0,187.0,13.0,194.64,42.0,189.77,3.550000000000012,91.0,75.0,1.0383785436929251,166,16.0,-66.0,0.1,192.5,8.0
2025-03-17 07:31:43,188.09,46.0,197.0,9.0,187.63,19.0,198.0,45.0,192.54,8.909999999999997,65.0,54.0,1.1811138810469874,119,11.0,-47.0,0.09,192.5,
2025-03-17 07:31:44,190.0,24.0,197.0,12.0,188.0,72.0,198.0,60.0,193.5,7.0,96.0,72.0,1.448112564686147,168,24.0,49.0,0.14,192.5,
2025-03-17 07:31:45,190.0,14.0,195.48,23.0,188.0,42.0,197.79,19.0,192.74,5.47999999999999,56.0,42.0,1.5241456623308374,98,14.0,-70.0,0.14,192.5,
2025-03-17 07:31:46,190.0,4.0,194.5,10.0,188.0,12.0,197.0,2.0,192.25,4.5,16.0,12.0,1.4139130100546973,28,4.0,-70.0,0.14,192.5,
2025-03-17 07:31:47,190.0,16.0,194.0,40.0,188.0,48.0,195.0,24.0,192.0,4.0,64.0,64.0,0.5734806012429551,128,0.0,100.0,0.0,192.5,
2025-03-17 07:31:48,190.0,18.0,194.0,45.0,188.0,54.0,195.0,27.0,192.0,4.0,72.0,72.0,0.636411816359478,144,0.0,16.0,0.0,192.5,
2025-03-17 07:31:49,190.73,30.0,193.0,75.0,188.96,46.0,195.0,45.0,191.87,2.2700000000000102,76.0,120.0,0.3460780258871349,196,-44.0,52.0,-0.22,192.5,
2025-03-17 07:31:50,190.0,12.0,191.5,60.0,188.0,72.0,195.0,36.0,190.75,1.5,84.0,96.0,0.5887529193149774,180,-12.0,-16.0,-0.07,190.67,3.0
2025-03-17 07:31:51,188.08,75.0,190.8,75.0,187.23,78.0,195.19,31.0,189.44,2.719999999999999,153.0,106.0,1.1211913306844132,259,47.0,79.0,0.18,190.0,1.0
2025-03-17 07:31:52,188.0,48.0,190.0,60.0,187.0,60.0,195.0,12.0,189.0,2.0,108.0,72.0,1.3693319539110564,180,36.0,-79.0,0.2,188.0,3.0
2025-03-17 07:31:53,187.9,50.0,189.52,60.0,186.83,82.0,195.42,19.0,188.71,1.6200000000000043,132.0,79.0,1.3253791910249106,211,53.0,31.0,0.25,188.4,5.0
2025-03-17 07:31:54,187.0,55.0,195.0,11.0,185.0,77.0,197.0,44.0,191.0,8.0,132.0,55.0,1.036605035682267,187,77.0,-24.0,0.41,188.4,
2025-03-17 07:31:55,187.0,40.0,195.0,8.0,185.0,56.0,197.0,32.0,191.0,8.0,96.0,40.0,1.0992270011248055,136,56.0,-51.0,0.41,188.4,
2025-03-17 07:31:56,187.0,55.0,195.0,11.0,185.0,77.0,197.0,44.0,191.0,8.0,132.0,55.0,1.1793303184442607,187,77.0,51.0,0.41,188.4,
2025-03-17 07:31:57,187.0,55.0,193.71,35.0,185.0,77.0,196.54,26.0,190.36,6.710000000000008,132.0,61.0,0.992058466019942,193,71.0,6.0,0.37,188.4,
2025-03-17 07:31:58,187.0,75.0,192.07,75.0,185.0,99.0,194.67,27.0,189.53,5.069999999999993,174.0,102.0,0.6480894999935148,276,72.0,83.0,0.26,188.4,
2025-03-17 07:31:59,188.5,64.0,192.0,70.0,185.95,63.0,194.0,14.0,190.25,3.5,127.0,84.0,0.6117761028365306,211,43.0,-65.0,0.2,188.4,
2025-03-17 07:32:00,188.75,64.0,191.87,75.0,186.47,75.0,193.93,15.0,190.31,3.1200000000000045,139.0,90.0,0.5216799785326837,229,49.0,18.0,0.21,190.2,5.0
2025-03-17 07:32:01,187.5,48.0,190.4,48.0,186.57,70.0,195.25,32.0,188.95,2.9000000000000057,118.0,80.0,0.6204030947713551,198,38.0,-31.0,0.19,188.0,1.0
2025-03-17 07:32:02,188.0,27.0,192.17,24.0,187.0,36.0,195.53,32.0,190.08,4.169999999999988,63.0,56.0,0.5773906822956821,119,7.0,-79.0,0.06,188.0,
2025-03-17 07:32:03,188.0,48.0,191.81,64.0,187.0,64.0,192.52,25.0,189.91,3.8100000000000014,112.0,89.0,0.553534100125617,201,23.0,82.0,0.11,188.0,
2025-03-17 07:32:04,188.0,51.0,190.12,68.0,187.0,68.0,192.0,68.0,189.06,2.1200000000000045,119.0,136.0,0.6175516172773433,255,-17.0,54.0,-0.07,188.0,
2025-03-17 07:32:05,187.06,53.0,190.75,55.0,186.05,79.0,191.64,56.0,188.9,3.6899999999999977,132.0,111.0,0.5675825931103265,243,21.0,-12.0,0.09,187.6,5.0
2025-03-17 07:32:06,186.56,43.0,188.93,41.0,185.65,68.0,190.84,50.0,187.74,2.3700000000000045,111.0,91.0,0.9354784871934876,202,20.0,-41.0,0.1,187.0,2.0
2025-03-17 07:32:07,187.0,15.0,192.16,37.0,185.77,53.0,193.33,36.0,189.58,5.159999999999997,68.0,73.0,0.8304336216711163,141,-5.0,-61.0,-0.04,188.0,1.0
2025-03-17 07:32:08,187.04,24.0,192.92,38.0,184.21,34.0,193.6,48.0,189.98,5.879999999999996,58.0,86.0,0.8491878472998777,144,-28.0,3.0,-0.19,186.8,5.0
2025-03-17 07:32:09,185.03,37.0,190.92,25.0,181.29,51.0,192.6,35.0,187.97,5.889999999999986,88.0,60.0,0.9769237431866372,148,28.0,4.0,0.19,188.33,3.0
2025-03-17 07:32:10,184.0,30.0,194.48,46.0,180.77,35.0,195.91,69.0,189.24,10.47999999999999,65.0,115.0,0.994344004860388,180,-50.0,32.0,-0.28,186.0,2.0
2025-03-17 07:32:11,181.0,42.0,190.03,34.0,180.0,28.0,192.67,42.0,185.51,9.03,70.0,76.0,1.810781599200138,146,-6.0,-34.0,-0.04,183.0,1.0
2025-03-17 07:32:12,181.0,36.0,190.22,41.0,180.0,24.0,192.57,46.0,185.61,9.22,60.0,87.0,2.04938283392873,147,-27.0,1.0,-0.18,190.5,2.0
2025-03-17 07:32:13,181.0,27.0,191.0,46.0,180.0,18.0,192.65,23.0,186.0,10.0,45.0,69.0,1.6598885504761254,114,-24.0,-33.0,-0.21,190.5,
2025-03-17 07:32:14,181.0,18.0,191.0,24.0,180.0,12.0,192.0,12.0,186.0,10.0,30.0,36.0,1.5633201847355886,66,-6.0,-48.0,-0.09,190.5,
2025-03-17 07:32:15,181.0,27.0,191.0,36.0,180.0,18.0,192.0,18.0,186.0,10.0,45.0,54.0,0.2435775030696947,99,-9.0,33.0,-0.09,190.5,
2025-03-17 07:32:16,181.0,39.0,190.5,28.0,180.0,26.0,191.37,38.0,185.75,9.5,65.0,66.0,0.182126329786958,131,-1.0,32.0,-0.01,190.5,
2025-03-17 07:32:19,183.0,17.0,187.0,19.0,179.71,41.0,189.85,52.0,185.0,4.0,58.0,71.0,0.8974018052141614,129,-13.0,10.0,-0.1,187.0,2.0
2025-03-17 07:32:20,185.82,49.0,187.55,65.0,183.43,49.0,189.59,68.0,186.69,1.7300000000000182,98.0,133.0,1.1154236863190865,231,-35.0,102.0,-0.15,187.0,5.0
2025-03-17 07:32:21,186.22,9.0,188.0,36.0,185.22,9.0,192.75,64.0,187.11,1.7800000000000011,18.0,100.0,1.423913620976258,118,-82.0,-113.0,-0.69,187.0,
2025-03-17 07:32:22,186.62,13.0,188.62,52.0,180.31,13.0,193.0,104.0,187.62,2.0,26.0,156.0,1.3863513263245482,182,-130.0,64.0,-0.71,187.0,1.0
2025-03-17 07:32:23,183.8,25.0,188.0,13.0,177.64,56.0,189.3,40.0,185.9,4.199999999999989,81.0,53.0,1.0327293934046111,134,28.0,-48.0,0.21,188.0,1.0
2025-03-17 07:32:27,177.31,13.0,192.0,21.0,176.42,31.0,193.29,28.0,184.65,14.689999999999998,44.0,49.0,1.9837716602475863,93,-5.0,4.0,-0.05,188.5,2.0
2025-03-17 07:32:28,177.0,12.0,193.09,11.0,176.0,22.0,248.53,17.0,185.05,16.090000000000003,34.0,28.0,1.7769637024996976,62,6.0,-31.0,0.1,188.5,
2025-03-17 07:32:29,176.82,33.0,191.05,41.0,174.78,51.0,192.55,22.0,183.93,14.230000000000018,84.0,63.0,1.6510844920843393,147,21.0,85.0,0.14,188.5,
2025-03-17 07:32:30,177.0,15.0,191.0,25.0,172.88,17.0,192.0,10.0,184.0,14.0,32.0,35.0,1.3096564435001508,67,-3.0,-80.0,-0.04,188.5,
2025-03-17 07:32:31,182.26,54.0,190.88,34.0,177.52,27.0,191.38,32.0,186.57,8.620000000000005,81.0,66.0,1.073172865852262,147,15.0,80.0,0.1,188.5,
2025-03-17 07:32:32,186.13,90.0,188.97,36.0,184.88,96.0,190.32,34.0,187.55,2.8400000000000034,186.0,70.0,1.5994374010887833,256,116.0,109.0,0.45,188.5,
2025-03-17 07:32:33,187.0,16.0,188.0,23.0,186.0,104.0,190.93,29.0,187.5,1.0,120.0,52.0,1.8180896567556049,172,68.0,-84.0,0.4,188.5,
2025-03-17 07:32:34,186.04,102.0,187.67,30.0,180.97,70.0,190.52,31.0,186.85,1.6299999999999957,172.0,61.0,1.4559979395596037,233,111.0,61.0,0.48,186.22,9.0
2025-03-17 07:32:35,186.1,40.0,188.0,8.0,180.67,36.0,191.0,8.0,187.05,1.9000000000000057,76.0,16.0,0.4208087451585367,92,60.0,-141.0,0.65,186.22,
2025-03-17 07:32:36,187.0,22.0,189.71,14.0,186.0,66.0,191.53,15.0,188.36,2.710000000000008,88.0,29.0,0.5830694641309685,117,59.0,25.0,0.5,188.0,1.0
2025-03-17 07:32:37,187.53,30.0,190.93,28.0,186.23,62.0,192.56,41.0,189.23,3.4000000000000057,92.0,69.0,0.989125876722488,161,23.0,44.0,0.14,189.0,2.0
2025-03-17 07:32:38,187.82,44.0,192.0,22.0,186.37,38.0,193.0,55.0,189.91,4.180000000000007,82.0,77.0,1.334503653049377,159,5.0,-2.0,0.03,189.0,
2025-03-17 07:32:39,188.47,68.0,190.36,42.0,187.57,28.0,192.94,64.0,189.41,1.8900000000000148,96.0,106.0,1.1230405157438577,202,-10.0,43.0,-0.05,190.0,3.0
2025-03-17 07:32:40,188.33,24.0,193.0,64.0,187.13,30.0,194.0,30.0,190.67,4.669999999999988,54.0,94.0,0.853861815519566,148,-40.0,-54.0,-0.27,189.33,3.0
2025-03-17 07:32:41,188.3,10.0,219.73,33.0,187.18,17.0,284.53,19.0,204.01,31.42999999999998,27.0,52.0,6.377137288784274,79,-25.0,-69.0,-0.32,193.33,6.0
2025-03-17 07:32:42,188.0,9.0,193.19,31.0,187.0,18.0,279.43,21.0,190.6,5.189999999999998,27.0,52.0,6.221197633896779,79,-25.0,0.0,-0.32,189.0,1.0
2025-03-17 07:32:43,188.0,15.0,189.0,45.0,187.0,30.0,194.0,15.0,188.5,1.0,45.0,60.0,6.420511661853968,105,-15.0,26.0,-0.14,189.0,
2025-03-17 07:32:44,188.0,9.0,189.0,27.0,187.0,18.0,194.0,9.0,188.5,1.0,27.0,36.0,6.546551000336191,63,-9.0,-42.0,-0.14,189.0,
2025-03-17 07:32:45,186.06,16.0,188.28,40.0,184.93,14.0,191.06,17.0,187.17,2.219999999999999,30.0,57.0,6.959369942746448,87,-27.0,24.0,-0.31,186.57,7.0
2025-03-17 07:32:53,180.31,26.0,188.73,56.0,177.85,40.0,188.88,24.0,184.52,8.419999999999987,66.0,80.0,10.44788830338462,146,-14.0,16.0,-0.1,186.57,
2025-03-17 07:32:54,183.2,60.0,187.04,57.0,182.0,30.0,188.63,95.0,185.12,3.8400000000000034,90.0,152.0,11.230246212795214,242,-62.0,96.0,-0.26,184.0,1.0
2025-03-17 07:33:10,181.67,27.0,187.6,20.0,176.0,15.0,190.03,40.0,184.63,5.930000000000007,42.0,60.0,1.1312028995727557,102,-18.0,-39.0,-0.18,184.0,
2025-03-17 07:33:13,185.0,60.0,190.16,25.0,175.73,11.0,190.36,22.0,187.58,5.159999999999997,71.0,47.0,1.3639758062377665,118,24.0,-49.0,0.2,187.0,3.0
2025-03-17 07:33:14,185.0,45.0,192.0,36.0,175.0,9.0,193.0,9.0,188.5,7.0,54.0,45.0,1.7742688635046433,99,9.0,-19.0,0.09,187.0,
2025-03-17 07:33:16,184.0,50.0,187.79,56.0,174.64,14.0,191.49,41.0,185.89,3.789999999999992,64.0,97.0,1.508499254226567,161,-33.0,-25.0,-0.2,186.0,4.0
2025-03-17 07:33:17,177.62,8.0,191.0,28.0,175.43,7.0,195.0,7.0,184.31,13.379999999999995,15.0,35.0,1.6523105035077634,50,-20.0,-111.0,-0.4,186.0,
2025-03-17 07:33:18,178.2,10.0,191.0,24.0,176.67,6.0,195.0,6.0,184.6,12.800000000000011,16.0,30.0,1.6559136450920278,46,-14.0,-4.0,-0.3,186.0,
2025-03-17 07:33:22,183.0,12.0,188.5,18.0,182.0,168.0,192.5,36.0,185.75,5.5,180.0,54.0,1.580085440728313,234,126.0,-112.0,0.54,187.1,10.0
2025-03-17 07:33:23,186.57,21.0,193.0,13.0,182.26,78.0,195.0,39.0,189.79,6.430000000000007,99.0,52.0,3.2658429233509843,151,47.0,-83.0,0.31,187.1,
2025-03-17 07:33:24,188.53,17.0,193.0,9.0,186.91,22.0,195.0,27.0,190.76,4.469999999999999,39.0,36.0,4.017271462074959,75,3.0,-76.0,0.04,188.0,2.0
2025-03-17 07:33:25,190.95,21.0,193.0,14.0,187.38,79.0,221.4,50.0,191.98,2.050000000000012,100.0,64.0,3.900042307463113,164,36.0,89.0,0.22,191.67,3.0
2025-03-17 07:33:26,188.0,10.0,193.0,10.0,187.0,140.0,316.5,30.0,190.5,5.0,150.0,40.0,2.374706297629776,190,110.0,26.0,0.58,191.67,
2025-03-17 07:33:27,189.6,10.0,196.85,26.0,187.22,36.0,215.28,46.0,193.22,7.25,46.0,72.0,1.3553597308474443,118,-26.0,-72.0,-0.22,191.67,
2025-03-17 07:33:28,189.0,12.0,191.52,50.0,187.07,90.0,199.98,57.0,190.26,2.5200000000000102,102.0,107.0,1.2401935332853793,209,-5.0,91.0,-0.02,190.0,1.0
2025-03-17 07:33:29,187.02,143.0,192.23,62.0,186.81,52.0,271.0,45.0,189.62,5.20999999999998,195.0,107.0,1.459753403833273,302,88.0,93.0,0.29,188.0,1.0
2025-03-17 07:33:30,187.61,72.0,193.0,65.0,186.99,156.0,362.62,53.0,190.31,5.389999999999986,228.0,118.0,1.402576201139451,346,110.0,44.0,0.32,188.0,
2025-03-17 07:33:31,189.77,53.0,192.82,50.0,187.22,126.0,231.0,68.0,191.3,3.049999999999983,179.0,118.0,1.407984374914298,297,61.0,-49.0,0.21,190.0,3.0
2025-03-17 07:33:32,190.0,26.0,195.33,52.0,187.0,168.0,294.65,26.0,192.66,5.3300000000000125,194.0,78.0,1.1862967588267257,272,116.0,-25.0,0.43,190.0,1.0
2025-03-17 07:33:33,190.0,8.0,198.0,20.0,187.0,56.0,288.0,12.0,194.0,8.0,64.0,32.0,1.7716997488296258,96,32.0,-172.0,0.33,190.0,
2025-03-17 07:33:34,190.0,12.0,197.12,40.0,187.0,84.0,231.45,22.0,193.56,7.1200000000000045,96.0,62.0,1.5447912480342276,158,34.0,62.0,0.22,190.0,
2025-03-17 07:33:35,190.0,28.0,197.0,140.0,187.0,196.0,331.69,26.0,193.5,7.0,224.0,166.0,1.0687749997091545,390,58.0,172.0,0.15,190.0,
2025-03-17 07:33:36,181.37,41.0,196.15,100.0,178.71,42.0,212.11,61.0,188.76,14.78,83.0,161.0,2.143986940259488,244,-78.0,-146.0,-0.32,186.75,4.0
2025-03-17 07:33:37,181.79,42.0,190.61,66.0,180.9,20.0,191.7,66.0,186.2,8.820000000000022,62.0,132.0,3.5232485010289887,194,-70.0,-50.0,-0.36,186.75,
2025-03-17 07:33:38,182.94,51.0,187.36,73.0,179.39,71.0,189.25,80.0,185.15,4.420000000000016,122.0,153.0,3.963014004517609,275,-31.0,81.0,-0.11,184.0,3.0
2025-03-17 07:33:42,178.0,51.0,188.9,41.0,168.66,99.0,190.71,35.0,183.45,10.900000000000006,150.0,76.0,1.277712800280934,226,74.0,28.0,0.33,187.0,2.0
2025-03-17 07:33:43,178.0,4.0,189.0,16.0,177.0,40.0,191.0,12.0,183.5,11.0,44.0,28.0,0.8986378580950611,72,16.0,-154.0,0.22,187.0,
2025-03-17 07:33:44,178.0,8.0,189.0,32.0,177.0,80.0,191.0,24.0,183.5,11.0,88.0,56.0,0.8819693872247926,144,32.0,72.0,0.22,187.0,
2025-03-17 07:33:45,179.83,46.0,189.0,40.0,177.13,46.0,191.0,30.0,184.41,9.169999999999987,92.0,70.0,1.0441407951046209,162,22.0,18.0,0.14,187.0,
2025-03-17 07:33:46,182.49,45.0,188.6,30.0,176.17,88.0,190.58,38.0,185.54,6.109999999999985,133.0,68.0,0.9096977520044168,201,65.0,39.0,0.32,188.43,7.0
2025-03-17 07:33:47,186.0,28.0,188.0,7.0,177.0,7.0,191.0,21.0,187.0,2.0,35.0,28.0,1.4932514858529566,63,7.0,-138.0,0.11,188.43,
2025-03-17 07:33:48,186.0,36.0,265.18,11.0,176.17,36.0,205.96,27.0,225.59,79.18,72.0,38.0,18.14925260169145,110,34.0,47.0,0.31,190.25,4.0
2025-03-17 07:33:49,186.5,24.0,395.8,25.0,184.58,19.0,566.93,15.0,291.15,209.3,43.0,40.0,46.09302300782634,83,3.0,-27.0,0.04,190.25,
2025-03-17 07:33:50,187.47,34.0,281.83,12.0,186.2,30.0,306.65,34.0,234.65,94.36,64.0,46.0,43.21503129699215,110,18.0,27.0,0.16,190.25,
2025-03-17 07:33:51,188.33,66.0,269.95,43.0,187.8,90.0,301.03,35.0,229.14,81.61999999999998,156.0,78.0,37.31176932282914,234,78.0,124.0,0.33,190.25,
2025-03-17 07:33:52,189.86,103.0,192.26,34.0,187.88,52.0,271.3,50.0,191.06,2.3999999999999773,155.0,84.0,36.07017701647739,239,71.0,5.0,0.3,188.75,8.0
2025-03-17 07:33:53,190.0,87.0,191.17,29.0,187.71,28.0,192.05,41.0,190.59,1.1699999999999875,115.0,70.0,41.21647328435575,185,45.0,-54.0,0.24,191.0,3.0
2025-03-17 07:33:54,190.0,108.0,191.17,29.0,186.0,36.0,192.05,41.0,190.59,1.1699999999999875,144.0,70.0,22.622719332564905,214,74.0,29.0,0.35,191.0,
2025-03-17 07:33:55,190.0,72.0,191.69,29.0,186.0,28.0,192.42,19.0,190.84,1.6899999999999975,100.0,48.0,17.160705987808402,148,52.0,-66.0,0.35,190.0,3.0
2025-03-17 07:33:56,190.0,39.0,191.17,30.0,186.0,24.0,197.33,6.0,190.58,1.1699999999999875,63.0,36.0,0.2137054047069596,99,27.0,-49.0,0.27,190.0,5.0
2025-03-17 07:33:57,186.29,28.0,199.0,7.0,183.86,28.0,371.71,21.0,192.64,12.710000000000008,56.0,28.0,0.8966995037363631,84,28.0,-15.0,0.33,190.0,4.0
2025-03-17 07:33:58,187.0,32.0,199.0,8.0,186.0,32.0,224.0,24.0,193.0,12.0,64.0,32.0,1.1890332207306824,96,32.0,12.0,0.33,190.0,
2025-03-17 07:33:59,187.43,21.0,197.5,6.0,186.13,23.0,208.38,8.0,192.46,10.069999999999991,44.0,14.0,1.110981548002162,58,30.0,-38.0,0.52,187.0,1.0
2025-03-17 07:34:00,190.0,27.0,195.71,21.0,187.0,27.0,197.67,9.0,192.86,5.710000000000008,54.0,30.0,0.9877854017960412,84,24.0,26.0,0.29,187.0,
2025-03-17 07:34:01,188.44,54.0,194.82,22.0,187.56,48.0,195.67,18.0,191.63,6.379999999999996,102.0,40.0,0.5376058035414201,142,62.0,58.0,0.44,189.2,5.0
2025-03-17 07:34:02,189.45,77.0,192.22,23.0,187.86,65.0,194.48,21.0,190.84,2.7700000000000102,142.0,44.0,0.9095163549938818,186,98.0,44.0,0.53,191.0,1.0
2025-03-17 07:34:03,190.93,103.0,196.94,31.0,189.85,91.0,347.66,41.0,193.93,6.009999999999991,194.0,72.0,1.179716067535487,266,122.0,80.0,0.46,191.0,
2025-03-17 07:34:04,191.0,35.0,201.0,6.0,190.0,42.0,406.0,27.0,196.0,10.0,77.0,33.0,2.025677664388269,110,44.0,-156.0,0.4,191.0,3.0
2025-03-17 07:34:05,191.0,60.0,197.4,30.0,190.0,70.0,207.35,17.0,194.2,6.400000000000006,130.0,47.0,2.081790095086811,177,83.0,67.0,0.47,191.0,
2025-03-17 07:34:06,191.0,5.0,192.0,20.0,190.0,35.0,198.0,15.0,191.5,1.0,40.0,35.0,2.108810091023262,75,5.0,-102.0,0.07,191.0,5.0
2025-03-17 07:34:07,191.0,10.0,196.16,31.0,190.0,90.0,202.5,12.0,193.58,5.159999999999997,100.0,43.0,1.6082972362102843,143,57.0,68.0,0.4,191.0,
2025-03-17 07:34:08,191.0,9.0,196.0,27.0,190.0,79.0,204.0,9.0,193.5,5.0,88.0,36.0,1.613902103599107,124,52.0,-19.0,0.42,191.0,
2025-03-17 07:34:09,191.0,12.0,194.17,60.0,190.0,84.0,196.0,36.0,192.58,3.1699999999999875,96.0,96.0,1.0520076045359483,192,0.0,68.0,0.0,191.0,
2025-03-17 07:34:10,190.27,30.0,192.45,55.0,189.45,77.0,196.78,27.0,191.36,2.1799999999999784,107.0,82.0,1.0573930205942148,189,25.0,-3.0,0.13,191.0,1.0
2025-03-17 07:34:11,190.0,62.0,191.28,36.0,188.0,63.0,194.9,21.0,190.64,1.2800000000000011,125.0,57.0,1.3029658475959154,182,68.0,-7.0,0.37,190.0,2.0
2025-03-17 07:34:12,190.0,28.0,192.67,24.0,188.0,56.0,288.42,12.0,191.33,2.6699999999999875,84.0,36.0,1.1428998206322645,120,48.0,-62.0,0.4,190.0,5.0
2025-03-17 07:34:13,190.0,10.0,200.0,10.0,188.0,70.0,471.0,10.0,195.0,10.0,80.0,20.0,1.7232875558075882,100,60.0,-20.0,0.6,190.0,
2025-03-17 07:34:14,190.0,27.0,200.0,12.0,188.0,84.0,296.73,30.0,195.0,10.0,111.0,42.0,2.1500186045709766,153,69.0,53.0,0.45,190.0,
2025-03-17 07:34:15,190.0,74.0,207.5,32.0,187.92,74.0,243.0,20.0,198.75,17.5,148.0,52.0,3.274038790240809,200,96.0,47.0,0.48,190.0,4.0
2025-03-17 07:34:16,190.0,18.0,200.0,45.0,188.0,36.0,280.56,27.0,195.0,10.0,54.0,72.0,2.6234576421207176,126,-18.0,-74.0,-0.14,190.0,
2025-03-17 07:34:17,190.0,10.0,200.0,25.0,188.0,20.0,345.0,6.0,195.0,10.0,30.0,31.0,1.6770509831253628,61,-1.0,-65.0,-0.02,190.0,
2025-03-17 07:34:18,190.0,8.0,199.71,14.0,188.0,16.0,247.14,14.0,194.86,9.710000000000008,24.0,28.0,1.6937886526960022,52,-4.0,-9.0,-0.08,190.0,
2025-03-17 07:34:19,190.0,18.0,198.1,39.0,188.0,36.0,199.42,24.0,194.05,8.099999999999994,54.0,63.0,1.8418387551579285,117,-9.0,65.0,-0.08,190.0,
2025-03-17 07:34:20,190.53,30.0,197.15,65.0,188.8,60.0,198.07,59.0,193.84,6.6200000000000045,90.0,124.0,0.5601785429678529,214,-34.0,97.0,-0.16,191.0,6.0
2025-03-17 07:34:21,188.0,47.0,195.69,52.0,186.0,168.0,197.0,70.0,191.85,7.689999999999998,215.0,122.0,1.2607735720586486,337,93.0,123.0,0.28,188.0,2.0
2025-03-17 07:34:22,187.94,32.0,190.69,62.0,186.45,99.0,192.22,59.0,189.32,2.75,131.0,121.0,2.2304326934479386,252,10.0,-85.0,0.04,187.4,5.0
2025-03-17 07:34:23,186.88,16.0,188.18,11.0,185.7,20.0,190.12,40.0,187.53,1.3000000000000114,36.0,51.0,2.8481695876477,87,-15.0,-165.0,-0.17,187.33,3.0
2025-03-17 07:34:24,185.24,55.0,190.0,50.0,184.41,118.0,194.36,55.0,187.62,4.759999999999991,173.0,105.0,2.756387128108294,278,68.0,172.0,0.24,186.0,2.0
2025-03-17 07:34:25,185.0,60.0,192.0,50.0,184.0,100.0,193.1,50.0,188.5,7.0,160.0,100.0,1.77014971118291,260,60.0,-18.0,0.23,186.0,
2025-03-17 07:34:26,185.06,49.0,191.3,23.0,184.07,86.0,192.22,45.0,188.18,6.240000000000009,135.0,68.0,0.7289718787448779,203,67.0,-57.0,0.33,186.0,
2025-03-17 07:34:27,188.0,14.0,189.86,28.0,185.0,84.0,193.43,70.0,188.93,1.8600000000000136,98.0,98.0,0.5909906936668567,196,0.0,-7.0,0.0,186.0,
2025-03-17 07:34:28,186.8,15.0,189.87,23.0,184.84,64.0,193.3,50.0,188.33,3.069999999999993,79.0,73.0,0.4779853554251009,152,6.0,-44.0,0.04,188.0,1.0
2025-03-17 07:34:29,185.0,90.0,192.65,31.0,184.0,150.0,193.8,75.0,188.82,7.650000000000006,240.0,106.0,0.3182294769516307,346,134.0,172.0,0.39,188.0,
2025-03-17 07:34:30,184.18,134.0,189.04,26.0,182.44,180.0,191.96,53.0,186.61,4.859999999999985,314.0,79.0,0.9299623648303278,393,235.0,47.0,0.6,187.5,2.0
2025-03-17 07:34:31,185.04,72.0,187.13,60.0,182.88,130.0,189.0,30.0,186.09,2.0900000000000034,202.0,90.0,1.3161230945472866,292,112.0,-101.0,0.38,187.5,
2025-03-17 07:34:32,185.44,32.0,188.76,42.0,182.96,69.0,190.84,57.0,187.1,3.319999999999993,101.0,99.0,1.152280347832351,200,2.0,-92.0,0.01,186.06,17.0
2025-03-17 07:34:44,180.4,48.0,187.13,30.0,180.08,84.0,189.14,42.0,183.76,6.72999999999999,132.0,72.0,1.7687905472381795,204,60.0,-8.0,0.29,186.06,
2025-03-17 07:34:45,183.14,14.0,187.0,14.0,182.0,77.0,188.0,14.0,185.07,3.8600000000000136,91.0,28.0,2.4816385715891927,119,63.0,-85.0,0.53,186.06,
2025-03-17 07:34:46,182.34,58.0,187.64,22.0,181.82,67.0,188.72,29.0,184.99,5.299999999999983,125.0,51.0,2.3107293220971186,176,74.0,57.0,0.42,184.0,7.0
2025-03-17 07:34:47,185.12,64.0,188.0,16.0,181.0,16.0,189.0,24.0,186.56,2.8799999999999955,80.0,40.0,1.836417708474716,120,40.0,-56.0,0.33,184.0,
2025-03-17 07:34:48,187.0,40.0,188.5,12.0,180.38,16.0,189.53,19.0,187.75,1.5,56.0,31.0,1.5475238285724668,87,25.0,-33.0,0.29,188.0,2.0
2025-03-17 07:34:49,187.0,80.0,189.0,30.0,180.0,50.0,190.0,50.0,188.0,2.0,130.0,80.0,1.4263344628801544,210,50.0,123.0,0.24,188.0,
2025-03-17 07:34:50,187.0,60.0,189.0,24.0,180.0,40.0,239.62,24.0,188.0,2.0,100.0,48.0,1.301748823698191,148,52.0,-62.0,0.35,187.0,2.0
2025-03-17 07:34:51,187.58,57.0,189.0,19.0,185.37,86.0,329.67,15.0,188.29,1.4199999999999875,143.0,34.0,0.676054731511909,177,109.0,29.0,0.62,189.0,2.0
2025-03-17 07:34:52,188.4,65.0,219.5,16.0,186.07,70.0,348.92,13.0,203.95,31.099999999999994,135.0,29.0,7.131147873940049,164,106.0,-13.0,0.65,189.67,3.0
2025-03-17 07:34:53,189.0,66.0,264.5,8.0,187.0,48.0,396.38,8.0,226.75,75.5,114.0,16.0,16.965178159984056,130,98.0,-34.0,0.75,189.0,5.0
2025-03-17 07:34:54,189.0,49.0,204.0,19.0,187.0,42.0,285.25,8.0,196.5,15.0,91.0,27.0,15.985173442912656,118,64.0,-12.0,0.54,189.0,
2025-03-17 07:34:55,189.0,35.0,192.0,25.0,187.0,30.0,249.0,5.0,190.5,3.0,65.0,30.0,15.521058920060836,95,35.0,-23.0,0.37,189.0,
2025-03-17 07:34:56,189.0,49.0,192.0,35.0,187.0,42.0,251.86,7.0,190.5,3.0,91.0,42.0,15.086972857402507,133,49.0,38.0,0.37,189.0,
2025-03-17 07:34:57,189.0,35.0,192.0,25.0,187.0,30.0,316.4,5.0,190.5,3.0,65.0,30.0,15.756347927105448,95,35.0,-38.0,0.37,189.0,
2025-03-17 07:34:58,189.0,35.0,191.87,23.0,187.0,30.0,243.89,9.0,190.43,2.8700000000000045,65.0,32.0,2.691278506583901,97,33.0,2.0,0.34,189.0,
2025-03-17 07:34:59,189.0,63.0,191.0,27.0,187.0,54.0,192.0,45.0,190.0,2.0,117.0,72.0,0.2178990592007835,189,45.0,92.0,0.24,189.0,
2025-03-17 07:35:00,188.18,44.0,190.9,20.0,186.86,42.0,191.9,39.0,189.54,2.719999999999999,86.0,59.0,0.4208087451569856,145,27.0,-44.0,0.19,189.25,8.0
2025-03-17 07:35:01,187.82,98.0,190.0,11.0,186.89,54.0,191.0,22.0,188.91,2.180000000000007,152.0,33.0,0.6628951651661098,185,119.0,40.0,0.64,189.25,
2025-03-17 07:35:02,189.0,56.0,190.8,10.0,187.0,36.0,192.67,24.0,189.9,1.8000000000000114,92.0,34.0,0.5694119773947552,126,58.0,-59.0,0.46,189.0,1.0
2025-03-17 07:35:03,189.07,88.0,193.55,58.0,187.48,87.0,220.37,30.0,191.31,4.480000000000018,175.0,88.0,0.8807212953032284,263,87.0,137.0,0.33,189.0,2.0
2025-03-17 07:35:04,189.33,84.0,214.89,28.0,187.05,57.0,375.5,12.0,202.11,25.55999999999997,141.0,40.0,5.524294525095542,181,101.0,-82.0,0.56,189.0,
2025-03-17 07:35:05,190.0,41.0,303.0,8.0,188.0,8.0,446.0,14.0,246.5,113.0,49.0,22.0,24.47985763847495,71,27.0,-110.0,0.38,190.0,5.0
2025-03-17 07:35:06,190.57,21.0,195.0,11.0,187.37,41.0,218.0,11.0,192.79,4.430000000000007,62.0,22.0,23.947702812587277,84,40.0,13.0,0.48,190.0,1.0
2025-03-17 07:35:07,191.0,32.0,195.0,11.0,190.0,11.0,440.35,17.0,193.0,4.0,43.0,28.0,23.510643759795272,71,15.0,-13.0,0.21,190.0,
2025-03-17 07:35:08,191.0,20.0,195.0,10.0,190.0,10.0,446.77,26.0,193.0,4.0,30.0,36.0,23.27302193527949,66,-6.0,-5.0,-0.09,190.0,
2025-03-17 07:35:09,190.91,22.0,195.0,12.0,189.11,18.0,404.0,18.0,192.95,4.090000000000003,40.0,30.0,23.955151220562158,70,10.0,4.0,0.14,191.0,2.0
2025-03-17 07:35:10,190.97,63.0,193.44,64.0,189.27,22.0,197.81,16.0,192.2,2.469999999999999,85.0,80.0,0.3398087697521546,165,5.0,95.0,0.03,191.0,
2025-03-17 07:35:11,191.0,24.0,193.03,29.0,190.0,8.0,299.7,10.0,192.02,2.030000000000001,32.0,39.0,0.4829906831404469,71,-7.0,-94.0,-0.1,191.5,8.0
2025-03-17 07:35:12,189.08,24.0,197.44,9.0,187.76,34.0,537.0,27.0,193.26,8.359999999999985,58.0,36.0,0.5425679680929129,94,22.0,23.0,0.23,191.5,
2025-03-17 07:35:13,189.0,20.0,197.0,4.0,188.0,16.0,471.38,16.0,193.0,8.0,36.0,20.0,0.5425679680929129,56,16.0,-38.0,0.29,191.5,
2025-03-17 07:35:14,189.67,45.0,197.0,9.0,188.0,36.0,352.91,33.0,193.33,7.3300000000000125,81.0,42.0,0.6110810093600341,123,39.0,67.0,0.32,191.5,
2025-03-17 07:35:15,190.0,43.0,197.0,8.0,188.0,32.0,388.0,40.0,193.5,7.0,75.0,48.0,0.5883196410119882,123,27.0,0.0,0.22,191.5,
2025-03-17 07:35:16,191.18,50.0,197.0,11.0,189.72,32.0,388.0,55.0,194.09,5.819999999999993,82.0,66.0,0.4074677901386774,148,16.0,25.0,0.11,191.5,
2025-03-17 07:35:17,192.0,36.0,196.04,23.0,190.0,10.0,334.23,22.0,194.02,4.039999999999992,46.0,45.0,0.4633249399724891,91,1.0,-57.0,0.01,192.0,3.0
2025-03-17 07:35:18,192.0,24.0,195.47,19.0,190.0,8.0,307.64,14.0,193.74,3.469999999999999,32.0,33.0,0.3265424934070961,65,-1.0,-26.0,-0.02,192.0,
2025-03-17 07:35:19,189.87,45.0,194.33,42.0,187.91,23.0,196.29,21.0,192.1,4.460000000000008,68.0,63.0,0.8117265549435366,131,5.0,66.0,0.04,190.8,5.0
2025-03-17 07:35:20,187.85,27.0,191.43,42.0,186.45,44.0,193.13,30.0,189.64,3.5800000000000125,71.0,72.0,1.902503613662916,143,-1.0,12.0,-0.01,188.8,5.0
2025-03-17 07:35:21,186.28,43.0,188.5,40.0,185.07,80.0,189.36,44.0,187.39,2.219999999999999,123.0,84.0,2.828660460359344,207,39.0,64.0,0.19,187.5,4.0
2025-03-17 07:35:22,184.13,77.0,187.15,26.0,182.68,133.0,190.74,38.0,185.64,3.0200000000000102,210.0,64.0,3.313037880858012,274,146.0,67.0,0.53,187.5,
2025-03-17 07:35:23,186.0,72.0,187.0,18.0,181.75,101.0,189.43,28.0,186.5,1.0,173.0,46.0,2.615756104838512,219,127.0,-55.0,0.58,187.5,
2025-03-17 07:35:24,183.52,111.0,188.14,28.0,180.82,82.0,190.5,24.0,185.83,4.619999999999976,193.0,52.0,1.627129374081804,245,141.0,26.0,0.58,186.43,7.0
2025-03-17 07:35:25,186.53,105.0,189.0,28.0,182.02,51.0,195.0,14.0,187.77,2.469999999999999,156.0,42.0,0.9372993118528604,198,114.0,-47.0,0.58,186.43,
2025-03-17 07:35:26,188.0,54.0,189.0,16.0,183.0,8.0,193.5,8.0,188.5,1.0,62.0,24.0,1.244576233100994,86,38.0,-112.0,0.44,188.0,2.0
2025-03-17 07:35:27,184.67,30.0,192.27,11.0,179.4,50.0,194.8,10.0,188.47,7.600000000000023,80.0,21.0,1.2005956854827824,101,59.0,15.0,0.58,189.0,2.0
2025-03-17 07:35:28,184.69,52.0,191.27,15.0,181.0,13.0,192.27,22.0,187.98,6.5800000000000125,65.0,37.0,1.0968819444224072,102,28.0,1.0,0.27,189.0,
2025-03-17 07:35:29,185.94,68.0,189.29,34.0,181.88,17.0,190.59,17.0,187.62,3.3499999999999943,85.0,51.0,0.4017088497903806,136,34.0,34.0,0.25,189.0,
2025-03-17 07:35:30,186.0,48.0,188.18,22.0,182.0,12.0,190.33,12.0,187.09,2.180000000000007,60.0,34.0,0.5959614081464562,94,26.0,-42.0,0.28,187.0,2.0
2025-03-17 07:35:31,183.53,17.0,187.86,14.0,178.25,79.0,190.89,18.0,185.69,4.3300000000000125,96.0,32.0,1.0659971857373287,128,64.0,34.0,0.5,185.6,5.0
2025-03-17 07:35:41,185.61,138.0,190.17,29.0,183.05,123.0,322.62,55.0,187.89,4.559999999999974,261.0,84.0,2.7283383221293867,345,177.0,31.0,0.51,185.6,
2025-03-17 07:35:42,188.0,56.0,189.91,22.0,180.47,57.0,338.63,43.0,188.95,1.9099999999999968,113.0,65.0,2.6283702174540995,178,48.0,-167.0,0.27,188.67,6.0
2025-03-17 07:35:43,189.78,55.0,210.17,24.0,184.2,20.0,329.6,50.0,199.97,20.389999999999983,75.0,74.0,6.465187545616873,149,1.0,-29.0,0.01,188.75,4.0
2025-03-17 07:35:44,190.0,78.0,218.69,26.0,188.0,13.0,350.84,31.0,204.35,28.69,91.0,57.0,8.435632756349651,148,34.0,-1.0,0.23,188.75,
2025-03-17 07:35:45,190.38,58.0,217.57,28.0,189.08,39.0,434.65,34.0,203.98,27.19,97.0,62.0,8.052243165727113,159,35.0,11.0,0.22,188.75,
2025-03-17 07:35:46,190.32,62.0,208.9,20.0,186.55,87.0,331.29,35.0,199.61,18.580000000000013,149.0,55.0,6.225883069894486,204,94.0,45.0,0.46,190.25,4.0
2025-03-17 07:35:47,192.0,28.0,215.14,14.0,190.0,21.0,233.0,14.0,203.57,23.139999999999983,49.0,28.0,2.307743486611675,77,21.0,-127.0,0.27,190.25,
2025-03-17 07:35:48,192.0,12.0,214.67,18.0,190.0,27.0,469.0,25.0,203.33,22.669999999999987,39.0,43.0,1.9172688908962603,82,-4.0,5.0,-0.05,192.0,3.0
2025-03-17 07:35:49,192.0,12.0,214.0,24.0,190.0,36.0,369.4,58.0,203.0,22.0,48.0,82.0,1.7628301109291826,130,-34.0,48.0,-0.26,192.0,
2025-03-17 07:35:50,192.0,6.0,214.0,12.0,190.0,18.0,315.0,30.0,203.0,22.0,24.0,42.0,1.6344632146361142,66,-18.0,-64.0,-0.27,192.0,
2025-03-17 07:35:51,192.0,6.0,214.0,12.0,190.0,18.0,315.0,30.0,203.0,22.0,24.0,42.0,0.260672207952009,66,-18.0,0.0,-0.27,192.0,
2025-03-17 07:35:52,192.0,9.0,213.89,18.0,190.0,42.0,354.11,45.0,202.94,21.889999999999983,51.0,63.0,0.1564608577203491,114,-12.0,48.0,-0.11,192.0,
2025-03-17 07:35:53,192.0,8.0,213.0,16.0,190.0,24.0,467.0,32.0,202.5,21.0,32.0,48.0,0.2184490787314038,80,-16.0,-34.0,-0.2,192.0,
2025-03-17 07:35:54,188.67,15.0,212.14,14.0,188.61,23.0,457.32,19.0,200.4,23.47,38.0,33.0,1.1198749930231633,71,5.0,-9.0,0.07,190.5,4.0
2025-03-17 07:35:55,187.29,14.0,211.33,12.0,186.71,28.0,331.0,6.0,199.31,24.04000000000002,42.0,18.0,1.6766931740776772,60,24.0,-11.0,0.4,190.5,
2025-03-17 07:35:56,188.0,11.0,207.91,22.0,187.0,55.0,329.38,13.0,197.95,19.91,66.0,35.0,2.1101066323763664,101,31.0,41.0,0.31,190.5,
2025-03-17 07:35:57,190.43,21.0,207.0,18.0,187.2,25.0,294.22,27.0,198.71,16.569999999999993,46.0,45.0,1.7675774381901233,91,1.0,-10.0,0.01,191.0,3.0
2025-03-17 07:35:58,191.0,12.0,206.71,28.0,188.0,12.0,266.1,20.0,198.86,15.710000000000008,24.0,48.0,0.9016263083998852,72,-24.0,-19.0,-0.33,191.0,
2025-03-17 07:35:59,191.0,10.0,206.05,38.0,188.0,10.0,212.47,19.0,198.53,15.050000000000011,20.0,57.0,0.4963063570002153,77,-37.0,5.0,-0.48,191.0,
2025-03-17 07:36:00,191.97,33.0,206.62,26.0,190.77,13.0,350.85,13.0,199.29,14.650000000000006,46.0,39.0,0.4899183605447136,85,7.0,8.0,0.08,190.33,6.0
2025-03-17 07:36:01,188.37,54.0,205.04,52.0,187.12,83.0,218.0,21.0,196.7,16.669999999999987,137.0,73.0,1.000634798514848,210,64.0,125.0,0.3,192.0,1.0
2025-03-17 07:36:02,192.0,36.0,204.62,42.0,188.31,78.0,205.29,42.0,198.31,12.620000000000005,114.0,84.0,0.9873550526527196,198,30.0,-12.0,0.15,192.0,
2025-03-17 07:36:03,192.0,18.0,202.23,13.0,190.0,24.0,205.92,24.0,197.12,10.22999999999999,42.0,37.0,1.0612492638390263,79,5.0,-119.0,0.06,192.0,
2025-03-17 07:36:04,192.0,42.0,198.82,33.0,190.0,56.0,199.81,37.0,195.41,6.819999999999993,98.0,70.0,1.493562854385091,168,28.0,89.0,0.17,192.0,
2025-03-17 07:36:05,192.0,33.0,196.09,33.0,190.0,54.0,198.0,22.0,194.05,4.090000000000003,87.0,55.0,1.6374889312600067,142,32.0,-26.0,0.23,192.0,
2025-03-17 07:36:06,190.81,52.0,194.0,29.0,189.02,55.0,196.06,31.0,192.4,3.1899999999999977,107.0,60.0,2.357555937830349,167,47.0,25.0,0.28,191.0,6.0
2025-03-17 07:36:07,190.0,40.0,193.17,18.0,188.88,40.0,239.44,18.0,191.58,3.1699999999999875,80.0,36.0,2.240462005926297,116,44.0,-51.0,0.38,191.0,1.0
2025-03-17 07:36:08,190.0,47.0,191.23,39.0,188.28,89.0,202.15,27.0,190.62,1.2299999999999898,136.0,66.0,1.9218922966699927,202,70.0,86.0,0.35,190.0,5.0
2025-03-17 07:36:09,188.0,64.0,360.0,13.0,187.0,13.0,398.7,27.0,274.0,172.0,77.0,40.0,36.62048197388992,117,37.0,-85.0,0.32,188.0,5.0
2025-03-17 07:36:10,188.0,12.0,322.5,4.0,187.0,4.0,423.5,4.0,255.25,134.5,16.0,8.0,40.58398329390544,24,8.0,-93.0,0.33,188.0,
2025-03-17 07:36:11,188.8,30.0,321.42,12.0,187.75,24.0,406.17,12.0,255.11,132.62,54.0,24.0,39.29411113640306,78,30.0,54.0,0.38,188.0,
2025-03-17 07:36:12,188.63,19.0,319.89,9.0,187.71,17.0,320.89,9.0,254.26,131.26,36.0,18.0,31.967213985582067,54,18.0,-24.0,0.33,188.0,
2025-03-17 07:36:13,190.1,10.0,319.0,8.0,187.95,22.0,320.0,8.0,254.55,128.9,32.0,16.0,8.599344742478502,48,16.0,-6.0,0.33,191.0,1.0
2025-03-17 07:36:14,186.0,58.0,317.22,9.0,185.0,90.0,318.33,9.0,251.61,131.22000000000003,148.0,18.0,1.4794526014688003,166,130.0,118.0,0.78,187.17,6.0
2025-03-17 07:36:15,186.67,12.0,314.8,5.0,185.47,38.0,317.0,5.0,250.73,128.13000000000002,50.0,10.0,1.949979487069748,60,40.0,-106.0,0.67,186.8,5.0
2025-03-17 07:36:16,186.0,6.0,314.0,4.0,185.0,40.0,317.0,4.0,250.0,128.0,46.0,8.0,2.0682480508857517,54,38.0,-6.0,0.7,186.0,2.0
2025-03-17 07:36:17,186.0,9.0,313.22,9.0,185.0,90.0,315.67,9.0,249.61,127.22000000000004,99.0,18.0,1.9703806738781835,117,81.0,63.0,0.69,186.0,
2025-03-17 07:36:18,186.0,7.0,302.31,13.0,185.0,70.0,304.4,10.0,244.15,116.31,77.0,23.0,2.9350298124537937,100,54.0,-17.0,0.54,186.0,
2025-03-17 07:36:19,191.54,13.0,230.04,24.0,185.07,54.0,273.75,12.0,210.79,38.5,67.0,36.0,17.11984170487545,103,31.0,3.0,0.3,186.0,
2025-03-17 07:36:20,194.0,18.0,215.12,26.0,185.29,28.0,216.22,18.0,204.56,21.120000000000005,46.0,44.0,22.273268058369723,90,2.0,-13.0,0.02,186.0,
2025-03-17 07:36:21,185.22,23.0,199.17,12.0,182.82,33.0,213.5,16.0,192.19,13.949999999999989,56.0,28.0,25.279687498068345,84,28.0,-6.0,0.33,186.0,1.0
2025-03-17 07:36:23,173.0,14.0,194.57,7.0,128.22,46.0,202.14,22.0,183.79,21.569999999999997,60.0,29.0,12.477240079440309,89,31.0,28.0,0.35,185.4,5.0
2025-03-17 07:36:24,173.0,8.0,196.78,9.0,50.0,16.0,323.4,10.0,184.89,23.78,24.0,19.0,9.117873655627797,43,5.0,-46.0,0.12,180.0,1.0
2025-03-17 07:36:30,181.77,96.0,354.0,12.0,180.74,54.0,449.67,36.0,267.89,172.23,150.0,48.0,103.00426141670056,198,102.0,143.0,0.52,180.0,
2025-03-17 07:36:31,182.02,41.0,406.71,7.0,174.53,30.0,520.0,16.0,294.37,224.69,71.0,23.0,90.42509181637575,94,48.0,-104.0,0.51,182.2,5.0
2025-03-17 07:36:32,183.76,33.0,431.14,29.0,178.4,25.0,632.66,35.0,307.45,247.38,58.0,64.0,60.86733048195879,122,-6.0,28.0,-0.05,182.2,
2025-03-17 07:36:33,189.09,22.0,294.65,51.0,187.09,11.0,379.82,39.0,241.87,105.55999999999996,33.0,90.0,53.06792364507952,123,-57.0,1.0,-0.46,182.2,
2025-03-17 07:36:34,192.3,46.0,243.82,55.0,190.9,84.0,293.67,45.0,218.06,51.51999999999998,130.0,100.0,36.76617358387996,230,30.0,107.0,0.13,182.2,
2025-03-17 07:36:35,193.67,45.0,242.22,45.0,191.1,63.0,317.0,45.0,217.94,48.55000000000001,108.0,90.0,42.44703841259121,198,18.0,-32.0,0.09,193.0,3.0
2025-03-17 07:36:36,194.0,62.0,241.14,35.0,193.0,7.0,329.1,29.0,217.57,47.13999999999999,69.0,64.0,38.80219413899162,133,5.0,-65.0,0.04,194.0,6.0
2025-03-17 07:36:37,194.0,19.0,239.7,50.0,193.0,10.0,443.58,38.0,216.85,45.69999999999999,29.0,88.0,10.861890719391225,117,-59.0,-16.0,-0.5,194.0,3.0
2025-03-17 07:36:38,194.0,9.0,237.67,45.0,193.0,9.0,275.82,33.0,215.83,43.66999999999999,18.0,78.0,0.9234446382958612,96,-60.0,-21.0,-0.62,194.0,
2025-03-17 07:36:39,194.0,9.0,221.31,42.0,193.0,9.0,267.34,38.0,207.65,27.31,18.0,80.0,4.2790559706549205,98,-62.0,2.0,-0.63,194.0,
2025-03-17 07:36:40,194.0,16.0,218.04,46.0,193.0,16.0,352.68,63.0,206.02,24.039999999999992,32.0,109.0,5.496042212355882,141,-77.0,43.0,-0.55,194.0,
2025-03-17 07:36:41,187.78,45.0,211.93,41.0,185.69,75.0,212.74,38.0,199.85,24.15000000000001,120.0,79.0,7.11352233425876,199,41.0,58.0,0.21,189.38,8.0
2025-03-17 07:36:42,188.03,115.0,206.08,38.0,186.91,65.0,207.49,49.0,197.06,18.05000000000001,180.0,87.0,7.323255423648593,267,93.0,68.0,0.35,189.38,
2025-03-17 07:36:43,189.0,84.0,202.42,43.0,187.0,84.0,203.64,42.0,195.71,13.419999999999987,168.0,85.0,5.336672184048668,253,83.0,-14.0,0.33,189.38,
2025-03-17 07:36:44,189.9,70.0,197.74,42.0,187.11,55.0,199.05,41.0,193.82,7.840000000000003,125.0,83.0,4.7469116275741925,208,42.0,-45.0,0.2,189.38,
2025-03-17 07:36:45,190.38,108.0,193.17,60.0,187.22,54.0,194.18,73.0,191.77,2.789999999999992,162.0,133.0,3.083613140457049,295,29.0,87.0,0.1,189.58,12.0
2025-03-17 07:36:46,186.0,70.0,190.43,65.0,185.0,221.0,191.89,71.0,188.22,4.430000000000007,291.0,136.0,3.477143942950838,427,155.0,132.0,0.36,189.58,
2025-03-17 07:36:47,186.0,10.0,187.29,21.0,185.0,104.0,260.87,39.0,186.64,1.289999999999992,114.0,60.0,3.7814772245777246,174,54.0,-172.0,0.31,187.5,6.0
2025-03-17 07:36:48,186.0,8.0,188.0,16.0,185.0,104.0,263.82,34.0,187.0,2.0,112.0,50.0,3.157641524936021,162,62.0,-12.0,0.38,187.5,
2025-03-17 07:36:49,185.15,46.0,187.73,15.0,184.54,118.0,190.0,40.0,186.44,2.579999999999984,164.0,55.0,2.2104026782467816,219,109.0,57.0,0.5,187.0,2.0
2025-03-17 07:36:50,186.09,22.0,189.47,17.0,185.0,143.0,241.6,50.0,187.78,3.3799999999999955,165.0,67.0,0.7593944956349431,232,98.0,13.0,0.42,189.0,3.0
2025-03-17 07:36:51,187.78,23.0,190.67,27.0,185.34,99.0,262.76,51.0,189.22,2.8899999999999864,122.0,78.0,1.130787336328368,200,44.0,-32.0,0.22,189.0,
2025-03-17 07:36:52,188.6,10.0,190.0,10.0,184.0,10.0,191.0,10.0,189.3,1.4000000000000057,20.0,20.0,1.2890771893104371,40,0.0,-160.0,0.0,190.0,1.0
2025-03-17 07:36:53,189.0,20.0,190.0,20.0,183.7,20.0,191.0,20.0,189.5,1.0,40.0,40.0,1.3140471833234837,80,0.0,40.0,0.0,190.0,
2025-03-17 07:36:54,183.0,20.0,188.57,14.0,181.0,20.0,214.82,22.0,185.79,5.569999999999993,40.0,36.0,1.5696560132718247,76,4.0,-4.0,0.05,190.0,2.0
2025-03-17 07:37:10,180.0,112.0,187.0,35.0,177.0,77.0,188.43,28.0,183.5,7.0,189.0,63.0,0.7768075694801533,252,126.0,-47.0,0.5,190.0,
2025-03-17 07:37:11,180.05,129.0,187.0,45.0,177.46,104.0,189.0,36.0,183.52,6.949999999999989,233.0,81.0,0.782732393606921,314,152.0,62.0,0.48,190.0,
2025-03-17 07:37:12,182.23,13.0,187.78,41.0,178.81,52.0,222.38,32.0,185.01,5.550000000000011,65.0,73.0,1.101512596388052,138,-8.0,-172.0,-0.06,186.0,1.0
2025-03-17 07:37:13,180.0,33.0,188.06,64.0,178.05,101.0,231.16,38.0,184.03,8.060000000000002,134.0,102.0,0.6808597506105831,236,32.0,98.0,0.14,186.0,
2025-03-17 07:37:17,179.18,74.0,189.12,42.0,177.86,155.0,200.38,50.0,184.15,9.939999999999998,229.0,92.0,0.9983887018599202,321,137.0,111.0,0.43,184.5,2.0
2025-03-17 07:37:18,181.0,24.0,189.0,32.0,178.0,8.0,195.0,32.0,185.0,8.0,32.0,64.0,1.266874105821701,96,-32.0,-172.0,-0.33,184.5,
2025-03-17 07:37:19,178.75,120.0,188.79,56.0,177.56,149.0,194.86,56.0,183.77,10.039999999999992,269.0,112.0,1.2804999023824777,381,157.0,172.0,0.41,182.0,3.0
2025-03-17 07:37:23,178.0,48.0,190.0,20.0,177.0,60.0,191.0,4.0,184.0,12.0,108.0,24.0,1.0477738305576785,132,84.0,-172.0,0.64,182.0,
2025-03-17 07:37:24,178.0,156.0,189.13,55.0,177.0,195.0,190.3,30.0,183.56,11.129999999999995,351.0,85.0,1.0036533266031178,436,266.0,172.0,0.61,182.0,
2025-03-17 07:37:25,178.0,108.0,187.0,36.0,177.0,135.0,190.0,9.0,182.5,9.0,243.0,45.0,1.007829350635068,288,198.0,-148.0,0.69,182.0,
2025-03-17 07:37:29,179.46,24.0,187.06,18.0,178.04,169.0,268.19,32.0,183.26,7.599999999999994,193.0,50.0,0.8885943956617581,243,143.0,-14.0,0.59,183.12,8.0
2025-03-17 07:37:30,181.57,14.0,189.0,8.0,180.83,18.0,341.6,20.0,185.29,7.430000000000007,32.0,28.0,1.6753417561803623,60,4.0,-172.0,0.07,183.12,
2025-03-17 07:37:31,184.11,9.0,189.0,9.0,181.17,23.0,388.52,21.0,186.56,4.889999999999986,32.0,30.0,2.3033996613704604,62,2.0,2.0,0.03,188.0,1.0
2025-03-17 07:37:32,183.65,23.0,187.19,43.0,181.34,29.0,188.76,17.0,185.42,3.539999999999992,52.0,60.0,2.2654800815724623,112,-8.0,50.0,-0.07,188.0,
2025-03-17 07:37:37,183.33,12.0,191.0,8.0,176.17,48.0,329.64,22.0,187.17,7.6699999999999875,60.0,30.0,2.783490614318917,90,30.0,10.0,0.33,188.0,
2025-03-17 07:37:39,177.31,58.0,191.0,10.0,171.83,48.0,220.8,10.0,184.16,13.689999999999998,106.0,20.0,3.9497442955211097,126,86.0,10.0,0.68,188.0,
2025-03-17 07:37:40,179.23,78.0,202.07,14.0,178.06,51.0,388.12,17.0,190.65,22.840000000000003,129.0,31.0,5.241361464352681,160,98.0,34.0,0.61,185.0,4.0
2025-03-17 07:37:41,181.39,118.0,213.05,38.0,180.39,124.0,215.35,31.0,197.22,31.660000000000025,242.0,69.0,7.584881673434392,311,173.0,151.0,0.56,183.0,5.0
2025-03-17 07:37:42,184.66,29.0,203.67,18.0,182.93,30.0,212.0,21.0,194.16,19.00999999999999,59.0,39.0,8.198266890020152,98,20.0,-172.0,0.2,185.67,3.0
2025-03-17 07:37:43,186.61,44.0,198.06,34.0,177.78,54.0,203.33,36.0,192.34,11.449999999999989,98.0,70.0,4.870459937213352,168,28.0,70.0,0.17,186.0,2.0
2025-03-17 07:37:44,188.04,24.0,194.55,22.0,185.91,33.0,199.0,33.0,191.29,6.510000000000019,57.0,55.0,2.643344472443973,112,2.0,-56.0,0.02,188.0,4.0
2025-03-17 07:37:45,185.92,48.0,192.77,39.0,184.91,47.0,196.5,36.0,189.34,6.850000000000023,95.0,75.0,2.9926910966553386,170,20.0,58.0,0.12,188.0,
2025-03-17 07:37:46,187.0,50.0,190.6,30.0,186.0,80.0,194.0,20.0,188.8,3.5999999999999943,130.0,50.0,2.195900726353593,180,80.0,10.0,0.44,188.0,
2025-03-17 07:37:47,187.0,60.0,189.92,36.0,186.0,96.0,194.0,24.0,188.46,2.9199999999999875,156.0,60.0,1.6864400374754966,216,96.0,36.0,0.44,188.0,
2025-03-17 07:37:48,187.0,70.0,188.47,32.0,186.0,112.0,190.35,37.0,187.73,1.4699999999999989,182.0,69.0,1.3441837671986911,251,113.0,35.0,0.45,188.0,1.0
2025-03-17 07:37:49,187.0,17.0,211.0,9.0,186.0,72.0,319.92,13.0,199.0,24.0,89.0,22.0,4.695272090092359,111,67.0,-140.0,0.6,187.0,4.0
2025-03-17 07:37:50,187.0,7.0,371.29,7.0,186.0,56.0,489.0,8.0,279.14,184.29,63.0,15.0,39.690252959637306,78,48.0,-33.0,0.62,187.0,
2025-03-17 07:37:51,191.55,51.0,335.92,13.0,187.0,56.0,493.24,17.0,263.74,144.37,107.0,30.0,44.2225811096548,137,77.0,59.0,0.56,187.0,
2025-03-17 07:37:52,192.55,62.0,250.59,17.0,189.96,27.0,338.25,16.0,221.57,58.03999999999999,89.0,33.0,39.91135966112902,122,56.0,-15.0,0.46,191.0,1.0
2025-03-17 07:37:53,191.0,12.0,252.0,3.0,187.0,3.0,516.0,6.0,221.5,61.0,15.0,9.0,33.21574024464902,24,6.0,-98.0,0.25,191.0,
2025-03-17 07:37:54,191.0,48.0,241.82,22.0,187.0,14.0,474.91,23.0,216.41,50.81999999999999,62.0,45.0,28.86527446604304,107,17.0,83.0,0.16,191.0,2.0
2025-03-17 07:37:55,191.0,20.0,237.57,14.0,187.0,10.0,298.75,16.0,214.29,46.56999999999999,30.0,30.0,20.5060642250042,60,0.0,-47.0,0.0,191.0,
2025-03-17 07:37:56,191.38,16.0,224.14,14.0,188.78,9.0,253.57,7.0,207.76,32.75999999999999,25.0,21.0,5.74013327371385,46,4.0,-14.0,0.09,191.0,
2025-03-17 07:37:57,192.86,110.0,234.9,31.0,191.6,25.0,235.74,19.0,213.88,42.03999999999999,135.0,50.0,4.953409936598913,185,85.0,139.0,0.46,191.0,
2025-03-17 07:37:58,193.0,264.0,233.79,14.0,191.1,29.0,235.0,56.0,213.39,40.78999999999999,293.0,70.0,3.223729206989438,363,223.0,172.0,0.61,193.0,2.0
2025-03-17 07:37:59,193.0,257.0,231.36,25.0,191.0,32.0,232.85,55.0,212.18,38.360000000000014,289.0,80.0,2.658505219102782,369,209.0,6.0,0.57,193.0,1.0
2025-03-17 07:38:00,193.0,208.0,229.04,46.0,191.0,26.0,230.42,19.0,211.02,36.03999999999999,234.0,65.0,2.439790974652688,299,169.0,-70.0,0.57,193.0,
2025-03-17 07:38:01,193.0,218.0,225.4,40.0,191.0,28.0,227.39,36.0,209.2,32.400000000000006,246.0,76.0,1.8892802862457183,322,170.0,23.0,0.53,193.0,3.0
2025-03-17 07:38:02,193.0,169.0,221.46,46.0,191.0,26.0,223.93,30.0,207.23,28.460000000000008,195.0,76.0,2.4379150928604165,271,119.0,-51.0,0.44,193.0,
2025-03-17 07:38:03,193.0,182.0,217.08,26.0,191.65,17.0,218.93,46.0,205.04,24.080000000000013,199.0,72.0,2.873391724077392,271,127.0,0.0,0.47,193.0,
2025-03-17 07:38:04,193.0,164.0,213.38,24.0,192.0,16.0,217.12,32.0,203.19,20.379999999999995,180.0,56.0,3.1352240749260893,236,124.0,-35.0,0.53,193.0,7.0
2025-03-17 07:38:05,193.0,108.0,210.05,60.0,192.0,18.0,211.21,72.0,201.53,17.05000000000001,126.0,132.0,3.067909711838955,258,-6.0,22.0,-0.02,193.0,
2025-03-17 07:38:06,193.0,66.0,208.73,37.0,192.0,11.0,210.76,51.0,200.86,15.72999999999999,77.0,88.0,2.60799731594866,165,-11.0,-93.0,-0.07,193.0,
2025-03-17 07:38:07,193.0,78.0,206.64,47.0,192.0,13.0,207.42,57.0,199.82,13.639999999999986,91.0,104.0,2.054986617960104,195,-13.0,30.0,-0.07,193.0,
2025-03-17 07:38:08,192.92,13.0,203.36,44.0,191.86,14.0,206.22,54.0,198.14,10.440000000000026,27.0,98.0,1.8869472700621024,125,-71.0,-70.0,-0.57,193.0,5.0
2025-03-17 07:38:09,193.0,14.0,198.33,52.0,191.47,19.0,199.66,41.0,195.66,5.3300000000000125,33.0,93.0,2.357121125439782,126,-60.0,1.0,-0.48,193.0,
2025-03-17 07:38:10,190.19,32.0,194.4,43.0,188.86,14.0,195.41,32.0,192.29,4.210000000000008,46.0,75.0,3.4461833961636605,121,-29.0,-5.0,-0.24,191.0,5.0
2025-03-17 07:38:11,190.33,36.0,192.36,33.0,189.06,17.0,194.29,28.0,191.35,2.030000000000001,53.0,61.0,3.645979978002298,114,-8.0,-7.0,-0.07,191.0,4.0
2025-03-17 07:38:12,189.38,13.0,193.95,21.0,187.18,39.0,312.55,22.0,191.67,4.569999999999993,52.0,43.0,2.962780788379952,95,9.0,-19.0,0.09,191.17,6.0
2025-03-17 07:38:13,187.11,47.0,195.0,36.0,186.85,47.0,374.92,39.0,191.05,7.889999999999986,94.0,75.0,1.8773332149602675,169,19.0,74.0,0.11,187.33,3.0
2025-03-17 07:38:14,187.0,36.0,195.0,18.0,186.0,6.0,286.33,30.0,191.0,8.0,42.0,48.0,0.5301131954524944,90,-6.0,-79.0,-0.07,187.33,
2025-03-17 07:38:15,187.0,60.0,195.0,39.0,186.0,13.0,267.69,26.0,191.0,8.0,73.0,65.0,0.2936494508641326,138,8.0,48.0,0.06,187.0,2.0
2025-03-17 07:38:16,187.0,32.0,193.2,30.0,186.0,10.0,307.29,34.0,190.1,6.199999999999989,42.0,64.0,0.5601160593955113,106,-22.0,-32.0,-0.21,187.0,2.0
2025-03-17 07:38:17,187.65,17.0,190.71,38.0,186.82,22.0,241.53,43.0,189.18,3.0600000000000023,39.0,81.0,0.8214499376058535,120,-42.0,14.0,-0.35,189.0,1.0
2025-03-17 07:38:18,186.73,11.0,188.56,18.0,184.8,10.0,312.58,26.0,187.64,1.8300000000000125,21.0,44.0,1.4158672254108269,65,-23.0,-55.0,-0.35,187.0,2.0
2025-03-17 07:38:19,183.43,7.0,188.0,21.0,182.11,38.0,402.0,35.0,185.71,4.569999999999993,45.0,56.0,2.094082137833264,101,-11.0,36.0,-0.11,184.67,3.0
2025-03-17 07:38:20,191.31,13.0,327.68,19.0,182.04,25.0,474.0,17.0,259.5,136.37,38.0,36.0,31.948703886073307,74,2.0,-27.0,0.03,187.0,3.0
2025-03-17 07:38:21,193.33,43.0,405.26,31.0,185.78,18.0,685.27,11.0,299.29,211.93,61.0,42.0,52.27114816033795,103,19.0,29.0,0.18,187.0,
2025-03-17 07:38:22,191.0,30.0,229.67,21.0,190.0,24.0,638.2,10.0,210.33,38.66999999999999,54.0,31.0,49.50478896026124,85,23.0,-18.0,0.27,187.0,
2025-03-17 07:38:23,191.0,60.0,234.0,30.0,190.0,48.0,678.94,34.0,212.5,43.0,108.0,64.0,45.45891364738058,172,44.0,87.0,0.26,187.0,
2025-03-17 07:38:24,190.82,34.0,401.53,17.0,189.26,35.0,628.21,38.0,296.18,210.71,69.0,55.0,43.23695583641395,124,14.0,-48.0,0.11,191.0,5.0
2025-03-17 07:38:25,192.09,66.0,433.44,41.0,190.45,44.0,505.93,14.0,312.76,241.35,110.0,55.0,50.41509763949697,165,55.0,41.0,0.33,191.0,
2025-03-17 07:38:26,191.28,29.0,357.0,28.0,190.0,28.0,416.0,35.0,274.14,165.72,57.0,63.0,47.457672930728606,120,-6.0,-45.0,-0.05,191.0,1.0
2025-03-17 07:38:27,192.96,28.0,356.0,16.0,190.0,32.0,357.0,32.0,274.48,163.04,60.0,48.0,38.00259622710028,108,12.0,-12.0,0.11,193.0,1.0
2025-03-17 07:38:28,190.92,52.0,333.82,17.0,188.62,52.0,355.77,13.0,262.37,142.9,104.0,30.0,20.19403327718415,134,74.0,26.0,0.55,193.0,4.0
2025-03-17 07:38:29,193.0,66.0,208.57,14.0,190.0,187.0,239.42,19.0,200.79,15.569999999999991,253.0,33.0,40.57162271834849,286,220.0,152.0,0.77,193.0,
2025-03-17 07:38:30,193.0,61.0,194.56,18.0,190.0,211.0,197.47,15.0,193.78,1.5600000000000025,272.0,33.0,40.38055435478814,305,239.0,19.0,0.78,193.0,5.0
2025-03-17 07:38:31,190.02,141.0,194.44,9.0,188.48,83.0,201.0,14.0,192.23,4.419999999999988,224.0,23.0,40.2464538810563,247,201.0,-58.0,0.81,193.0,1.0
2025-03-17 07:38:32,190.0,185.0,192.3,10.0,188.0,90.0,194.0,10.0,191.15,2.300000000000012,275.0,20.0,30.589558349214236,295,255.0,48.0,0.86,193.0,
2025-03-17 07:38:33,190.0,134.0,191.0,9.0,188.0,81.0,195.4,10.0,190.5,1.0,215.0,19.0,4.158647616710795,234,196.0,-61.0,0.84,190.0,5.0
2025-03-17 07:38:34,190.0,102.0,198.62,21.0,188.0,81.0,237.0,24.0,194.31,8.620000000000005,183.0,45.0,1.6396432538737342,228,138.0,-6.0,0.61,190.0,1.0
2025-03-17 07:38:35,190.0,115.0,199.0,44.0,188.0,99.0,201.82,22.0,194.5,9.0,214.0,66.0,1.814130645784289,280,148.0,52.0,0.53,190.0,3.0
2025-03-17 07:38:36,190.46,78.0,198.55,44.0,188.33,97.0,201.82,22.0,194.5,8.090000000000003,175.0,66.0,1.9930052684260429,241,109.0,-39.0,0.45,190.0,
2025-03-17 07:38:37,190.0,96.0,197.67,48.0,188.0,108.0,201.0,24.0,193.83,7.6699999999999875,204.0,72.0,1.714721551732017,276,132.0,35.0,0.48,190.0,
2025-03-17 07:38:38,190.0,88.0,197.0,44.0,188.0,105.0,200.09,22.0,193.5,7.0,193.0,66.0,0.4452751957773591,259,127.0,-17.0,0.49,190.0,
2025-03-17 07:38:39,191.04,46.0,197.0,44.0,189.57,92.0,200.0,22.0,194.02,5.960000000000008,138.0,66.0,0.4343961325501572,204,72.0,-55.0,0.35,191.0,3.0
2025-03-17 07:38:40,191.73,59.0,195.65,75.0,189.89,160.0,197.52,42.0,193.69,3.920000000000016,219.0,117.0,0.3817983760762365,336,102.0,132.0,0.3,191.5,4.0
2025-03-17 07:38:41,190.87,63.0,192.95,58.0,189.81,97.0,195.09,47.0,191.91,2.079999999999984,160.0,105.0,0.8489699641178005,265,55.0,-71.0,0.21,191.0,5.0
2025-03-17 07:38:42,190.0,35.0,192.0,40.0,188.0,90.0,202.0,20.0,191.0,2.0,125.0,60.0,1.3038136369795648,185,65.0,-80.0,0.35,190.0,5.0
2025-03-17 07:38:43,190.0,33.0,191.55,44.0,188.0,99.0,202.0,22.0,190.77,1.5500000000000114,132.0,66.0,1.5059116839886693,198,66.0,13.0,0.33,190.0,
2025-03-17 07:38:44,188.71,84.0,198.2,30.0,187.6,90.0,519.0,35.0,193.46,9.48999999999998,174.0,65.0,1.3574719149851775,239,109.0,41.0,0.46,190.0,3.0
2025-03-17 07:38:45,190.0,116.0,198.6,30.0,188.01,137.0,238.11,28.0,194.3,8.599999999999994,253.0,58.0,1.543363210645379,311,195.0,72.0,0.63,190.0,3.0
2025-03-17 07:38:46,190.8,83.0,199.67,24.0,189.74,27.0,258.75,16.0,195.23,8.869999999999976,110.0,40.0,1.9897160601387176,150,70.0,-161.0,0.47,190.0,
2025-03-17 07:38:47,192.0,132.0,198.65,26.0,190.0,48.0,286.79,29.0,195.33,6.650000000000006,180.0,55.0,1.8661913085143225,235,125.0,85.0,0.53,190.0,
2025-03-17 07:38:48,192.0,88.0,194.38,8.0,190.08,26.0,196.3,10.0,193.19,2.3799999999999955,114.0,18.0,0.98278685378605,132,96.0,-103.0,0.73,190.0,
2025-03-17 07:38:49,192.0,143.0,194.0,13.0,191.0,13.0,195.0,13.0,193.0,2.0,156.0,26.0,1.096289195410879,182,130.0,50.0,0.71,190.0,
2025-03-17 07:38:50,192.0,152.0,193.88,16.0,191.0,16.0,201.0,28.0,192.94,1.8799999999999957,168.0,44.0,1.2290524805615406,212,124.0,30.0,0.58,192.0,3.0
2025-03-17 07:38:51,192.0,77.0,197.62,13.0,191.0,10.0,288.31,26.0,194.81,5.6200000000000045,87.0,39.0,1.1289508403710211,126,48.0,-86.0,0.38,192.0,1.0
2025-03-17 07:38:52,192.0,58.0,203.2,20.0,191.0,10.0,322.93,30.0,197.6,11.199999999999989,68.0,50.0,1.9950864642853647,118,18.0,-8.0,0.15,192.0,4.0
2025-03-17 07:38:53,190.0,40.0,204.0,20.0,188.0,10.0,307.47,34.0,197.0,14.0,50.0,54.0,2.1803210772670925,104,-4.0,-14.0,-0.04,191.75,4.0
2025-03-17 07:38:54,190.0,12.0,204.0,6.0,188.0,3.0,573.0,6.0,197.0,14.0,15.0,12.0,1.9528952864850744,27,3.0,-77.0,0.11,191.75,
2025-03-17 07:38:55,189.29,42.0,201.76,34.0,187.14,14.0,274.7,20.0,195.53,12.47,56.0,54.0,1.1666490474756948,110,2.0,83.0,0.02,189.6,5.0
2025-03-17 07:38:56,186.45,44.0,196.43,46.0,185.23,52.0,197.55,44.0,191.44,9.980000000000018,96.0,90.0,2.508262346720439,186,6.0,76.0,0.03,187.0,5.0
2025-03-17 07:38:57,186.37,19.0,194.17,24.0,185.16,45.0,195.11,45.0,190.27,7.799999999999983,64.0,69.0,3.1819758012867623,133,-5.0,-53.0,-0.04,187.0,
2025-03-17 07:38:58,190.94,32.0,192.49,57.0,188.04,23.0,194.85,66.0,191.71,1.5500000000000114,55.0,123.0,2.9056410652339397,178,-68.0,45.0,-0.38,191.2,5.0
2025-03-17 07:38:59,186.58,19.0,189.27,33.0,185.49,43.0,190.7,23.0,187.93,2.6899999999999977,62.0,56.0,2.759960144634816,118,6.0,-60.0,0.05,188.0,1.0
2025-03-17 07:39:00,185.3,71.0,187.28,25.0,184.35,93.0,205.37,35.0,186.29,1.9799999999999895,164.0,60.0,2.345510605384575,224,104.0,106.0,0.46,186.43,7.0
2025-03-17 07:39:01,185.0,85.0,198.0,11.0,182.0,55.0,374.1,31.0,191.5,13.0,140.0,42.0,2.3578591985043387,182,98.0,-42.0,0.54,186.43,
2025-03-17 07:39:02,185.0,24.0,197.0,3.0,182.0,15.0,355.0,9.0,191.0,12.0,39.0,12.0,2.4356785502138023,51,27.0,-131.0,0.53,186.43,
2025-03-17 07:39:03,185.0,32.0,195.0,4.0,182.0,20.0,355.0,12.0,190.0,10.0,52.0,16.0,2.1878825379739624,68,36.0,17.0,0.53,186.43,
2025-03-17 07:39:04,185.0,40.0,195.0,5.0,182.0,25.0,355.0,15.0,190.0,10.0,65.0,20.0,2.044583087079524,85,45.0,17.0,0.53,186.43,
2025-03-17 07:39:05,185.0,56.0,193.0,9.0,182.0,35.0,275.53,19.0,189.0,8.0,91.0,28.0,0.9746794344665104,119,63.0,34.0,0.53,186.43,
2025-03-17 07:39:06,185.0,88.0,194.23,26.0,147.93,56.0,215.27,22.0,189.62,9.22999999999999,144.0,48.0,0.7272413629406147,192,96.0,73.0,0.5,186.43,
2025-03-17 07:39:07,185.0,110.0,193.57,56.0,182.0,14.0,195.0,14.0,189.29,8.569999999999993,124.0,70.0,0.440136342479816,194,54.0,2.0,0.28,185.0,2.0
2025-03-17 07:39:08,185.0,54.0,189.92,12.0,182.0,9.0,193.33,9.0,187.46,4.919999999999988,63.0,21.0,0.9763093771808108,84,42.0,-110.0,0.5,188.43,7.0
2025-03-17 07:39:09,185.0,26.0,191.31,13.0,182.0,13.0,194.0,13.0,188.15,6.310000000000002,39.0,26.0,0.8838155916088788,65,13.0,-19.0,0.2,186.0,1.0
2025-03-17 07:39:10,184.67,33.0,191.9,30.0,171.63,19.0,199.25,16.0,188.28,7.230000000000018,52.0,46.0,0.8821847878822562,98,6.0,33.0,0.06,186.67,3.0
2025-03-17 07:39:11,183.0,24.0,191.0,8.0,182.0,8.0,192.0,40.0,187.0,8.0,32.0,48.0,0.8732296375928396,80,-16.0,-18.0,-0.2,186.67,
2025-03-17 07:39:12,183.0,54.0,190.08,36.0,182.0,9.0,262.89,27.0,186.54,7.0800000000000125,63.0,63.0,0.7421455382673803,126,0.0,46.0,0.0,186.67,
2025-03-17 07:39:13,183.85,39.0,189.29,62.0,182.97,34.0,284.41,34.0,186.57,5.439999999999998,73.0,96.0,0.8489817430133964,169,-23.0,43.0,-0.14,186.67,
2025-03-17 07:39:17,179.0,7.0,187.14,7.0,54.0,21.0,190.0,7.0,183.07,8.139999999999986,28.0,14.0,1.9236631721712412,42,14.0,-21.0,0.33,186.67,
2025-03-17 07:39:20,186.44,25.0,209.0,56.0,164.83,29.0,452.04,52.0,197.72,22.56,54.0,108.0,6.644047712047919,162,-54.0,62.0,-0.33,188.0,1.0
2025-03-17 07:39:21,186.6,20.0,260.3,46.0,183.21,14.0,317.0,50.0,223.45,73.70000000000002,34.0,96.0,17.44564501530322,130,-62.0,-32.0,-0.48,187.25,4.0
2025-03-17 07:39:22,189.08,12.0,271.0,45.0,187.36,11.0,386.0,36.0,230.04,81.91999999999999,23.0,81.0,21.94894576055944,104,-58.0,-26.0,-0.56,187.25,
2025-03-17 07:39:23,192.96,49.0,271.0,60.0,191.54,13.0,451.14,14.0,231.98,78.03999999999999,62.0,74.0,21.141707121232827,136,-12.0,32.0,-0.09,193.0,4.0
2025-03-17 07:39:24,192.75,16.0,276.29,35.0,190.55,11.0,459.52,29.0,234.52,83.54000000000002,27.0,64.0,15.006036118842088,91,-37.0,-45.0,-0.41,193.0,
2025-03-17 07:39:25,192.0,15.0,248.18,55.0,190.0,30.0,385.77,65.0,220.09,56.18000000000001,45.0,120.0,6.037005052175803,165,-75.0,74.0,-0.45,193.0,
2025-03-17 07:39:26,192.0,13.0,222.08,13.0,190.0,26.0,475.77,65.0,207.04,30.080000000000013,39.0,78.0,11.303410104919418,117,-39.0,-48.0,-0.33,193.0,
2025-03-17 07:39:27,188.69,35.0,221.4,20.0,186.41,58.0,314.71,38.0,205.04,32.71000000000001,93.0,58.0,13.654379517209556,151,35.0,34.0,0.23,188.4,5.0
2025-03-17 07:39:28,193.36,28.0,220.63,19.0,187.09,135.0,221.1,31.0,206.99,27.269999999999985,163.0,50.0,12.58285857824005,213,113.0,62.0,0.53,188.4,
2025-03-17 07:39:29,194.0,140.0,218.78,23.0,193.0,28.0,219.57,47.0,206.39,24.78,168.0,70.0,6.190779433963558,238,98.0,25.0,0.41,188.4,
2025-03-17 07:39:30,194.0,100.0,216.1,31.0,193.0,20.0,218.26,19.0,205.05,22.099999999999994,120.0,50.0,0.9982334396244616,170,70.0,-68.0,0.41,188.4,
2025-03-17 07:39:31,194.0,96.0,215.97,37.0,193.0,97.0,216.69,13.0,204.99,21.97,193.0,50.0,0.935692257093248,243,143.0,73.0,0.59,194.0,2.0
2025-03-17 07:39:32,194.0,88.0,214.69,13.0,193.0,22.0,215.95,38.0,204.35,20.69,110.0,51.0,1.0934715359734706,161,59.0,-82.0,0.37,194.0,
2025-03-17 07:39:33,194.0,35.0,212.92,12.0,193.0,22.0,215.14,29.0,203.46,18.919999999999987,57.0,41.0,1.0739273718384106,98,16.0,-63.0,0.16,194.0,7.0
2025-03-17 07:39:34,194.0,6.0,211.0,6.0,193.0,12.0,216.0,24.0,202.5,17.0,18.0,30.0,1.0865311776397844,48,-12.0,-50.0,-0.25,194.0,
2025-03-17 07:39:35,194.0,6.0,210.0,6.0,193.0,12.0,216.0,24.0,202.0,16.0,18.0,30.0,1.2436036345970227,48,-12.0,0.0,-0.25,194.0,
2025-03-17 07:39:36,194.0,11.0,208.4,15.0,193.0,22.0,211.62,32.0,201.2,14.400000000000006,33.0,47.0,1.2328909116310638,80,-14.0,32.0,-0.17,194.0,
2025-03-17 07:39:37,193.23,13.0,204.26,19.0,191.81,31.0,204.71,17.0,198.75,11.03,44.0,36.0,1.782588006237512,80,8.0,0.0,0.1,192.67,6.0
2025-03-17 07:39:38,188.76,34.0,201.45,11.0,187.51,55.0,202.88,17.0,195.11,12.689999999999998,89.0,28.0,3.046550508358719,117,61.0,37.0,0.52,190.25,8.0
2025-03-17 07:39:39,188.0,84.0,199.28,18.0,187.0,108.0,200.97,30.0,193.64,11.28,192.0,48.0,3.676486094082192,240,144.0,123.0,0.6,190.25,
2025-03-17 07:39:40,190.18,44.0,195.5,34.0,187.78,81.0,196.74,19.0,192.84,5.319999999999993,125.0,53.0,3.55230488556073,178,72.0,-62.0,0.4,190.25,
2025-03-17 07:39:41,189.71,49.0,193.0,40.0,187.64,76.0,195.0,10.0,191.36,3.289999999999992,125.0,50.0,2.813423181815605,175,75.0,-3.0,0.43,191.0,4.0
2025-03-17 07:39:42,188.0,59.0,190.69,29.0,187.0,45.0,192.04,26.0,189.34,2.6899999999999977,104.0,55.0,2.208148545722461,159,49.0,-16.0,0.31,188.0,4.0
2025-03-17 07:39:43,187.11,46.0,189.0,38.0,186.29,101.0,199.73,44.0,188.05,1.8899999999999864,147.0,82.0,2.341597745125166,229,65.0,70.0,0.28,187.38,8.0
2025-03-17 07:39:44,186.0,81.0,187.33,27.0,176.43,14.0,272.0,45.0,186.67,1.3300000000000125,95.0,72.0,2.4817675152951724,167,23.0,-62.0,0.14,186.0,1.0
2025-03-17 07:39:45,186.14,59.0,240.12,40.0,185.52,62.0,307.23,30.0,213.13,53.98000000000002,121.0,70.0,10.992645268541002,191,51.0,24.0,0.27,186.75,4.0
2025-03-17 07:39:46,187.38,16.0,436.5,40.0,186.0,64.0,700.0,8.0,311.94,249.12,80.0,48.0,53.73140636536506,128,32.0,-63.0,0.25,186.75,
2025-03-17 07:39:49,192.0,20.0,216.6,10.0,186.0,86.0,784.0,10.0,204.3,24.599999999999994,106.0,20.0,104.63690156918857,126,86.0,39.0,0.68,186.75,
2025-03-17 07:39:50,192.0,26.0,458.14,21.0,186.25,61.0,606.78,9.0,325.07,266.14,87.0,30.0,88.89185806360484,117,57.0,-9.0,0.49,186.75,
2025-03-17 07:39:51,192.0,22.0,423.67,18.0,189.0,11.0,525.6,15.0,307.83,231.67,33.0,33.0,89.17391227259276,66,0.0,-51.0,0.0,186.75,
2025-03-17 07:39:52,192.0,16.0,450.43,14.0,188.8,44.0,512.4,10.0,321.21,258.43,60.0,24.0,81.8413760270443,84,36.0,18.0,0.43,186.75,
2025-03-17 07:39:53,192.0,6.0,255.0,3.0,191.0,12.0,483.0,6.0,223.5,63.0,18.0,9.0,57.795692486551616,27,9.0,-57.0,0.33,186.75,
2025-03-17 07:39:54,192.8,10.0,254.8,5.0,191.67,12.0,384.32,19.0,223.8,62.0,22.0,24.0,52.09215459164692,46,-2.0,19.0,-0.04,186.75,
2025-03-17 07:39:55,191.65,31.0,252.67,24.0,191.09,22.0,254.0,12.0,222.16,61.01999999999998,53.0,36.0,50.27046498690885,89,17.0,43.0,0.19,191.75,8.0
2025-03-17 07:39:56,192.67,45.0,250.5,20.0,188.5,20.0,277.8,10.0,221.58,57.83000000000001,65.0,30.0,44.03777810017234,95,35.0,6.0,0.37,191.75,
2025-03-17 07:39:57,193.0,24.0,250.0,12.0,190.0,26.0,373.0,6.0,221.5,57.0,50.0,18.0,1.078387685393214,68,32.0,-27.0,0.47,193.0,4.0
2025-03-17 07:39:58,191.13,53.0,249.55,22.0,189.72,64.0,363.14,14.0,220.34,58.420000000000016,117.0,36.0,1.2620142629968023,153,81.0,85.0,0.53,193.0,4.0
2025-03-17 07:39:59,190.0,77.0,249.0,35.0,188.0,21.0,250.0,14.0,219.5,59.0,98.0,49.0,1.074281155008726,147,49.0,-6.0,0.33,193.0,
2025-03-17 07:40:00,190.02,135.0,247.73,30.0,188.47,47.0,248.78,23.0,218.88,57.70999999999998,182.0,53.0,1.195658814213545,235,129.0,88.0,0.55,193.0,
2025-03-17 07:40:01,191.0,24.0,244.25,20.0,190.0,88.0,245.69,16.0,217.62,53.25,112.0,36.0,1.466396944897968,148,76.0,-87.0,0.51,193.0,
2025-03-17 07:40:02,190.23,52.0,241.46,13.0,189.42,62.0,243.27,26.0,215.85,51.23000000000002,114.0,39.0,1.754115161557385,153,75.0,5.0,0.49,190.38,8.0
2025-03-17 07:40:03,189.83,35.0,239.08,53.0,187.97,37.0,242.4,25.0,214.45,49.25,72.0,78.0,2.100940265691745,150,-6.0,-3.0,-0.04,190.0,6.0
2025-03-17 07:40:04,188.0,36.0,230.56,50.0,187.0,12.0,234.72,32.0,209.28,42.56,48.0,82.0,3.722530053606525,130,-34.0,-20.0,-0.26,190.0,
2025-03-17 07:40:05,189.06,16.0,221.0,40.0,186.28,25.0,222.0,40.0,205.03,31.94,41.0,80.0,5.1815567158916895,121,-39.0,-9.0,-0.32,188.0,3.0
2025-03-17 07:40:06,194.0,13.0,219.0,17.0,187.0,13.0,221.08,65.0,206.5,25.0,26.0,82.0,4.77618781037775,108,-56.0,-13.0,-0.52,188.0,
2025-03-17 07:40:07,194.0,13.0,213.58,57.0,188.76,68.0,214.0,45.0,203.79,19.580000000000013,81.0,102.0,4.23837822757711,183,-21.0,75.0,-0.11,188.0,
2025-03-17 07:40:08,188.63,19.0,210.0,17.0,186.03,33.0,211.0,37.0,199.32,21.370000000000005,52.0,54.0,3.676360972483256,106,-2.0,-77.0,-0.02,187.8,5.0
2025-03-17 07:40:09,188.5,12.0,208.23,56.0,186.0,20.0,208.39,28.0,198.37,19.72999999999999,32.0,84.0,3.577089599101029,116,-52.0,10.0,-0.45,187.8,
2025-03-17 07:40:10,189.0,15.0,203.79,39.0,186.0,30.0,205.0,51.0,196.4,14.789999999999992,45.0,90.0,4.148991443712048,135,-45.0,19.0,-0.33,187.8,
2025-03-17 07:40:11,188.5,18.0,200.75,12.0,185.64,22.0,203.81,48.0,194.62,12.25,40.0,60.0,3.469070480689954,100,-20.0,-35.0,-0.2,189.0,1.0
2025-03-17 07:40:12,191.0,43.0,197.19,42.0,187.07,14.0,199.03,30.0,194.1,6.189999999999998,57.0,72.0,2.27675646479666,129,-15.0,29.0,-0.12,191.0,3.0
2025-03-17 07:40:13,190.14,28.0,195.08,38.0,186.91,22.0,195.38,42.0,192.61,4.940000000000026,50.0,80.0,2.2215647638528626,130,-30.0,1.0,-0.23,191.0,2.0
2025-03-17 07:40:14,187.0,27.0,190.16,25.0,186.0,9.0,192.38,29.0,188.58,3.1599999999999966,36.0,54.0,2.947018832649612,90,-18.0,-40.0,-0.2,191.0,
2025-03-17 07:40:15,187.99,144.0,212.34,67.0,186.97,30.0,281.48,31.0,200.16,24.349999999999994,174.0,98.0,4.1727544859471335,272,76.0,172.0,0.28,188.45,11.0
2025-03-17 07:40:16,188.57,58.0,304.68,41.0,187.0,24.0,325.37,54.0,246.63,116.11,82.0,95.0,23.96203100740832,177,-13.0,-95.0,-0.07,189.0,1.0
2025-03-17 07:40:17,190.17,48.0,245.18,33.0,187.86,28.0,324.44,48.0,217.67,55.01000000000002,76.0,81.0,23.742658865426183,157,-5.0,-20.0,-0.03,189.0,
2025-03-17 07:40:18,193.69,64.0,237.8,64.0,191.87,106.0,320.1,60.0,215.74,44.110000000000014,170.0,124.0,21.901128509736736,294,46.0,137.0,0.16,189.0,
2025-03-17 07:40:19,194.0,32.0,243.0,24.0,193.0,32.0,320.0,24.0,218.5,49.0,64.0,48.0,16.79487272949714,112,16.0,-172.0,0.14,189.0,
2025-03-17 07:40:20,194.0,40.0,237.0,30.0,193.0,40.0,239.5,30.0,215.5,43.0,80.0,60.0,13.377304287486638,140,20.0,28.0,0.14,189.0,
2025-03-17 07:40:21,194.0,40.0,233.83,23.0,193.0,40.0,234.79,28.0,213.91,39.83000000000001,80.0,51.0,1.8286689148134592,131,29.0,-9.0,0.22,189.0,
2025-03-17 07:40:22,194.0,52.0,232.0,27.0,193.0,52.0,233.16,38.0,213.0,38.0,104.0,65.0,2.1030454108279613,169,39.0,38.0,0.23,189.0,
2025-03-17 07:40:23,194.0,72.0,228.12,34.0,193.0,72.0,231.69,52.0,211.06,34.120000000000005,144.0,86.0,2.800692771441387,230,58.0,61.0,0.25,189.0,
2025-03-17 07:40:24,194.0,60.0,221.54,26.0,193.0,60.0,230.05,37.0,207.77,27.539999999999992,120.0,63.0,2.973511392277292,183,57.0,-47.0,0.31,189.0,
2025-03-17 07:40:25,194.0,48.0,217.18,34.0,193.0,48.0,221.23,26.0,205.59,23.180000000000007,96.0,60.0,3.5170626949205515,156,36.0,-27.0,0.23,189.0,
2025-03-17 07:40:26,194.0,56.0,217.0,42.0,193.0,56.0,218.0,28.0,205.5,23.0,112.0,70.0,3.345493984451462,182,42.0,26.0,0.23,189.0,
2025-03-17 07:40:27,194.0,48.0,215.73,30.0,193.0,48.0,216.86,28.0,204.87,21.72999999999999,96.0,58.0,2.5417848059975574,154,38.0,-28.0,0.25,189.0,
2025-03-17 07:40:28,193.08,52.0,209.86,29.0,192.08,52.0,210.92,36.0,201.47,16.78,104.0,65.0,2.277103423210959,169,39.0,15.0,0.23,194.0,4.0
2025-03-17 07:40:29,193.0,52.0,206.06,36.0,192.0,52.0,207.45,29.0,199.53,13.060000000000002,104.0,65.0,2.7417366759041952,169,39.0,0.0,0.23,194.0,
2025-03-17 07:40:30,192.79,56.0,201.14,36.0,191.88,50.0,202.65,31.0,196.96,8.349999999999994,106.0,67.0,3.595570886520983,173,39.0,4.0,0.23,193.0,4.0
2025-03-17 07:40:31,192.2,55.0,196.48,29.0,191.15,26.0,198.17,24.0,194.34,4.280000000000001,81.0,53.0,4.055062268325378,134,28.0,-39.0,0.21,196.0,3.0
2025-03-17 07:40:32,193.0,95.0,194.91,23.0,192.0,36.0,195.91,22.0,193.96,1.9099999999999968,131.0,45.0,3.255114437311702,176,86.0,42.0,0.49,193.0,2.0
2025-03-17 07:40:33,192.94,64.0,194.92,26.0,191.94,34.0,336.16,19.0,193.93,1.9799999999999895,98.0,45.0,2.46256573516208,143,53.0,-33.0,0.37,194.0,2.0
2025-03-17 07:40:34,193.66,59.0,221.98,43.0,192.13,46.0,403.69,29.0,207.82,28.319999999999997,105.0,72.0,5.958357156129119,177,33.0,34.0,0.19,193.6,5.0
2025-03-17 07:40:35,194.0,16.0,321.95,19.0,192.0,32.0,537.15,13.0,257.97,127.95,48.0,32.0,27.685065107382385,80,16.0,-97.0,0.2,193.6,
2025-03-17 07:40:36,192.5,16.0,234.71,21.0,191.57,14.0,611.33,6.0,213.61,42.21000000000001,30.0,27.0,26.33744046030296,57,3.0,-23.0,0.05,194.0,2.0
2025-03-17 07:40:37,192.0,58.0,202.05,57.0,191.0,24.0,242.55,44.0,197.03,10.050000000000011,82.0,101.0,25.799541081189872,183,-19.0,126.0,-0.1,194.0,
2025-03-17 07:40:38,192.0,36.0,195.55,44.0,191.0,22.0,199.55,55.0,193.77,3.550000000000012,58.0,99.0,25.830849773091163,157,-41.0,-26.0,-0.26,192.0,3.0
2025-03-17 07:40:39,191.26,19.0,193.2,50.0,190.22,27.0,199.47,47.0,192.23,1.9399999999999975,46.0,97.0,27.6464702991178,143,-51.0,-14.0,-0.36,192.0,3.0
2025-03-17 07:40:40,191.0,20.0,192.53,38.0,190.0,30.0,197.71,42.0,191.76,1.5300000000000011,50.0,80.0,9.140902581255082,130,-30.0,-13.0,-0.23,192.0,
2025-03-17 07:40:41,190.12,24.0,191.4,30.0,189.12,16.0,192.53,38.0,190.76,1.2800000000000011,40.0,68.0,2.4454754139008523,108,-28.0,-22.0,-0.26,191.0,2.0
2025-03-17 07:40:42,188.4,15.0,189.91,33.0,187.04,25.0,191.03,35.0,189.15,1.509999999999991,40.0,68.0,1.7188455427969114,108,-28.0,0.0,-0.26,189.5,4.0
2025-03-17 07:40:43,186.62,13.0,188.59,22.0,183.58,31.0,354.09,44.0,187.6,1.9699999999999989,44.0,66.0,1.9157635553460752,110,-22.0,2.0,-0.2,186.67,3.0
2025-03-17 07:40:48,182.42,19.0,219.39,33.0,161.46,13.0,313.09,44.0,200.91,36.97,32.0,77.0,7.674283679926792,109,-45.0,-3.0,-0.41,185.0,2.0
2025-03-17 07:40:49,183.2,15.0,276.0,30.0,157.42,12.0,341.92,26.0,229.6,92.8,27.0,56.0,20.037652806653647,83,-29.0,-26.0,-0.35,185.0,2.0
2025-03-17 07:40:50,180.72,25.0,277.33,39.0,130.67,9.0,453.61,36.0,229.03,96.61,34.0,75.0,22.929412770500665,109,-41.0,26.0,-0.38,184.0,2.0
2025-03-17 07:40:51,187.06,49.0,288.0,55.0,184.77,26.0,436.35,34.0,237.53,100.94,75.0,89.0,22.75793531935628,164,-14.0,55.0,-0.09,187.5,2.0
2025-03-17 07:40:52,187.38,16.0,326.2,25.0,186.65,17.0,380.75,8.0,256.79,138.82,33.0,33.0,20.116871526159592,66,0.0,-98.0,0.0,187.5,
2025-03-17 07:40:53,187.91,22.0,290.82,55.0,186.93,54.0,470.47,17.0,239.36,102.91,76.0,72.0,11.237084586315696,148,4.0,82.0,0.03,187.4,5.0
2025-03-17 07:40:54,188.45,22.0,249.0,40.0,186.07,30.0,326.0,8.0,218.73,60.55000000000001,52.0,48.0,14.07367826831397,100,4.0,-48.0,0.04,187.4,
2025-03-17 07:40:55,191.0,35.0,326.0,10.0,187.0,20.0,441.0,40.0,258.5,135.0,55.0,50.0,16.273228628640833,105,5.0,5.0,0.05,191.0,5.0
2025-03-17 07:40:56,191.0,36.0,276.86,14.0,187.0,20.0,531.31,26.0,233.93,85.86000000000001,56.0,40.0,16.60673267081804,96,16.0,-9.0,0.17,191.0,
2025-03-17 07:40:57,191.0,54.0,326.39,18.0,187.0,28.0,428.33,36.0,258.69,135.39,82.0,54.0,17.060690783201462,136,28.0,40.0,0.21,191.0,
2025-03-17 07:40:59,191.9,63.0,330.33,45.0,188.5,12.0,451.4,43.0,261.12,138.42999999999998,75.0,88.0,48.66782376478356,163,-13.0,65.0,-0.08,191.0,
2025-03-17 07:41:00,192.0,77.0,197.88,34.0,190.0,8.0,390.0,26.0,194.94,5.879999999999996,85.0,60.0,60.639346549909526,145,25.0,-18.0,0.17,192.0,3.0
2025-03-17 07:41:01,192.0,64.0,194.67,36.0,190.0,13.0,197.4,50.0,193.33,2.6699999999999875,77.0,86.0,67.58169389709036,163,-9.0,18.0,-0.06,192.0,3.0
2025-03-17 07:41:02,191.85,39.0,193.11,38.0,187.55,49.0,206.71,21.0,192.48,1.260000000000019,88.0,59.0,72.59183714440636,147,29.0,-16.0,0.2,192.0,4.0
2025-03-17 07:41:03,187.14,66.0,195.0,20.0,186.18,44.0,377.0,50.0,191.07,7.860000000000014,110.0,70.0,30.516526178449578,180,40.0,33.0,0.22,189.25,4.0
2025-03-17 07:41:04,192.0,105.0,194.57,28.0,187.0,98.0,386.11,38.0,193.29,2.569999999999993,203.0,66.0,1.4097411109815114,269,137.0,89.0,0.51,189.25,
2025-03-17 07:41:05,192.0,117.0,228.06,34.0,187.0,104.0,380.84,25.0,210.03,36.06,221.0,59.0,7.874026924007371,280,162.0,11.0,0.58,192.0,2.0
2025-03-17 07:41:06,192.0,63.0,352.36,33.0,187.91,70.0,422.0,24.0,272.18,160.36,133.0,57.0,34.62113588546744,190,76.0,-90.0,0.4,192.0,
2025-03-17 07:41:07,192.2,60.0,390.0,28.0,188.29,69.0,444.29,35.0,291.1,197.8,129.0,63.0,46.804290722112334,192,66.0,2.0,0.34,192.0,2.0
2025-03-17 07:41:08,194.0,37.0,225.0,14.0,192.0,35.0,435.37,27.0,209.5,31.0,72.0,41.0,43.42463413777959,113,31.0,-79.0,0.27,194.0,1.0
2025-03-17 07:41:09,193.56,45.0,345.0,36.0,191.03,66.0,455.97,31.0,269.28,151.44,111.0,67.0,38.04555847927611,178,44.0,65.0,0.25,194.0,5.0
2025-03-17 07:41:10,192.0,35.0,403.88,16.0,188.0,56.0,429.62,26.0,297.94,211.88,91.0,42.0,34.897615964418335,133,49.0,-45.0,0.37,194.0,
2025-03-17 07:41:11,192.0,30.0,402.0,12.0,188.0,48.0,420.0,24.0,297.0,210.0,78.0,36.0,37.32189545025852,114,42.0,-19.0,0.37,194.0,
2025-03-17 07:41:12,192.0,50.0,385.27,22.0,188.0,80.0,444.56,36.0,288.64,193.27,130.0,58.0,37.03818192082363,188,72.0,74.0,0.38,194.0,
2025-03-17 07:41:13,192.0,40.0,355.41,29.0,188.03,89.0,387.86,28.0,273.71,163.41000000000005,129.0,57.0,13.217249335623247,186,72.0,-2.0,0.39,192.0,4.0
2025-03-17 07:41:14,192.0,7.0,236.0,14.0,188.0,56.0,263.0,7.0,214.0,44.0,63.0,21.0,35.057825374658194,84,42.0,-102.0,0.5,192.0,
2025-03-17 07:41:15,192.0,38.0,234.86,28.0,188.0,124.0,269.75,16.0,213.43,42.860000000000014,162.0,44.0,40.7032705074177,206,118.0,122.0,0.57,192.0,
2025-03-17 07:41:16,192.0,16.0,233.24,21.0,188.0,100.0,335.78,23.0,212.62,41.24000000000001,116.0,44.0,37.52562790947024,160,72.0,-46.0,0.45,192.0,
2025-03-17 07:41:17,192.0,11.0,230.0,27.0,188.0,102.0,232.64,25.0,211.0,38.0,113.0,52.0,27.2799462976012,165,61.0,5.0,0.37,192.0,
2025-03-17 07:41:18,187.31,113.0,230.3,30.0,187.05,55.0,233.0,20.0,208.8,42.99000000000001,168.0,50.0,2.101475671998173,218,118.0,53.0,0.54,188.86,7.0
2025-03-17 07:41:19,187.0,498.0,227.65,34.0,186.0,75.0,229.33,36.0,207.32,40.650000000000006,573.0,70.0,2.561343397516153,643,503.0,172.0,0.78,188.86,
2025-03-17 07:41:20,187.0,292.0,223.31,26.0,186.0,50.0,224.45,22.0,205.15,36.31,342.0,48.0,2.9490201762617363,390,294.0,-172.0,0.75,188.86,
2025-03-17 07:41:21,187.02,361.0,220.23,47.0,186.64,151.0,222.65,34.0,203.63,33.20999999999998,512.0,81.0,2.9137518768759216,593,431.0,172.0,0.73,188.86,
2025-03-17 07:41:22,190.78,215.0,218.54,67.0,188.67,186.0,219.31,52.0,204.66,27.75999999999999,401.0,119.0,2.102301120200757,520,282.0,-73.0,0.54,193.0,2.0
2025-03-17 07:41:23,193.5,48.0,213.71,34.0,191.0,60.0,215.17,24.0,203.6,20.210000000000008,108.0,58.0,1.522783635319495,166,50.0,-172.0,0.3,193.67,6.0
2025-03-17 07:41:24,194.0,14.0,211.62,42.0,191.06,64.0,212.1,42.0,202.81,17.620000000000005,78.0,84.0,0.9309403847703877,162,-6.0,-4.0,-0.04,193.67,
2025-03-17 07:41:25,193.53,17.0,208.2,54.0,191.72,36.0,210.27,44.0,200.87,14.669999999999987,53.0,98.0,1.4160261297010053,151,-45.0,-11.0,-0.3,194.0,1.0
2025-03-17 07:41:26,192.0,20.0,205.54,41.0,191.0,50.0,207.09,47.0,198.77,13.539999999999992,70.0,88.0,2.339908117853244,158,-18.0,7.0,-0.11,194.0,
2025-03-17 07:41:27,191.39,57.0,203.38,55.0,190.22,54.0,204.83,63.0,197.38,11.990000000000007,111.0,118.0,2.62856044252264,229,-7.0,71.0,-0.03,192.0,3.0
2025-03-17 07:41:28,191.33,90.0,196.91,70.0,189.53,49.0,198.14,69.0,194.12,5.579999999999984,139.0,139.0,3.327318740366464,278,0.0,49.0,0.0,192.0,
2025-03-17 07:41:29,191.7,20.0,193.9,40.0,190.69,39.0,194.88,41.0,192.8,2.200000000000017,59.0,81.0,3.315263187138058,140,-22.0,-138.0,-0.16,191.6,10.0
2025-03-17 07:41:30,188.46,28.0,201.7,50.0,187.63,43.0,315.58,48.0,195.08,13.23999999999998,71.0,98.0,2.42454119370906,169,-27.0,29.0,-0.16,189.67,3.0
2025-03-17 07:41:31,188.0,60.0,244.02,43.0,187.0,52.0,280.73,60.0,216.01,56.02000000000001,112.0,103.0,9.611905118133125,215,9.0,46.0,0.04,188.0,1.0
2025-03-17 07:41:32,188.0,44.0,204.18,33.0,187.0,44.0,209.42,36.0,196.09,16.180000000000007,88.0,69.0,9.685904707356649,157,19.0,-58.0,0.12,188.0,
2025-03-17 07:41:33,188.0,31.0,191.32,19.0,187.0,28.0,193.0,21.0,189.66,3.319999999999993,59.0,40.0,10.405578792166889,99,19.0,-58.0,0.19,191.0,1.0
2025-03-17 07:41:34,187.76,33.0,189.5,16.0,186.6,40.0,191.35,17.0,188.63,1.740000000000009,73.0,33.0,11.065519870299497,106,40.0,7.0,0.38,188.0,4.0
2025-03-17 07:41:35,187.0,12.0,189.5,8.0,186.0,32.0,301.0,12.0,188.25,2.5,44.0,20.0,11.775114436810894,64,24.0,-42.0,0.38,187.0,2.0
2025-03-17 07:41:36,186.11,54.0,190.78,18.0,185.44,54.0,209.0,45.0,188.44,4.669999999999988,108.0,63.0,3.3297041910641068,171,45.0,107.0,0.26,187.0,2.0
2025-03-17 07:41:37,186.26,27.0,189.62,13.0,185.86,65.0,329.4,50.0,187.94,3.3600000000000136,92.0,63.0,0.6532457424194615,155,29.0,-16.0,0.19,187.25,4.0
2025-03-17 07:41:38,186.2,60.0,188.56,18.0,185.6,40.0,281.02,49.0,187.38,2.3600000000000136,100.0,67.0,0.4896631495109397,167,33.0,12.0,0.2,187.0,3.0
2025-03-17 07:41:39,186.0,52.0,187.06,16.0,184.16,25.0,371.25,44.0,186.53,1.0600000000000025,77.0,60.0,0.7711484941234088,137,17.0,-30.0,0.12,186.5,2.0
2025-03-17 07:41:40,186.0,35.0,187.0,14.0,183.0,35.0,460.0,28.0,186.5,1.0,70.0,42.0,0.8561074698825227,112,28.0,-25.0,0.25,186.5,
2025-03-17 07:41:41,186.0,35.0,187.0,14.0,183.0,31.0,294.53,34.0,186.5,1.0,66.0,48.0,0.6603786792352578,114,18.0,2.0,0.16,186.5,
2025-03-17 07:41:42,186.0,45.0,187.0,18.0,183.0,32.0,318.67,45.0,186.5,1.0,77.0,63.0,0.3904100408396296,140,14.0,26.0,0.1,186.5,
2025-03-17 07:41:43,184.63,35.0,187.0,14.0,175.78,54.0,231.14,35.0,185.81,2.3700000000000045,89.0,49.0,0.3122018577591866,138,40.0,-2.0,0.29,186.0,5.0
2025-03-17 07:41:44,183.62,32.0,218.43,42.0,181.86,35.0,280.67,45.0,201.03,34.81,67.0,87.0,6.581942722326695,154,-20.0,16.0,-0.13,185.0,6.0
2025-03-17 07:41:45,182.2,25.0,266.57,35.0,180.81,31.0,513.29,35.0,224.39,84.37,56.0,70.0,16.67371074476201,126,-14.0,-28.0,-0.11,185.0,
2025-03-17 07:41:47,191.17,12.0,446.14,35.0,182.38,29.0,589.43,35.0,318.65,254.97,41.0,70.0,79.21489077187456,111,-29.0,6.0,-0.26,185.0,
2025-03-17 07:41:48,192.5,6.0,296.95,22.0,191.0,12.0,357.58,26.0,244.73,104.45,18.0,48.0,69.3041086805106,66,-30.0,-45.0,-0.45,185.0,
2025-03-17 07:41:49,193.0,10.0,273.03,35.0,191.0,20.0,482.61,44.0,233.01,80.02999999999997,30.0,79.0,62.34395335555828,109,-49.0,43.0,-0.45,185.0,
2025-03-17 07:41:50,193.0,8.0,257.6,30.0,191.0,16.0,288.08,26.0,225.3,64.60000000000002,24.0,56.0,62.15109878352937,80,-32.0,-29.0,-0.4,185.0,
2025-03-17 07:41:51,189.61,23.0,221.17,46.0,186.17,46.0,270.47,34.0,205.39,31.55999999999997,69.0,80.0,43.371454667788285,149,-11.0,69.0,-0.07,190.5,4.0
2025-03-17 07:41:52,187.0,33.0,190.64,33.0,183.29,63.0,312.43,47.0,188.82,3.6399999999999855,96.0,80.0,22.321822282242184,176,16.0,27.0,0.09,190.5,
2025-03-17 07:41:53,187.0,39.0,189.15,39.0,182.14,35.0,224.05,40.0,188.08,2.1500000000000057,74.0,79.0,20.592528985046943,153,-5.0,-23.0,-0.03,190.5,
2025-03-17 07:41:54,187.0,22.0,188.0,30.0,181.0,50.0,262.0,40.0,187.5,1.0,72.0,70.0,16.489764097766653,142,2.0,-11.0,0.01,187.0,1.0
2025-03-17 07:41:55,181.05,21.0,187.9,30.0,179.67,27.0,262.0,40.0,184.47,6.849999999999994,48.0,70.0,8.293555932167456,118,-22.0,-24.0,-0.19,184.5,4.0
2025-03-17 07:41:56,180.14,29.0,244.88,40.0,178.5,24.0,397.64,44.0,212.51,64.74000000000001,53.0,84.0,11.431414173232936,137,-31.0,19.0,-0.23,187.0,3.0
2025-03-17 07:42:01,182.0,23.0,199.23,43.0,180.83,23.0,269.53,43.0,190.62,17.22999999999999,46.0,86.0,3.539622861264611,132,-40.0,32.0,-0.3,186.09,11.0
2025-03-17 07:42:02,183.44,18.0,313.14,70.0,177.46,24.0,408.19,54.0,248.29,129.7,42.0,124.0,28.68410413452011,166,-82.0,34.0,-0.49,184.8,5.0
2025-03-17 07:42:03,189.27,49.0,320.0,35.0,180.81,31.0,359.0,21.0,254.63,130.73,80.0,56.0,36.4605016421881,136,24.0,-30.0,0.18,184.8,
2025-03-17 07:42:04,192.0,30.0,320.0,15.0,188.0,39.0,359.0,9.0,256.0,128.0,69.0,24.0,36.54202033276224,93,45.0,-43.0,0.48,184.8,
2025-03-17 07:42:05,192.0,65.0,380.38,32.0,188.0,104.0,497.46,37.0,286.19,188.38,169.0,69.0,34.84011667603912,238,100.0,145.0,0.42,192.0,5.0
2025-03-17 07:42:06,192.0,69.0,323.5,48.0,188.0,156.0,353.33,36.0,257.75,131.5,225.0,84.0,14.75892679025229,309,141.0,71.0,0.46,192.0,
2025-03-17 07:42:07,192.0,48.0,250.08,38.0,188.0,104.0,269.4,30.0,221.04,58.08000000000001,152.0,68.0,23.10152960303762,220,84.0,-89.0,0.38,192.0,
2025-03-17 07:42:08,192.71,34.0,249.0,65.0,189.52,105.0,313.0,35.0,220.85,56.28999999999999,139.0,100.0,27.75262564155001,239,39.0,19.0,0.16,193.5,2.0
2025-03-17 07:42:09,192.0,30.0,248.17,30.0,188.0,78.0,492.17,12.0,220.08,56.16999999999999,108.0,42.0,29.8521501738152,150,66.0,-89.0,0.44,193.5,
2025-03-17 07:42:10,192.0,35.0,231.44,32.0,188.0,91.0,346.76,25.0,211.72,39.44,126.0,57.0,18.012056240196618,183,69.0,33.0,0.38,193.5,
2025-03-17 07:42:11,190.32,62.0,216.25,60.0,188.0,84.0,366.52,21.0,203.29,25.930000000000007,146.0,81.0,7.803988083025201,227,65.0,44.0,0.29,191.83,6.0
2025-03-17 07:42:12,189.0,136.0,214.32,77.0,188.0,221.0,327.23,62.0,201.66,25.319999999999997,357.0,139.0,9.01824539475374,496,218.0,172.0,0.44,191.83,
2025-03-17 07:42:13,190.0,88.0,210.79,53.0,188.0,143.0,213.73,37.0,200.4,20.789999999999992,231.0,90.0,8.340863264674377,321,141.0,-172.0,0.44,191.83,
2025-03-17 07:42:14,190.0,53.0,210.68,25.0,188.0,91.0,212.39,31.0,200.34,20.680000000000007,144.0,56.0,4.758993591085413,200,88.0,-121.0,0.44,190.0,1.0
2025-03-17 07:42:15,190.0,44.0,206.64,44.0,188.0,156.0,207.69,52.0,198.32,16.639999999999986,200.0,96.0,1.834508108455936,296,104.0,96.0,0.35,190.0,4.0
2025-03-17 07:42:16,190.0,66.0,202.2,46.0,187.97,100.0,203.33,52.0,196.1,12.199999999999989,166.0,98.0,2.181806590875983,264,68.0,-32.0,0.26,190.0,
2025-03-17 07:42:17,190.0,120.0,197.47,75.0,188.0,45.0,198.8,80.0,193.73,7.469999999999999,165.0,155.0,2.869428514528489,320,10.0,56.0,0.03,190.0,
2025-03-17 07:42:18,190.0,97.0,191.64,70.0,188.0,42.0,193.21,70.0,190.82,1.6399999999999864,139.0,140.0,3.745600085432016,279,-1.0,-41.0,-0.0,190.0,3.0
2025-03-17 07:42:19,188.71,28.0,190.0,40.0,187.25,24.0,191.08,39.0,189.36,1.289999999999992,52.0,79.0,3.68203476354954,131,-27.0,-148.0,-0.21,189.25,8.0
2025-03-17 07:42:20,187.0,52.0,188.7,100.0,186.0,180.0,258.52,33.0,187.85,1.6999999999999886,232.0,133.0,3.3343470125327968,365,99.0,172.0,0.27,187.0,2.0
2025-03-17 07:42:21,187.0,9.0,188.0,31.0,186.0,81.0,294.0,9.0,187.5,1.0,90.0,40.0,2.5376110813096604,130,50.0,-172.0,0.38,188.0,5.0
2025-03-17 07:42:22,191.3,23.0,309.81,21.0,188.76,54.0,313.59,17.0,250.56,118.51,77.0,38.0,27.61453638937273,115,39.0,-15.0,0.34,188.0,
2025-03-17 07:42:23,192.61,18.0,258.0,22.0,191.85,66.0,317.24,21.0,225.31,65.38999999999999,84.0,43.0,28.655909163730858,127,41.0,12.0,0.32,192.5,4.0
2025-03-17 07:42:24,187.56,9.0,250.32,25.0,185.12,33.0,311.0,20.0,218.94,62.75999999999999,42.0,45.0,26.809609657732743,87,-3.0,-40.0,-0.03,191.14,7.0
2025-03-17 07:42:25,192.0,14.0,249.0,30.0,187.0,17.0,304.94,32.0,220.5,57.0,31.0,62.0,22.461934912202015,93,-31.0,6.0,-0.33,191.14,
2025-03-17 07:42:26,192.0,12.0,195.12,56.0,189.0,30.0,359.17,23.0,193.56,3.1200000000000045,42.0,79.0,20.29052438947797,121,-37.0,28.0,-0.31,191.14,
2025-03-17 07:42:27,192.0,4.0,193.25,20.0,190.0,16.0,510.56,9.0,192.62,1.25,20.0,29.0,15.785552888638223,49,-9.0,-72.0,-0.18,191.14,
2025-03-17 07:42:28,190.0,30.0,333.5,32.0,187.0,36.0,483.15,26.0,261.75,143.5,66.0,58.0,28.11258935068057,124,8.0,75.0,0.06,190.5,4.0
2025-03-17 07:42:29,190.0,96.0,292.04,27.0,187.0,48.0,354.11,36.0,241.02,102.04000000000002,144.0,63.0,30.0667191426002,207,81.0,83.0,0.39,190.5,
2025-03-17 07:42:30,190.0,195.0,329.09,46.0,188.24,21.0,380.32,37.0,259.54,139.08999999999995,216.0,83.0,34.3758508258342,299,133.0,92.0,0.44,190.5,
2025-03-17 07:42:31,190.0,117.0,217.27,33.0,187.13,30.0,274.0,30.0,203.64,27.27000000000001,147.0,63.0,31.935636520977734,210,84.0,-89.0,0.4,190.5,
2025-03-17 07:42:32,190.0,91.0,217.0,28.0,187.69,52.0,231.12,16.0,203.5,27.0,143.0,44.0,28.82513486525273,187,99.0,-23.0,0.53,190.0,2.0
2025-03-17 07:42:33,190.0,88.0,216.75,32.0,188.0,96.0,297.64,22.0,203.38,26.75,184.0,54.0,26.442497612744567,238,130.0,51.0,0.55,190.0,
2025-03-17 07:42:34,190.0,110.0,216.0,40.0,188.0,120.0,329.59,27.0,203.0,26.0,230.0,67.0,25.116642291516555,297,163.0,59.0,0.55,190.0,
2025-03-17 07:42:35,190.0,99.0,213.75,48.0,188.0,144.0,287.62,26.0,201.88,23.75,243.0,74.0,0.7117583859650326,317,169.0,20.0,0.53,190.0,3.0
2025-03-17 07:42:36,190.91,85.0,211.17,48.0,189.76,100.0,406.12,34.0,201.04,20.25999999999999,185.0,82.0,1.0632967600774934,267,103.0,-50.0,0.39,190.0,
2025-03-17 07:42:37,191.0,66.0,207.87,31.0,190.0,88.0,242.95,37.0,199.44,16.870000000000005,154.0,68.0,1.5871735884870677,222,86.0,-45.0,0.39,191.0,1.0
2025-03-17 07:42:38,191.0,36.0,202.33,15.0,190.0,48.0,205.44,18.0,196.67,11.330000000000013,84.0,33.0,2.459386102260141,117,51.0,-105.0,0.44,191.0,
2025-03-17 07:42:39,191.39,46.0,199.72,50.0,190.29,102.0,200.71,48.0,195.56,8.330000000000013,148.0,98.0,2.733060555492618,246,50.0,129.0,0.2,191.8,5.0
2025-03-17 07:42:40,190.42,72.0,197.5,64.0,189.01,158.0,198.43,56.0,193.96,7.0800000000000125,230.0,120.0,2.878433601803042,350,110.0,104.0,0.31,190.75,4.0
2025-03-17 07:42:41,190.28,87.0,194.5,44.0,188.53,159.0,195.93,54.0,192.39,4.219999999999999,246.0,98.0,2.6872718507787763,344,148.0,-6.0,0.43,191.0,4.0
2025-03-17 07:42:42,188.56,68.0,192.0,24.0,187.76,68.0,202.08,25.0,190.28,3.4399999999999977,136.0,49.0,2.5364680167482905,185,87.0,-159.0,0.47,189.4,10.0
2025-03-17 07:42:43,188.0,118.0,193.42,24.0,187.0,37.0,198.0,18.0,190.71,5.419999999999988,155.0,42.0,2.2140347784048884,197,113.0,12.0,0.57,189.0,5.0
2025-03-17 07:42:44,188.0,54.0,193.6,15.0,187.0,36.0,226.44,9.0,190.8,5.599999999999994,90.0,24.0,1.5300555545423364,114,66.0,-83.0,0.58,193.0,2.0
2025-03-17 07:42:45,190.42,52.0,196.0,12.0,187.88,65.0,379.42,31.0,193.21,5.5800000000000125,117.0,43.0,1.2566105204023148,160,74.0,46.0,0.46,191.75,4.0
2025-03-17 07:42:46,190.67,64.0,196.0,8.0,188.17,36.0,417.0,24.0,193.34,5.3300000000000125,100.0,32.0,1.480800459206403,132,68.0,-28.0,0.52,191.75,
2025-03-17 07:42:47,191.8,55.0,196.0,13.0,190.57,28.0,327.54,37.0,193.9,4.199999999999989,83.0,50.0,1.5170266971896988,133,33.0,1.0,0.25,191.75,
2025-03-17 07:42:48,191.62,26.0,196.0,9.0,188.73,33.0,241.14,21.0,193.81,4.379999999999996,59.0,30.0,1.2713260793307943,89,29.0,-44.0,0.33,192.0,4.0
2025-03-17 07:42:49,191.0,18.0,196.0,9.0,188.0,45.0,210.0,27.0,193.5,5.0,63.0,36.0,0.2967659009840863,99,27.0,10.0,0.27,192.0,
2025-03-17 07:42:50,188.0,24.0,361.94,16.0,187.0,18.0,479.25,16.0,274.97,173.94,42.0,32.0,36.37370794956154,74,10.0,-25.0,0.14,190.0,3.0
2025-03-17 07:42:51,188.0,12.0,257.33,18.0,187.0,18.0,389.5,18.0,222.67,69.32999999999998,30.0,36.0,35.38623107933366,66,-6.0,-8.0,-0.09,188.0,3.0
2025-03-17 07:42:52,188.0,5.0,219.21,19.0,187.0,15.0,367.33,9.0,203.61,31.210000000000008,20.0,28.0,34.13009405202395,48,-8.0,-18.0,-0.17,188.0,
2025-03-17 07:42:53,188.0,7.0,196.0,35.0,187.0,21.0,455.88,16.0,192.0,8.0,28.0,51.0,34.455040995477,79,-23.0,31.0,-0.29,188.0,
2025-03-17 07:42:54,187.4,5.0,196.0,25.0,186.11,54.0,414.33,12.0,191.7,8.599999999999994,59.0,37.0,34.7744568613228,96,22.0,17.0,0.23,187.33,3.0
2025-03-17 07:42:55,189.67,30.0,196.0,40.0,186.06,68.0,487.84,19.0,192.83,6.3300000000000125,98.0,59.0,13.31991629102789,157,39.0,61.0,0.25,187.33,
2025-03-17 07:42:56,190.0,56.0,196.0,35.0,187.0,7.0,483.0,35.0,193.0,6.0,63.0,70.0,5.05071975068774,133,-7.0,-24.0,-0.05,187.33,
2025-03-17 07:42:57,190.0,64.0,196.0,35.0,187.0,10.0,530.14,35.0,193.0,6.0,74.0,70.0,0.6121111010151854,144,4.0,11.0,0.03,190.0,4.0
2025-03-17 07:42:58,190.0,126.0,196.0,45.0,187.61,41.0,585.0,45.0,193.0,6.0,167.0,90.0,0.5671684053137281,257,77.0,113.0,0.3,190.0,
2025-03-17 07:42:59,190.03,72.0,193.38,16.0,188.62,45.0,195.11,18.0,191.7,3.3499999999999943,117.0,34.0,0.5671684053137281,151,83.0,-106.0,0.55,190.0,
2025-03-17 07:43:00,190.1,78.0,192.1,20.0,189.38,81.0,195.26,35.0,191.1,2.0,159.0,55.0,0.9016651263002056,214,104.0,63.0,0.49,191.0,2.0
2025-03-17 07:43:01,190.0,101.0,194.18,22.0,188.0,40.0,283.0,40.0,192.09,4.180000000000007,141.0,62.0,0.8291079543617221,203,79.0,-11.0,0.39,190.0,3.0
2025-03-17 07:43:02,190.0,88.0,198.0,40.0,188.0,40.0,492.5,40.0,194.0,8.0,128.0,80.0,1.1394823386020458,208,48.0,5.0,0.23,190.0,
2025-03-17 07:43:03,190.0,78.0,197.0,20.0,188.0,50.0,198.3,50.0,193.5,7.0,128.0,70.0,1.2263441604973877,198,58.0,-10.0,0.29,190.0,4.0
2025-03-17 07:43:04,190.0,70.0,196.0,20.0,188.0,50.0,199.8,50.0,193.0,6.0,120.0,70.0,1.1559498258947831,190,50.0,-8.0,0.26,190.0,
2025-03-17 07:43:05,190.0,42.0,199.57,21.0,188.0,30.0,315.58,26.0,194.79,9.569999999999991,72.0,47.0,1.0184939862299542,119,25.0,-71.0,0.21,190.0,
2025-03-17 07:43:06,190.0,42.0,200.71,21.0,188.0,30.0,342.5,24.0,195.36,10.710000000000008,72.0,45.0,0.9538343671660056,117,27.0,-2.0,0.23,190.0,
2025-03-17 07:43:07,192.62,84.0,199.38,32.0,189.81,108.0,200.75,80.0,196.0,6.759999999999991,192.0,112.0,1.2569009507463995,304,80.0,172.0,0.26,190.0,
2025-03-17 07:43:08,194.0,65.0,199.0,26.0,191.08,25.0,200.0,65.0,196.5,5.0,90.0,91.0,1.354547895051168,181,-1.0,-123.0,-0.01,190.0,
2025-03-17 07:43:09,194.0,50.0,199.0,20.0,193.0,10.0,200.0,50.0,196.5,5.0,60.0,70.0,0.7465252842254964,130,-10.0,-51.0,-0.08,190.0,
2025-03-17 07:43:10,194.0,30.0,197.33,12.0,193.0,6.0,200.0,30.0,195.67,3.3300000000000125,36.0,42.0,0.5045592135597788,78,-6.0,-52.0,-0.08,190.0,
2025-03-17 07:43:11,192.77,39.0,196.46,26.0,190.25,61.0,198.67,54.0,194.62,3.6899999999999977,100.0,80.0,0.7766080092221369,180,20.0,102.0,0.11,193.12,8.0
2025-03-17 07:43:12,190.53,17.0,194.73,22.0,189.59,79.0,195.97,32.0,192.63,4.199999999999989,96.0,54.0,1.6233391512519937,150,42.0,-30.0,0.28,190.25,4.0
2025-03-17 07:43:13,189.67,48.0,192.18,22.0,187.96,83.0,193.18,22.0,190.92,2.5100000000000198,131.0,44.0,2.278348085782072,175,87.0,25.0,0.5,190.0,4.0
2025-03-17 07:43:14,188.0,72.0,190.5,20.0,187.0,65.0,195.19,32.0,189.25,2.5,137.0,52.0,2.6243799267609607,189,85.0,14.0,0.45,188.0,2.0
2025-03-17 07:43:15,188.0,60.0,190.1,20.0,187.0,80.0,198.7,50.0,189.05,2.0999999999999943,140.0,70.0,2.355871388676603,210,70.0,21.0,0.33,188.0,
2025-03-17 07:43:16,188.0,60.0,196.78,45.0,187.0,96.0,396.75,60.0,192.39,8.780000000000001,156.0,105.0,1.6841080725371311,261,51.0,51.0,0.2,189.0,4.0
2025-03-17 07:43:17,188.0,21.0,189.0,18.0,187.0,72.0,198.33,45.0,188.5,1.0,93.0,63.0,1.6024262853511335,156,30.0,-105.0,0.19,188.0,3.0
2025-03-17 07:43:18,188.0,5.0,189.0,10.0,187.0,40.0,198.8,25.0,188.5,1.0,45.0,35.0,1.6286405373758654,80,10.0,-76.0,0.12,188.0,
2025-03-17 07:43:19,187.28,67.0,196.7,46.0,185.51,188.0,268.09,55.0,191.99,9.419999999999987,255.0,101.0,1.9389249598641736,356,154.0,172.0,0.43,188.67,3.0
2025-03-17 07:43:20,192.84,102.0,196.25,48.0,189.15,53.0,199.0,80.0,194.55,3.4099999999999966,155.0,128.0,2.6382626859327334,283,27.0,-73.0,0.1,188.67,
2025-03-17 07:43:21,193.0,91.0,196.0,39.0,191.0,26.0,199.0,65.0,194.5,3.0,117.0,104.0,3.0201109251127254,221,13.0,-62.0,0.06,188.67,
2025-03-17 07:43:22,193.0,90.0,194.57,42.0,191.0,28.0,197.5,56.0,193.79,1.5699999999999932,118.0,98.0,2.5489664572108133,216,20.0,-5.0,0.09,193.0,2.0
2025-03-17 07:43:23,191.44,18.0,243.17,18.0,189.36,22.0,304.0,30.0,217.31,51.72999999999999,40.0,48.0,10.60609353155012,88,-8.0,-128.0,-0.09,193.0,5.0
2025-03-17 07:43:24,191.46,39.0,199.27,15.0,189.92,39.0,205.58,24.0,195.36,7.810000000000002,78.0,39.0,10.193751517473324,117,39.0,29.0,0.33,193.0,
2025-03-17 07:43:25,191.0,27.0,198.56,9.0,189.0,27.0,200.0,18.0,194.78,7.560000000000002,54.0,27.0,10.168562828639535,81,27.0,-36.0,0.33,193.0,
2025-03-17 07:43:26,190.0,36.0,194.67,36.0,187.2,180.0,200.05,21.0,192.33,4.669999999999988,216.0,57.0,10.45870594289702,273,159.0,172.0,0.58,191.0,3.0
