DateTime,Bid1_Price,Bid1_Volume,Ask1_Price,Ask1_Volume,Bid2_Price,Bid2_Volume,Ask2_Price,Ask2_Volume,Mid-Price,Bid_Ask_Spread,Market_Depth_Bid,Market_Depth_Ask,Historical_Volatility,Total_volume,Cumulative_Volume_Difference,Total_Volume_Change_Corrected,Order_imbalance,Weighted_Avg_Price,Trade_Volume
2025-05-20 07:30:03,143.0,9.0,177.0,2.0,0.0,0.0,800.0,2.0,160.0,34.0,9.0,4.0,,13,5.0,7.0,0.38,143.0,1.0
2025-05-20 07:30:04,143.0,20.0,172.4,5.0,142.0,15.0,174.6,5.0,157.7,29.40000000000001,35.0,10.0,,45,25.0,32.0,0.56,143.0,
2025-05-20 07:30:05,143.0,7.0,170.0,2.0,142.0,10.0,172.0,2.0,156.5,27.0,17.0,4.0,154.47238588174912,21,13.0,-24.0,0.62,143.0,1.0
2025-05-20 07:30:06,143.0,21.0,167.0,25.0,142.0,35.0,167.69,13.0,155.0,24.0,56.0,38.0,140.526413887212,94,18.0,73.0,0.19,143.0,
2025-05-20 07:30:07,143.05,22.0,161.11,9.0,142.08,38.0,163.36,25.0,152.08,18.06,60.0,34.0,2.9655825734591823,94,26.0,0.0,0.28,143.0,
2025-05-20 07:30:08,142.45,22.0,156.53,19.0,141.33,18.0,156.95,22.0,149.49,14.080000000000013,40.0,41.0,3.348429482608936,81,-1.0,-13.0,-0.01,143.25,4.0
2025-05-20 07:30:09,142.0,21.0,153.25,4.0,133.0,3.0,154.5,4.0,147.62,11.25,24.0,8.0,3.6961358200159102,32,16.0,-49.0,0.5,143.25,
2025-05-20 07:30:10,142.0,14.0,151.0,10.0,133.0,2.0,152.0,2.0,146.5,9.0,16.0,12.0,3.442589141911149,28,4.0,-4.0,0.14,143.25,
2025-05-20 07:30:11,142.0,63.0,149.47,30.0,135.8,30.0,149.97,31.0,145.73,7.469999999999999,93.0,61.0,2.550025490069543,154,32.0,126.0,0.21,143.25,
2025-05-20 07:30:12,142.0,49.0,146.6,10.0,136.27,11.0,148.05,20.0,144.3,4.599999999999994,60.0,30.0,1.960068876341904,90,30.0,-64.0,0.33,143.25,
2025-05-20 07:30:13,142.12,52.0,144.0,32.0,139.43,28.0,145.1,20.0,143.06,1.8799999999999957,80.0,52.0,1.7975038247536606,132,28.0,42.0,0.21,142.0,5.0
2025-05-20 07:30:14,142.43,28.0,145.14,14.0,139.75,32.0,147.33,12.0,143.79,2.7099999999999795,60.0,26.0,1.4120658624879807,86,34.0,-46.0,0.4,144.0,2.0
2025-05-20 07:30:15,140.72,29.0,145.07,14.0,138.88,40.0,148.0,14.0,142.9,4.349999999999994,69.0,28.0,1.141371981434535,97,41.0,11.0,0.42,142.0,2.0
2025-05-20 07:30:16,139.44,36.0,147.43,14.0,136.73,22.0,148.97,62.0,143.44,7.990000000000009,58.0,76.0,0.5659681969896697,134,-18.0,37.0,-0.13,144.0,1.0
2025-05-20 07:30:17,128.57,21.0,146.96,23.0,134.82,33.0,148.99,103.0,137.76,18.39000000000001,54.0,126.0,2.500419964726623,180,-72.0,46.0,-0.4,138.2,5.0
2025-05-20 07:30:18,121.95,37.0,144.29,56.0,109.09,99.0,148.06,64.0,133.12,22.33999999999999,136.0,120.0,4.657136459242205,256,16.0,76.0,0.06,144.0,1.0
2025-05-20 07:30:19,131.0,34.0,143.91,64.0,109.21,48.0,145.23,39.0,137.45,12.909999999999997,82.0,103.0,4.284166196589807,185,-21.0,-71.0,-0.11,144.0,
2025-05-20 07:30:20,137.0,22.0,143.0,26.0,124.64,11.0,144.0,51.0,140.0,6.0,33.0,77.0,3.779600507990577,110,-44.0,-75.0,-0.4,144.0,
2025-05-20 07:30:21,137.84,70.0,143.0,36.0,134.25,28.0,144.0,48.0,140.42,5.159999999999997,98.0,84.0,2.9033773437158445,182,14.0,72.0,0.08,144.0,
2025-05-20 07:30:22,138.67,33.0,142.1,29.0,137.79,145.0,143.88,40.0,140.39,3.430000000000007,178.0,69.0,3.1346658514110555,247,109.0,65.0,0.44,138.6,5.0
2025-05-20 07:30:23,138.0,99.0,143.11,27.0,129.36,11.0,149.62,47.0,140.56,5.110000000000014,110.0,74.0,1.3101641118588838,184,36.0,-63.0,0.2,138.6,
2025-05-20 07:30:24,138.0,81.0,142.11,45.0,130.0,9.0,144.0,45.0,140.06,4.110000000000014,90.0,90.0,0.2432693979996316,180,0.0,-4.0,0.0,138.6,
2025-05-20 07:30:25,138.0,117.0,140.92,53.0,131.08,13.0,141.81,54.0,139.46,2.9199999999999875,130.0,107.0,0.441270891860167,237,23.0,57.0,0.1,140.5,4.0
2025-05-20 07:30:26,136.88,16.0,141.0,18.0,131.0,6.0,142.0,24.0,138.94,4.1200000000000045,22.0,42.0,0.6735874108109423,64,-20.0,-168.625,-0.31,138.0,2.0
2025-05-20 07:30:27,131.6,10.0,139.62,26.0,128.23,13.0,140.9,51.0,135.61,8.02000000000001,23.0,77.0,1.951737687293745,100,-54.0,36.0,-0.54,138.0,
2025-05-20 07:30:28,130.0,17.0,135.61,23.0,123.43,49.0,138.3,46.0,132.8,5.610000000000014,66.0,69.0,3.0842957056680422,135,-3.0,35.0,-0.02,138.0,
2025-05-20 07:30:29,130.0,20.0,134.46,24.0,128.0,20.0,136.32,37.0,132.23,4.460000000000008,40.0,61.0,3.3554388684644465,101,-21.0,-34.0,-0.21,134.17,6.0
2025-05-20 07:30:30,132.26,85.0,137.22,45.0,131.73,45.0,138.35,23.0,134.74,4.960000000000008,130.0,68.0,2.6638186875239303,198,62.0,97.0,0.31,136.86,7.0
2025-05-20 07:30:31,133.84,153.0,138.0,65.0,132.23,141.0,140.0,28.0,135.92,4.159999999999997,294.0,93.0,1.6629040862303353,387,201.0,168.375,0.52,138.0,1.0
2025-05-20 07:30:32,137.0,99.0,138.77,26.0,136.0,90.0,289.67,30.0,137.88,1.7700000000000102,189.0,56.0,2.3082634165107025,245,133.0,-142.0,0.54,138.0,4.0
2025-05-20 07:30:33,137.85,47.0,186.0,36.0,137.72,181.0,438.26,84.0,161.93,48.150000000000006,228.0,120.0,12.131036641606665,348,108.0,103.0,0.31,140.0,2.0
2025-05-20 07:30:34,141.7,80.0,408.74,31.0,141.23,113.0,609.28,67.0,275.22,267.04,193.0,98.0,60.35119402298528,291,95.0,-57.0,0.33,140.0,
2025-05-20 07:30:35,144.0,99.0,304.24,34.0,143.0,11.0,612.91,44.0,224.12,160.24,110.0,78.0,60.85044683484272,188,32.0,-103.0,0.17,140.0,
2025-05-20 07:30:36,145.59,91.0,285.6,20.0,144.32,19.0,512.11,19.0,215.6,140.01000000000002,110.0,39.0,54.193840978473055,149,71.0,-39.0,0.48,140.0,
2025-05-20 07:30:37,146.0,40.0,257.62,13.0,142.0,70.0,377.12,16.0,201.81,111.62,110.0,29.0,40.91966312178082,139,81.0,-10.0,0.58,146.0,5.0
2025-05-20 07:30:38,144.15,65.0,314.69,16.0,141.67,73.0,347.38,32.0,229.42,170.54,138.0,48.0,27.743744880603877,186,90.0,47.0,0.48,146.0,5.0
2025-05-20 07:30:39,142.0,33.0,183.0,9.0,134.0,9.0,414.33,18.0,162.5,41.0,42.0,27.0,26.816116422778784,69,15.0,-117.0,0.22,142.0,7.0
2025-05-20 07:30:40,143.71,21.0,399.08,13.0,137.0,8.0,562.8,10.0,271.4,255.37,29.0,23.0,39.72693016078674,52,6.0,-17.0,0.12,142.0,
2025-05-20 07:30:42,146.67,36.0,243.6,25.0,137.2,15.0,513.42,19.0,195.13,96.93,51.0,44.0,57.05357727610103,95,7.0,25.0,0.07,147.14,7.0
2025-05-20 07:30:43,136.75,12.0,215.44,27.0,129.31,54.0,484.6,15.0,176.1,78.69,66.0,42.0,62.520934094109855,108,24.0,13.0,0.22,139.33,3.0
2025-05-20 07:30:44,133.25,4.0,137.0,12.0,129.46,13.0,545.0,4.0,135.12,3.75,17.0,16.0,69.80451690256174,33,1.0,-75.0,0.03,139.33,
2025-05-20 07:30:45,135.67,15.0,137.0,22.0,133.2,10.0,473.0,8.0,136.33,1.3300000000000125,25.0,30.0,69.36875485404087,55,-5.0,22.0,-0.09,137.0,3.0
2025-05-20 07:30:46,135.0,9.0,137.0,63.0,129.71,34.0,323.26,23.0,136.0,2.0,43.0,86.0,28.096715644359698,129,-43.0,74.0,-0.33,137.0,
2025-05-20 07:30:47,130.0,37.0,136.13,52.0,126.6,57.0,141.29,42.0,133.07,6.129999999999996,94.0,94.0,18.366227974192288,188,0.0,59.0,0.0,132.5,2.0
2025-05-20 07:30:48,132.0,80.0,136.11,46.0,114.5,8.0,137.18,28.0,134.05,4.110000000000014,88.0,74.0,1.3577297227359493,162,14.0,-26.0,0.09,135.29,7.0
2025-05-20 07:30:49,132.02,41.0,137.0,25.0,119.71,14.0,138.0,15.0,134.51,4.97999999999999,55.0,40.0,1.361991189399035,95,15.0,-67.0,0.16,135.29,
2025-05-20 07:30:50,133.92,13.0,137.0,65.0,132.11,85.0,138.0,39.0,135.46,3.0800000000000125,98.0,104.0,1.1564471453553478,202,-6.0,107.0,-0.03,135.29,
2025-05-20 07:30:51,136.0,10.0,137.05,20.0,131.69,91.0,140.5,30.0,136.53,1.0500000000000114,101.0,50.0,1.3265669979313433,151,51.0,-51.0,0.34,137.29,7.0
2025-05-20 07:30:52,131.24,63.0,137.08,25.0,115.62,40.0,175.09,11.0,134.16,5.840000000000003,103.0,36.0,1.046885858152959,139,67.0,-12.0,0.48,136.0,1.0
2025-05-20 07:30:53,131.0,70.0,136.0,21.0,65.73,11.0,139.0,7.0,133.5,5.0,81.0,28.0,1.1839636818756811,109,53.0,-30.0,0.49,136.0,
2025-05-20 07:30:54,131.0,120.0,202.69,35.0,105.67,36.0,265.88,25.0,166.84,71.69,156.0,60.0,14.326284235627986,216,96.0,107.0,0.44,135.25,4.0
2025-05-20 07:30:55,135.31,26.0,273.3,23.0,130.27,81.0,332.43,21.0,204.31,137.99,107.0,44.0,30.85990554100916,151,63.0,-65.0,0.42,135.25,
2025-05-20 07:30:56,132.62,78.0,231.33,45.0,130.76,102.0,267.12,43.0,181.97,98.71,180.0,88.0,30.726358879633143,268,92.0,117.0,0.34,138.0,2.0
2025-05-20 07:30:57,131.0,120.0,202.65,26.0,124.17,24.0,270.5,28.0,166.83,71.65,144.0,54.0,25.837767898950037,198,90.0,-70.0,0.45,136.0,3.0
2025-05-20 07:30:58,131.0,70.0,137.0,7.0,75.33,12.0,213.0,21.0,134.0,6.0,82.0,28.0,25.65819070004767,110,54.0,-88.0,0.49,136.0,
2025-05-20 07:30:59,131.0,70.0,157.6,15.0,111.89,9.0,304.44,25.0,144.3,26.599999999999994,79.0,40.0,28.363172777388836,119,39.0,9.0,0.33,137.0,1.0
2025-05-20 07:31:00,136.24,80.0,291.64,39.0,132.36,42.0,415.78,23.0,213.94,155.39999999999998,122.0,62.0,31.71942259878025,184,60.0,65.0,0.33,137.0,
2025-05-20 07:31:01,143.0,56.0,241.68,25.0,142.0,7.0,453.0,10.0,192.34,98.68,63.0,35.0,33.15094448126648,98,28.0,-86.0,0.29,137.0,
2025-05-20 07:31:02,143.0,48.0,278.8,20.0,142.0,6.0,346.0,16.0,210.9,135.8,54.0,36.0,37.56798211243207,90,18.0,-8.0,0.2,137.0,
2025-05-20 07:31:03,143.0,80.0,326.33,30.0,139.35,34.0,523.44,27.0,234.67,183.33,114.0,57.0,34.18092889317115,171,57.0,81.0,0.33,137.0,
2025-05-20 07:31:04,143.0,39.0,246.57,28.0,139.0,40.0,560.14,28.0,194.79,103.57,79.0,56.0,17.072670265662182,135,23.0,-36.0,0.17,143.0,5.0
2025-05-20 07:31:05,143.29,34.0,188.0,50.0,139.52,46.0,385.8,20.0,165.65,44.71000000000001,80.0,70.0,25.42644587825877,150,10.0,15.0,0.07,144.0,5.0
2025-05-20 07:31:06,143.0,15.0,188.0,25.0,139.0,25.0,540.25,16.0,165.5,45.0,40.0,41.0,29.81526236678156,81,-1.0,-69.0,-0.01,144.0,
2025-05-20 07:31:07,144.0,24.0,188.0,40.0,143.0,24.0,275.8,30.0,166.0,44.0,48.0,70.0,30.32369980724676,118,-22.0,37.0,-0.19,144.0,
2025-05-20 07:31:08,144.0,12.0,179.0,20.0,143.0,12.0,202.0,16.0,161.5,35.0,24.0,36.0,13.59779283560428,60,-12.0,-58.0,-0.2,144.0,
2025-05-20 07:31:09,144.0,24.0,154.2,54.0,143.0,36.0,196.8,50.0,149.1,10.199999999999989,60.0,104.0,7.197569034056361,164,-44.0,104.0,-0.27,144.0,2.0
2025-05-20 07:31:10,140.23,22.0,183.0,30.0,140.76,17.0,360.92,24.0,161.61,42.77000000000001,39.0,54.0,6.840125729839081,93,-15.0,-71.0,-0.16,142.56,9.0
2025-05-20 07:31:11,139.0,35.0,202.0,28.0,137.0,7.0,334.57,35.0,170.5,63.0,42.0,63.0,7.9801202998455585,105,-21.0,12.0,-0.2,142.56,
2025-05-20 07:31:12,139.25,32.0,202.0,32.0,138.79,14.0,376.0,40.0,170.62,62.75,46.0,72.0,8.81970407666877,118,-26.0,13.0,-0.22,142.56,
2025-05-20 07:31:13,142.78,9.0,200.75,44.0,141.03,31.0,234.97,37.0,171.76,57.97,40.0,81.0,9.636343704954122,121,-41.0,3.0,-0.34,142.33,3.0
2025-05-20 07:31:14,139.07,41.0,191.49,39.0,137.77,13.0,282.24,42.0,165.28,52.420000000000016,54.0,81.0,4.34372881289921,135,-27.0,14.0,-0.2,142.0,1.0
2025-05-20 07:31:15,141.53,19.0,157.35,23.0,139.95,21.0,180.14,22.0,149.44,15.819999999999991,40.0,45.0,9.33236304480326,85,-5.0,-50.0,-0.06,142.0,
2025-05-20 07:31:16,144.64,22.0,148.0,22.0,143.0,22.0,149.0,55.0,146.32,3.3600000000000136,44.0,77.0,11.992467635979132,121,-33.0,36.0,-0.27,142.0,
2025-05-20 07:31:17,147.69,39.0,149.0,35.0,144.71,14.0,439.32,19.0,148.35,1.3100000000000025,53.0,54.0,11.50532485417097,107,-1.0,-14.0,-0.01,148.0,2.0
2025-05-20 07:31:18,148.0,20.0,211.08,13.0,146.0,10.0,449.76,17.0,179.54,63.08000000000001,30.0,30.0,14.313974989499076,60,0.0,-47.0,0.0,148.0,5.0
2025-05-20 07:31:19,148.0,24.0,425.67,30.0,146.0,24.0,459.0,45.0,286.83,277.67,48.0,75.0,60.126684841258445,123,-27.0,63.0,-0.22,148.0,
2025-05-20 07:31:20,146.53,15.0,262.77,26.0,143.46,26.0,347.85,40.0,204.65,116.23999999999998,41.0,66.0,57.648748208439216,107,-25.0,-16.0,-0.23,147.33,3.0
2025-05-20 07:31:21,140.18,33.0,211.19,42.0,139.45,62.0,303.91,46.0,175.69,71.00999999999999,95.0,88.0,52.99410552127498,183,7.0,76.0,0.04,142.86,7.0
2025-05-20 07:31:22,139.0,33.0,225.0,15.0,137.0,64.0,268.16,25.0,182.0,86.0,97.0,40.0,46.71671617312192,137,57.0,-46.0,0.42,139.0,5.0
2025-05-20 07:31:23,144.62,8.0,201.93,30.0,141.6,20.0,218.33,18.0,173.28,57.31,28.0,48.0,47.66866213771926,76,-20.0,-61.0,-0.26,139.0,
2025-05-20 07:31:24,148.0,11.0,195.93,27.0,146.0,55.0,200.63,35.0,171.96,47.93000000000001,66.0,62.0,13.495437377129289,128,4.0,52.0,0.03,139.0,
2025-05-20 07:31:25,148.0,9.0,181.53,32.0,146.0,45.0,193.74,23.0,164.77,33.53,54.0,55.0,6.238409252366654,109,-1.0,-19.0,-0.01,139.0,
2025-05-20 07:31:26,148.0,9.0,159.15,26.0,146.0,45.0,160.85,26.0,153.58,11.150000000000006,54.0,52.0,10.626378498811883,106,2.0,-3.0,0.02,139.0,
2025-05-20 07:31:27,147.38,16.0,155.18,28.0,145.88,56.0,156.18,34.0,151.28,7.800000000000011,72.0,62.0,10.18803612086296,134,10.0,28.0,0.07,148.0,1.0
2025-05-20 07:31:28,146.0,50.0,152.0,35.0,141.4,25.0,153.46,39.0,149.0,6.0,75.0,74.0,9.827762715898563,149,1.0,15.0,0.01,146.0,3.0
2025-05-20 07:31:29,144.13,15.0,147.76,33.0,141.09,23.0,149.57,35.0,145.95,3.629999999999996,38.0,68.0,7.2023419802174935,106,-30.0,-43.0,-0.28,143.6,5.0
2025-05-20 07:31:30,140.8,10.0,143.62,26.0,137.46,26.0,146.24,29.0,142.21,2.819999999999993,36.0,55.0,4.466691169087127,91,-19.0,-15.0,-0.21,142.0,1.0
2025-05-20 07:31:31,141.0,31.0,142.08,26.0,139.0,11.0,144.6,25.0,141.54,1.0800000000000125,42.0,51.0,4.21712342717161,93,-9.0,2.0,-0.1,141.71,7.0
2025-05-20 07:31:32,137.43,37.0,163.1,42.0,136.67,49.0,217.4,42.0,150.26,25.669999999999987,86.0,84.0,3.91118524235295,170,2.0,77.0,0.01,141.25,4.0
2025-05-20 07:31:33,136.87,23.0,138.0,16.0,129.68,38.0,170.0,40.0,137.43,1.1299999999999957,61.0,56.0,4.848924623047692,117,5.0,-53.0,0.04,137.17,6.0
2025-05-20 07:31:34,136.0,90.0,167.07,42.0,119.96,94.0,254.11,37.0,151.54,31.069999999999997,184.0,79.0,6.055652731126415,263,105.0,146.0,0.4,137.4,5.0
2025-05-20 07:31:35,136.0,18.0,190.0,12.0,119.0,6.0,270.5,24.0,163.0,54.0,24.0,36.0,9.915305340734658,60,-12.0,-168.625,-0.2,137.4,
2025-05-20 07:31:36,136.8,15.0,206.73,22.0,135.11,19.0,276.4,20.0,171.76,69.92999999999998,34.0,42.0,13.113329859345589,76,-8.0,16.0,-0.11,137.4,
2025-05-20 07:31:37,137.23,26.0,195.55,40.0,136.0,39.0,249.0,40.0,166.39,58.32000000000002,65.0,80.0,13.689259658579283,145,-15.0,69.0,-0.1,137.4,
2025-05-20 07:31:38,138.0,14.0,286.0,14.0,136.0,21.0,356.64,25.0,212.0,148.0,35.0,39.0,23.058306963001737,74,-4.0,-71.0,-0.05,137.4,
2025-05-20 07:31:39,136.4,25.0,321.64,22.0,128.59,34.0,382.58,31.0,229.02,185.24,59.0,53.0,30.05589925455604,112,6.0,38.0,0.05,139.0,2.0
2025-05-20 07:31:40,136.0,36.0,242.54,39.0,127.0,48.0,567.62,34.0,189.27,106.54,84.0,73.0,26.5951888506178,157,11.0,45.0,0.07,139.0,
2025-05-20 07:31:41,126.5,32.0,198.18,11.0,102.3,40.0,506.11,27.0,162.34,71.68,72.0,38.0,28.78076145622322,110,34.0,-47.0,0.31,136.75,4.0
2025-05-20 07:31:42,135.83,47.0,369.1,20.0,100.86,35.0,663.0,24.0,252.46,233.27,82.0,44.0,34.874771970581165,126,38.0,16.0,0.3,140.0,2.0
2025-05-20 07:31:43,137.21,52.0,313.0,24.0,125.0,16.0,460.0,8.0,225.11,175.79,68.0,32.0,35.63946057392052,100,36.0,-26.0,0.36,137.0,1.0
2025-05-20 07:31:44,138.43,42.0,294.35,26.0,81.94,34.0,334.73,22.0,216.39,155.92000000000002,76.0,48.0,34.529984506223485,124,28.0,24.0,0.23,139.0,5.0
2025-05-20 07:31:45,139.38,13.0,227.45,11.0,119.27,30.0,361.0,33.0,183.42,88.07,43.0,44.0,35.457129466442055,87,-1.0,-37.0,-0.01,139.0,
2025-05-20 07:31:49,127.0,30.0,271.33,9.0,91.0,10.0,607.91,11.0,199.17,144.32999999999998,40.0,20.0,43.00829222370964,60,20.0,0.0,0.33,139.0,
2025-05-20 07:31:50,127.54,26.0,405.67,9.0,54.17,18.0,608.0,7.0,266.6,278.13,44.0,16.0,65.06076682609894,60,28.0,0.0,0.47,137.0,3.0
2025-05-20 07:31:51,145.33,36.0,248.4,10.0,66.55,22.0,612.67,18.0,196.87,103.07,58.0,28.0,55.46973021387456,86,30.0,26.0,0.35,147.0,1.0
2025-05-20 07:31:53,148.0,119.0,326.23,52.0,144.0,12.0,379.15,40.0,237.12,178.23000000000002,131.0,92.0,46.01286178885269,223,39.0,115.0,0.17,148.0,5.0
2025-05-20 07:31:54,148.0,35.0,262.14,21.0,144.0,5.0,268.42,19.0,205.07,114.14,40.0,40.0,44.73102893965285,80,0.0,-143.0,0.0,148.0,
2025-05-20 07:31:55,148.0,70.0,266.1,50.0,144.0,10.0,268.12,40.0,207.05,118.10000000000002,80.0,90.0,44.51751284607051,170,-10.0,90.0,-0.06,148.0,
2025-05-20 07:31:56,145.55,11.0,265.0,25.0,107.09,11.0,267.0,25.0,205.27,119.45,22.0,50.0,43.07910108161559,72,-28.0,-98.0,-0.39,146.4,10.0
2025-05-20 07:31:57,142.69,26.0,183.1,50.0,71.33,36.0,207.9,50.0,162.9,40.41,62.0,100.0,26.44268840341384,162,-38.0,90.0,-0.23,143.0,3.0
2025-05-20 07:31:58,142.0,134.0,146.2,54.0,76.33,54.0,147.45,55.0,144.1,4.199999999999989,188.0,109.0,29.415242137368605,297,79.0,135.0,0.27,143.0,
2025-05-20 07:31:59,142.0,100.0,143.96,25.0,77.5,24.0,156.39,23.0,142.98,1.960000000000008,124.0,48.0,31.77151947892984,172,76.0,-125.0,0.44,142.56,9.0
2025-05-20 07:32:00,143.0,32.0,159.06,33.0,142.0,112.0,348.38,16.0,151.03,16.060000000000002,144.0,49.0,25.849789747694487,193,95.0,21.0,0.49,142.56,
2025-05-20 07:32:01,143.78,58.0,195.88,32.0,142.1,155.0,380.67,30.0,169.83,52.1,213.0,62.0,11.81026121641712,275,151.0,82.0,0.55,143.0,1.0
2025-05-20 07:32:02,145.7,50.0,193.55,22.0,143.0,30.0,195.05,38.0,169.62,47.85000000000002,80.0,60.0,13.336171489599527,140,20.0,-135.0,0.14,143.0,
2025-05-20 07:32:03,146.0,40.0,191.75,16.0,143.0,24.0,195.0,32.0,168.88,45.75,64.0,48.0,12.620161250951211,112,16.0,-28.0,0.14,143.0,
2025-05-20 07:32:04,145.0,45.0,189.29,42.0,142.2,88.0,191.67,24.0,167.14,44.28999999999999,133.0,66.0,8.047021187993332,199,67.0,87.0,0.34,143.0,
2025-05-20 07:32:05,141.61,109.0,174.13,30.0,139.21,57.0,177.0,40.0,157.87,32.51999999999998,166.0,70.0,5.030732551032157,236,96.0,37.0,0.41,142.75,4.0
2025-05-20 07:32:06,139.06,32.0,173.2,20.0,137.5,40.0,288.88,32.0,156.13,34.139999999999986,72.0,52.0,6.4176763707756885,124,20.0,-112.0,0.16,142.75,
2025-05-20 07:32:07,142.52,25.0,186.15,52.0,141.62,39.0,329.0,39.0,164.34,43.63,64.0,91.0,5.633415482636785,155,-27.0,31.0,-0.17,145.0,1.0
2025-05-20 07:32:08,143.67,36.0,183.53,45.0,141.22,54.0,195.77,39.0,163.6,39.860000000000014,90.0,84.0,4.6314069136722535,174,6.0,19.0,0.03,143.5,4.0
2025-05-20 07:32:09,140.89,38.0,181.08,48.0,138.33,60.0,184.0,36.0,160.99,40.190000000000026,98.0,84.0,3.555717930321572,182,14.0,8.0,0.08,141.25,4.0
2025-05-20 07:32:10,139.03,40.0,179.59,41.0,137.1,58.0,181.4,43.0,159.31,40.56,98.0,84.0,3.332015906326156,182,14.0,0.0,0.08,141.25,
2025-05-20 07:32:11,142.73,33.0,177.96,28.0,139.04,25.0,179.04,28.0,160.35,35.23000000000002,58.0,56.0,2.157352544210408,114,2.0,-68.0,0.02,141.25,
2025-05-20 07:32:12,143.0,65.0,173.7,44.0,139.0,39.0,175.14,42.0,158.35,30.69999999999999,104.0,86.0,1.9943169256690951,190,18.0,76.0,0.09,141.25,
2025-05-20 07:32:13,143.0,70.0,168.48,50.0,139.0,42.0,169.69,48.0,155.74,25.47999999999999,112.0,98.0,2.0564094922969613,210,14.0,20.0,0.07,141.25,
2025-05-20 07:32:14,143.46,46.0,163.33,36.0,141.67,45.0,164.2,40.0,153.39,19.870000000000005,91.0,76.0,2.832175841999905,167,15.0,-43.0,0.09,144.0,3.0
2025-05-20 07:32:15,143.8,10.0,158.67,36.0,142.48,46.0,159.8,30.0,151.23,14.869999999999976,56.0,66.0,3.670860934441218,122,-10.0,-45.0,-0.08,143.2,5.0
2025-05-20 07:32:16,143.0,51.0,156.9,84.0,139.0,48.0,157.75,72.0,149.95,13.900000000000006,99.0,156.0,3.392583086676741,255,-57.0,133.0,-0.22,143.2,
2025-05-20 07:32:17,143.38,13.0,156.73,67.0,139.11,37.0,157.4,70.0,150.06,13.349999999999994,50.0,137.0,2.472413800318187,187,-87.0,-68.0,-0.47,143.2,
2025-05-20 07:32:18,146.36,11.0,155.11,27.0,141.91,11.0,156.23,31.0,150.74,8.75,22.0,58.0,1.3956468034581864,80,-36.0,-107.0,-0.45,144.33,3.0
2025-05-20 07:32:19,142.0,30.0,153.22,32.0,139.0,66.0,154.6,30.0,147.61,11.22,96.0,62.0,1.391499191520503,158,34.0,78.0,0.22,144.33,
2025-05-20 07:32:20,143.41,34.0,150.94,31.0,139.67,54.0,151.92,37.0,147.17,7.530000000000001,88.0,68.0,1.6030065502054849,156,20.0,-2.0,0.13,144.33,
2025-05-20 07:32:21,142.6,62.0,148.44,54.0,141.21,70.0,149.31,58.0,145.52,5.840000000000003,132.0,112.0,2.150616190769776,244,20.0,88.0,0.08,143.0,1.0
2025-05-20 07:32:22,143.0,66.0,144.85,34.0,142.0,36.0,148.61,38.0,143.93,1.8499999999999943,102.0,72.0,2.5496921382787177,174,30.0,-70.0,0.17,143.5,2.0
2025-05-20 07:32:23,142.25,40.0,144.0,24.0,140.58,24.0,149.0,48.0,143.12,1.75,64.0,72.0,1.9599872448562703,136,-8.0,-38.0,-0.06,143.0,5.0
2025-05-20 07:32:24,141.86,22.0,143.18,22.0,138.78,9.0,146.0,20.0,142.52,1.3199999999999932,31.0,42.0,1.891261483771764,73,-11.0,-63.0,-0.15,142.0,3.0
2025-05-20 07:32:25,137.62,29.0,141.65,23.0,136.5,24.0,142.88,16.0,139.64,4.030000000000001,53.0,39.0,2.1642042417474543,92,14.0,19.0,0.15,139.12,8.0
2025-05-20 07:32:26,137.0,120.0,139.36,22.0,120.09,102.0,141.14,14.0,138.18,2.3600000000000136,222.0,36.0,2.45200326263989,258,186.0,166.0,0.72,139.12,
2025-05-20 07:32:27,137.0,120.0,138.33,12.0,114.02,84.0,178.43,28.0,137.67,1.3300000000000125,204.0,40.0,2.484970824777596,244,164.0,-14.0,0.67,138.5,2.0
2025-05-20 07:32:28,137.0,90.0,178.23,13.0,104.98,61.0,275.47,30.0,157.62,41.22999999999999,151.0,43.0,8.319049224520654,194,108.0,-50.0,0.56,139.0,1.0
2025-05-20 07:32:29,137.0,100.0,320.3,47.0,93.0,26.0,572.43,37.0,228.65,183.3,126.0,84.0,39.07409077637007,210,42.0,16.0,0.2,139.0,
2025-05-20 07:32:30,138.91,33.0,312.63,38.0,135.41,37.0,368.6,43.0,225.77,173.72,70.0,81.0,46.027140580314345,151,-11.0,-59.0,-0.07,139.0,
2025-05-20 07:32:31,139.5,48.0,291.02,45.0,112.38,39.0,341.2,45.0,215.26,151.51999999999998,87.0,90.0,42.28905331170266,177,-3.0,26.0,-0.02,139.6,5.0
2025-05-20 07:32:32,137.0,80.0,290.5,20.0,120.19,48.0,489.96,24.0,213.75,153.5,128.0,44.0,29.008142822318685,172,84.0,-5.0,0.49,139.6,
2025-05-20 07:32:33,137.0,88.0,182.69,16.0,132.38,24.0,369.7,44.0,159.84,45.69,112.0,60.0,28.04109716113189,172,52.0,0.0,0.3,139.6,
2025-05-20 07:32:34,138.26,114.0,154.0,11.0,136.4,60.0,317.0,33.0,146.13,15.740000000000007,174.0,44.0,36.37551717845437,218,130.0,46.0,0.6,139.6,
2025-05-20 07:32:35,139.0,278.0,152.21,19.0,137.0,128.0,260.26,46.0,145.61,13.210000000000008,406.0,65.0,35.507939534701514,471,341.0,168.375,0.72,139.0,1.0
2025-05-20 07:32:36,140.44,156.0,148.87,38.0,139.09,201.0,149.66,47.0,144.66,8.430000000000007,357.0,85.0,29.596843919580525,442,272.0,-29.0,0.62,139.0,
2025-05-20 07:32:37,146.0,24.0,147.32,38.0,142.0,143.0,262.42,19.0,146.66,1.3199999999999932,167.0,57.0,6.337661240552618,224,110.0,-168.625,0.49,146.0,1.0
2025-05-20 07:32:38,142.25,64.0,146.14,28.0,139.91,86.0,148.0,7.0,144.2,3.8899999999999855,150.0,35.0,1.0171872983876882,185,115.0,-39.0,0.62,144.67,3.0
2025-05-20 07:32:39,142.0,108.0,143.89,36.0,139.0,54.0,148.0,9.0,142.94,1.8899999999999864,162.0,45.0,1.4101347453349558,207,117.0,22.0,0.57,144.67,
2025-05-20 07:32:40,142.18,88.0,147.05,19.0,140.2,40.0,286.24,34.0,144.62,4.8700000000000045,128.0,53.0,1.338088188424349,181,75.0,-26.0,0.41,142.5,8.0
2025-05-20 07:32:41,143.5,112.0,146.21,57.0,142.0,120.0,206.06,32.0,144.86,2.710000000000008,232.0,89.0,1.3427136701474296,321,143.0,140.0,0.45,144.0,4.0
2025-05-20 07:32:42,144.0,38.0,145.21,70.0,142.0,112.0,192.74,23.0,144.61,1.210000000000008,150.0,93.0,0.7676457516332369,243,57.0,-78.0,0.23,144.0,2.0
2025-05-20 07:32:43,142.0,134.0,251.16,32.0,139.25,32.0,536.14,59.0,196.58,109.16,166.0,91.0,23.411907654012445,257,75.0,14.0,0.29,143.33,3.0
2025-05-20 07:32:44,142.37,49.0,229.67,6.0,141.23,13.0,379.0,24.0,186.02,87.29999999999998,62.0,30.0,25.797488637462585,92,32.0,-165.0,0.35,143.33,
2025-05-20 07:32:45,144.0,98.0,176.25,32.0,142.0,88.0,273.93,30.0,160.12,32.25,186.0,62.0,23.8431524761306,248,124.0,156.0,0.5,144.0,1.0
2025-05-20 07:32:46,144.0,31.0,176.0,15.0,142.0,40.0,325.0,25.0,160.0,32.0,71.0,40.0,21.2366282634512,111,31.0,-137.0,0.28,144.0,3.0
2025-05-20 07:32:47,148.0,16.0,175.33,18.0,144.0,40.0,229.21,28.0,161.67,27.330000000000013,56.0,46.0,17.238950664121532,102,10.0,-9.0,0.1,144.0,
2025-05-20 07:32:48,146.29,28.0,173.11,27.0,143.11,72.0,175.45,33.0,159.7,26.82000000000002,100.0,60.0,11.49536515296544,160,40.0,58.0,0.25,146.0,4.0
2025-05-20 07:32:49,142.28,65.0,169.8,25.0,141.5,32.0,171.87,30.0,156.04,27.52000000000001,97.0,55.0,2.082949831371059,152,42.0,-8.0,0.28,143.5,4.0
2025-05-20 07:32:50,142.0,28.0,165.5,16.0,140.0,4.0,166.38,13.0,153.75,23.5,32.0,29.0,3.2401342564788864,61,3.0,-91.0,0.05,143.5,
2025-05-20 07:32:51,142.0,56.0,160.65,17.0,140.0,8.0,162.15,20.0,151.32,18.65000000000001,64.0,37.0,4.230109927650459,101,27.0,40.0,0.27,143.5,
2025-05-20 07:32:52,142.0,64.0,158.3,20.0,140.0,10.0,159.6,20.0,150.15,16.30000000000001,74.0,40.0,3.8253980185080874,114,34.0,13.0,0.3,143.5,
2025-05-20 07:32:53,142.0,48.0,153.3,27.0,140.0,12.0,154.24,42.0,147.65,11.300000000000011,60.0,69.0,3.238590742901009,129,-9.0,15.0,-0.07,143.5,
2025-05-20 07:32:54,142.22,81.0,148.02,54.0,140.89,27.0,149.91,69.0,145.12,5.800000000000011,108.0,123.0,3.330025525428112,231,-15.0,102.0,-0.06,142.0,3.0
2025-05-20 07:32:55,142.33,27.0,144.35,23.0,140.25,24.0,148.52,27.0,143.34,2.019999999999982,51.0,50.0,3.339390662980523,101,1.0,-130.0,0.01,142.62,8.0
2025-05-20 07:32:56,139.21,28.0,141.54,26.0,138.55,31.0,184.53,19.0,140.38,2.329999999999984,59.0,45.0,3.778937681412631,104,14.0,3.0,0.13,139.5,2.0
2025-05-20 07:32:57,140.0,65.0,171.0,13.0,139.0,27.0,335.17,23.0,155.5,31.0,92.0,36.0,5.736176426854467,128,56.0,24.0,0.44,140.0,3.0
2025-05-20 07:32:58,141.0,63.0,189.77,13.0,140.0,74.0,280.54,26.0,165.38,48.77000000000001,137.0,39.0,10.337953375789764,176,98.0,48.0,0.56,140.0,
2025-05-20 07:32:59,141.6,30.0,256.71,7.0,140.47,38.0,459.38,16.0,199.16,115.11,68.0,23.0,23.67684776316327,91,45.0,-85.0,0.49,141.0,1.0
2025-05-20 07:33:00,142.0,28.0,337.7,10.0,141.0,42.0,551.63,27.0,239.85,195.7,70.0,37.0,39.7896102016597,107,33.0,16.0,0.31,142.0,2.0
2025-05-20 07:33:01,142.29,34.0,241.0,14.0,140.75,48.0,537.4,25.0,191.65,98.71,82.0,39.0,33.04379926703387,121,43.0,14.0,0.36,141.89,9.0
2025-05-20 07:33:02,139.71,14.0,162.24,34.0,138.5,18.0,164.25,16.0,150.97,22.53,32.0,50.0,34.27589488255599,82,-18.0,-39.0,-0.22,141.89,
2025-05-20 07:33:03,139.0,21.0,163.41,17.0,136.0,7.0,282.14,14.0,151.21,24.41,28.0,31.0,37.21814906735725,59,-3.0,-23.0,-0.05,141.89,
2025-05-20 07:33:04,140.72,43.0,164.0,18.0,138.74,23.0,259.0,9.0,152.36,23.28,66.0,27.0,39.097133142981455,93,39.0,34.0,0.42,141.0,2.0
2025-05-20 07:33:05,141.44,27.0,163.5,24.0,139.36,33.0,280.25,16.0,152.47,22.06,60.0,40.0,17.855243487558717,100,20.0,7.0,0.2,141.0,3.0
2025-05-20 07:33:06,143.0,18.0,162.67,18.0,141.0,18.0,319.77,13.0,152.83,19.669999999999987,36.0,31.0,0.8245119768704819,67,5.0,-33.0,0.07,141.0,
2025-05-20 07:33:07,140.8,15.0,161.0,18.0,139.4,15.0,359.59,17.0,150.9,20.19999999999999,30.0,35.0,0.8460082741929031,65,-5.0,-2.0,-0.08,141.0,2.0
2025-05-20 07:33:08,139.0,27.0,158.78,18.0,136.33,9.0,289.0,9.0,148.89,19.78,36.0,27.0,1.6294937864265076,63,9.0,-2.0,0.14,141.0,
2025-05-20 07:33:09,139.0,33.0,156.36,22.0,136.82,11.0,388.82,11.0,147.68,17.360000000000014,44.0,33.0,2.2360523249696103,77,11.0,14.0,0.14,141.0,
2025-05-20 07:33:10,144.99,73.0,155.55,22.0,143.07,81.0,482.8,15.0,150.27,10.560000000000002,154.0,37.0,1.9647722514331576,191,117.0,114.0,0.61,141.0,
2025-05-20 07:33:11,146.11,57.0,154.26,47.0,143.62,119.0,227.9,20.0,150.18,8.149999999999977,176.0,67.0,1.2907865818954625,243,109.0,52.0,0.45,146.4,5.0
2025-05-20 07:33:12,144.0,79.0,152.8,40.0,139.32,22.0,153.67,49.0,148.4,8.800000000000011,101.0,89.0,1.127444011914139,190,12.0,-53.0,0.06,144.0,6.0
2025-05-20 07:33:13,144.29,42.0,148.29,52.0,141.2,41.0,149.89,55.0,146.29,4.0,83.0,107.0,1.6956798046803292,190,-24.0,0.0,-0.13,144.0,
2025-05-20 07:33:14,145.0,10.0,146.0,40.0,144.0,30.0,151.0,40.0,145.5,1.0,40.0,80.0,2.1884629309176016,120,-40.0,-70.0,-0.33,145.0,5.0
2025-05-20 07:33:15,143.42,19.0,147.29,34.0,142.19,31.0,170.94,36.0,145.36,3.870000000000005,50.0,70.0,2.086235844769193,120,-20.0,0.0,-0.17,144.25,4.0
2025-05-20 07:33:16,142.0,48.0,152.86,28.0,139.0,37.0,177.1,40.0,147.43,10.860000000000014,85.0,68.0,1.3012032892670884,153,17.0,33.0,0.11,144.25,
2025-05-20 07:33:17,142.0,40.0,149.17,24.0,137.25,16.0,150.44,18.0,145.58,7.169999999999988,56.0,42.0,0.8602150893812373,98,14.0,-55.0,0.14,144.25,
2025-05-20 07:33:18,142.0,69.0,146.56,36.0,139.0,9.0,148.0,9.0,144.28,4.560000000000002,78.0,45.0,1.135209231815424,123,33.0,25.0,0.27,144.25,
2025-05-20 07:33:19,142.0,120.0,145.69,29.0,139.0,8.0,146.59,17.0,143.84,3.6899999999999977,128.0,46.0,1.395607394648937,174,82.0,51.0,0.47,145.0,3.0
2025-05-20 07:33:20,142.0,180.0,146.0,48.0,139.0,12.0,148.0,12.0,144.0,4.0,192.0,60.0,1.5084694229578035,252,132.0,78.0,0.52,145.0,
2025-05-20 07:33:21,142.83,65.0,158.38,13.0,142.09,95.0,163.13,45.0,150.61,15.549999999999985,160.0,58.0,2.8496175181941577,218,102.0,-34.0,0.47,143.43,7.0
2025-05-20 07:33:22,143.0,40.0,203.0,24.0,142.0,104.0,444.75,36.0,173.0,60.0,144.0,60.0,12.544615578008042,204,84.0,-14.0,0.41,143.43,
2025-05-20 07:33:23,143.0,32.0,335.41,34.0,142.0,130.0,411.0,30.0,239.21,192.41000000000005,162.0,64.0,40.4204610315124,226,98.0,22.0,0.43,143.0,3.0
2025-05-20 07:33:24,143.0,16.0,202.0,40.0,142.0,104.0,391.0,24.0,172.5,59.0,120.0,64.0,37.70050967825258,184,56.0,-42.0,0.3,143.0,
2025-05-20 07:33:25,143.0,18.0,202.0,45.0,142.0,29.0,468.22,27.0,172.5,59.0,47.0,72.0,33.61125451392761,119,-25.0,-65.0,-0.21,143.0,
2025-05-20 07:33:29,142.64,33.0,290.93,41.0,141.08,52.0,497.69,36.0,216.78,148.29000000000002,85.0,77.0,74.74647396365974,162,8.0,67.0,0.05,142.75,4.0
2025-05-20 07:33:30,140.49,37.0,419.83,29.0,139.72,25.0,632.7,33.0,280.16,279.34,62.0,62.0,51.5269146175091,124,0.0,-38.0,0.0,141.2,5.0
2025-05-20 07:33:31,140.0,36.0,208.35,34.0,139.0,9.0,333.0,32.0,174.18,68.35,45.0,66.0,73.7408999809472,111,-21.0,-13.0,-0.19,141.2,
2025-05-20 07:33:32,140.0,33.0,308.53,30.0,139.0,9.0,460.0,30.0,224.27,168.52999999999997,42.0,60.0,55.18145458394557,102,-18.0,-9.0,-0.18,140.0,1.0
2025-05-20 07:33:33,137.29,31.0,345.1,50.0,136.45,11.0,373.38,32.0,241.2,207.81000000000003,42.0,82.0,38.49991454536023,124,-40.0,22.0,-0.32,139.75,4.0
2025-05-20 07:33:34,139.77,26.0,342.58,43.0,135.84,25.0,344.71,41.0,241.18,202.81,51.0,84.0,38.376448767441246,135,-33.0,11.0,-0.24,139.75,
2025-05-20 07:33:35,144.11,18.0,330.92,38.0,137.47,38.0,338.58,26.0,237.52,186.81,56.0,64.0,28.52780923940773,120,-8.0,-15.0,-0.07,139.75,
2025-05-20 07:33:36,148.0,12.0,324.3,54.0,143.0,24.0,325.22,50.0,236.15,176.3,36.0,104.0,6.960203301631648,140,-68.0,20.0,-0.49,139.75,
2025-05-20 07:33:37,148.0,12.0,300.51,43.0,143.0,24.0,295.83,46.0,224.26,152.51,36.0,89.0,6.96443967595701,125,-53.0,-15.0,-0.42,139.75,
2025-05-20 07:33:38,138.82,17.0,171.27,33.0,136.66,41.0,171.63,35.0,155.05,32.45000000000002,58.0,68.0,36.21530850344968,126,-10.0,1.0,-0.08,142.4,5.0
2025-05-20 07:33:39,138.96,26.0,168.28,36.0,136.0,42.0,170.0,28.0,153.62,29.319999999999997,68.0,64.0,43.20305371151472,132,4.0,6.0,0.03,142.4,
2025-05-20 07:33:40,139.48,126.0,163.04,52.0,137.67,88.0,163.21,52.0,151.26,23.56,214.0,104.0,42.348026754502,318,110.0,168.375,0.35,141.0,5.0
2025-05-20 07:33:41,140.22,147.0,155.31,67.0,137.24,87.0,156.76,63.0,147.77,15.090000000000003,234.0,130.0,32.466238925998326,364,104.0,46.0,0.29,139.0,1.0
2025-05-20 07:33:42,144.45,22.0,150.88,32.0,143.51,71.0,153.2,30.0,147.66,6.430000000000007,93.0,62.0,3.350264168689004,155,31.0,-168.625,0.2,139.0,
2025-05-20 07:33:43,144.11,63.0,146.93,57.0,143.42,86.0,148.26,47.0,145.52,2.819999999999993,149.0,104.0,3.230058822993854,253,45.0,98.0,0.18,144.5,4.0
2025-05-20 07:33:44,143.58,36.0,144.96,25.0,141.11,38.0,148.6,10.0,144.27,1.3799999999999957,74.0,35.0,2.663706064865167,109,39.0,-144.0,0.36,143.43,7.0
2025-05-20 07:33:45,140.14,14.0,144.0,9.0,137.11,65.0,223.6,15.0,142.07,3.8600000000000136,79.0,24.0,2.4024924557630936,103,55.0,-6.0,0.53,139.8,5.0
2025-05-20 07:33:46,137.6,30.0,143.3,10.0,134.35,62.0,449.04,26.0,140.45,5.700000000000017,92.0,36.0,2.833113128697448,128,56.0,25.0,0.44,139.0,2.0
2025-05-20 07:33:47,136.18,68.0,142.11,9.0,107.69,117.0,337.57,28.0,139.14,5.930000000000007,185.0,37.0,2.632004939204528,222,148.0,94.0,0.67,136.0,1.0
2025-05-20 07:33:48,137.67,36.0,220.14,37.0,136.0,72.0,327.84,38.0,178.9,82.47,108.0,75.0,16.842833193973057,183,33.0,-39.0,0.18,141.0,1.0
2025-05-20 07:33:49,138.45,44.0,280.04,25.0,136.0,66.0,290.41,54.0,209.25,141.59000000000003,110.0,79.0,31.23440522884993,189,31.0,6.0,0.16,141.0,
2025-05-20 07:33:50,138.76,59.0,187.29,34.0,135.74,93.0,198.33,57.0,163.03,48.53,152.0,91.0,29.24011337187341,243,61.0,54.0,0.25,140.6,5.0
2025-05-20 07:33:51,136.33,36.0,171.89,18.0,134.0,54.0,178.86,21.0,154.11,35.559999999999974,90.0,39.0,26.772094240085345,129,51.0,-114.0,0.4,140.6,
2025-05-20 07:33:52,137.0,54.0,166.56,18.0,134.0,81.0,168.0,45.0,151.78,29.56,135.0,63.0,23.67919403189247,198,72.0,69.0,0.36,140.6,
2025-05-20 07:33:53,137.0,66.0,164.45,22.0,134.0,99.0,204.44,45.0,150.73,27.44999999999999,165.0,67.0,24.7784926902346,232,98.0,34.0,0.42,140.6,
2025-05-20 07:33:54,137.36,28.0,163.0,10.0,134.92,39.0,180.0,20.0,150.18,25.639999999999983,67.0,30.0,5.285851870796548,97,37.0,-135.0,0.38,140.6,
2025-05-20 07:33:55,138.61,36.0,162.25,16.0,137.21,47.0,516.58,33.0,150.43,23.639999999999983,83.0,49.0,1.6090463013853875,132,34.0,35.0,0.26,140.6,
2025-05-20 07:33:56,142.73,71.0,162.0,22.0,140.88,51.0,299.0,50.0,152.37,19.27000000000001,122.0,72.0,0.9364133702600616,194,50.0,62.0,0.26,140.6,
2025-05-20 07:33:57,143.08,62.0,161.56,18.0,142.13,46.0,300.92,24.0,152.32,18.47999999999999,108.0,42.0,1.0579839318259323,150,66.0,-44.0,0.44,143.0,3.0
2025-05-20 07:33:58,144.85,65.0,161.0,26.0,143.0,78.0,330.77,26.0,152.92,16.150000000000006,143.0,52.0,1.2479302865152704,195,91.0,45.0,0.47,143.0,
2025-05-20 07:33:59,145.84,93.0,159.3,46.0,143.0,90.0,190.83,36.0,152.57,13.460000000000008,183.0,82.0,0.9748179317197464,265,101.0,70.0,0.38,146.0,3.0
2025-05-20 07:34:00,145.82,92.0,155.29,70.0,143.84,114.0,155.78,32.0,150.55,9.47,206.0,102.0,0.9228380139560654,308,104.0,43.0,0.34,145.5,10.0
2025-05-20 07:34:01,145.09,44.0,149.17,29.0,143.29,84.0,150.63,19.0,147.13,4.079999999999984,128.0,48.0,2.3992227908224244,176,80.0,-132.0,0.45,145.5,
2025-05-20 07:34:02,143.41,39.0,147.03,34.0,143.33,36.0,147.43,37.0,145.22,3.620000000000005,75.0,71.0,3.3911900566026847,146,4.0,-30.0,0.03,144.17,6.0
2025-05-20 07:34:03,143.0,36.0,144.67,27.0,142.0,24.0,146.33,27.0,143.83,1.6699999999999875,60.0,54.0,3.645668662947842,114,6.0,-32.0,0.05,144.0,2.0
2025-05-20 07:34:04,143.0,17.0,144.0,40.0,142.0,16.0,145.0,16.0,143.5,1.0,33.0,56.0,2.895518951759584,89,-23.0,-25.0,-0.26,143.0,1.0
2025-05-20 07:34:05,142.83,18.0,163.6,10.0,141.54,13.0,326.29,14.0,153.22,20.769999999999985,31.0,24.0,3.977769475472305,55,7.0,-34.0,0.13,143.4,10.0
2025-05-20 07:34:06,142.1,10.0,301.87,15.0,140.2,10.0,604.43,23.0,221.98,159.77,20.0,38.0,34.0133929504248,58,-18.0,3.0,-0.31,143.4,
2025-05-20 07:34:07,140.0,18.0,331.85,13.0,137.8,25.0,440.03,31.0,235.92,191.85,43.0,44.0,45.40532347643851,87,-1.0,29.0,-0.01,141.25,4.0
2025-05-20 07:34:08,139.0,30.0,412.11,27.0,137.0,45.0,477.73,33.0,275.56,273.11,75.0,60.0,56.3052668939597,135,15.0,48.0,0.11,141.25,
2025-05-20 07:34:09,139.0,16.0,310.11,9.0,137.0,24.0,429.27,15.0,224.56,171.11,40.0,24.0,44.15703477363537,64,16.0,-71.0,0.25,141.25,
2025-05-20 07:34:10,139.0,20.0,207.89,18.0,137.0,30.0,300.67,12.0,173.44,68.88999999999999,50.0,30.0,36.52040963625744,80,20.0,16.0,0.25,141.25,
2025-05-20 07:34:11,139.0,18.0,205.67,18.0,136.6,15.0,269.0,9.0,172.33,66.66999999999999,33.0,27.0,43.97510909594244,60,6.0,-20.0,0.1,141.25,
2025-05-20 07:34:12,138.33,18.0,188.64,11.0,136.75,16.0,199.27,15.0,163.48,50.30999999999997,34.0,26.0,47.69622815275892,60,8.0,0.0,0.13,141.25,
2025-05-20 07:34:13,137.55,29.0,188.43,35.0,136.77,31.0,194.44,25.0,162.99,50.88,60.0,60.0,25.727701996097927,120,0.0,60.0,0.0,139.0,1.0
2025-05-20 07:34:14,138.16,25.0,186.15,33.0,136.68,19.0,187.03,72.0,162.16,47.99000000000001,44.0,105.0,5.516035714171503,149,-61.0,29.0,-0.41,140.67,3.0
2025-05-20 07:34:15,140.67,33.0,185.12,16.0,136.6,5.0,186.26,19.0,162.9,44.45000000000002,38.0,35.0,4.251325675599859,73,3.0,-76.0,0.04,138.0,1.0
2025-05-20 07:34:16,139.8,20.0,182.9,20.0,136.14,7.0,183.83,29.0,161.35,43.1,27.0,49.0,0.8321237888761169,76,-22.0,3.0,-0.29,141.0,1.0
2025-05-20 07:34:17,137.0,9.0,180.6,10.0,136.0,9.0,182.24,21.0,158.8,43.6,18.0,31.0,1.7197528892294822,49,-13.0,-27.0,-0.27,141.0,
2025-05-20 07:34:31,131.58,19.0,134.0,42.0,72.83,36.0,137.0,28.0,132.79,2.4199999999999875,55.0,70.0,1.8139818080684484,125,-15.0,47.0,-0.12,141.0,
2025-05-20 07:34:32,132.57,7.0,134.0,16.0,96.5,12.0,137.0,12.0,133.29,1.4300000000000068,19.0,28.0,1.9787293902915808,47,-9.0,-78.0,-0.19,134.0,5.0
2025-05-20 07:34:33,111.71,21.0,136.0,6.0,61.0,30.0,137.33,12.0,123.86,24.290000000000006,51.0,18.0,3.760299190224536,69,33.0,22.0,0.48,134.43,7.0
2025-05-20 07:34:39,114.0,126.0,136.0,18.0,67.78,72.0,137.0,45.0,125.0,22.0,198.0,63.0,28.51463080595653,261,135.0,-95.0,0.52,135.0,2.0
2025-05-20 07:34:40,114.07,88.0,135.84,19.0,89.31,104.0,136.96,47.0,124.96,21.77000000000001,192.0,66.0,14.247256928967085,258,126.0,-3.0,0.49,135.0,
2025-05-20 07:34:42,125.67,57.0,136.97,29.0,118.55,11.0,227.38,37.0,131.32,11.299999999999995,68.0,66.0,4.550340646589127,134,2.0,13.0,0.01,136.75,4.0
2025-05-20 07:34:46,127.8,15.0,136.38,26.0,96.91,115.0,156.91,22.0,132.09,8.579999999999998,130.0,48.0,2.9019769123828105,178,82.0,124.0,0.46,136.75,
2025-05-20 07:34:47,137.21,29.0,179.76,37.0,113.7,27.0,266.2,35.0,158.48,42.54999999999998,56.0,72.0,13.81110241798261,128,-16.0,-50.0,-0.12,135.86,7.0
2025-05-20 07:34:48,143.63,27.0,199.06,35.0,142.68,38.0,367.4,30.0,171.34,55.43000000000001,65.0,65.0,20.280435153122564,130,0.0,2.0,0.0,145.0,1.0
2025-05-20 07:34:49,144.0,16.0,215.7,23.0,143.0,64.0,396.04,27.0,179.85,71.69999999999999,80.0,50.0,23.04823312100115,130,30.0,0.0,0.23,145.0,
2025-05-20 07:34:50,144.0,14.0,267.32,19.0,143.0,56.0,343.86,21.0,205.66,123.32,70.0,40.0,27.106276579420157,110,30.0,-20.0,0.27,145.0,
2025-05-20 07:34:51,144.0,18.0,345.5,24.0,143.0,78.0,373.46,28.0,244.75,201.5,96.0,52.0,34.15847376567098,148,44.0,38.0,0.3,145.0,
2025-05-20 07:34:52,144.0,12.0,213.8,20.0,143.0,60.0,344.0,20.0,178.9,69.80000000000001,72.0,40.0,30.12962080743856,112,32.0,-36.0,0.29,145.0,
2025-05-20 07:34:53,143.18,61.0,213.0,16.0,142.86,35.0,482.96,23.0,178.09,69.82,96.0,39.0,28.867655775972445,135,57.0,23.0,0.42,144.0,2.0
2025-05-20 07:34:54,144.7,20.0,212.1,20.0,143.0,100.0,467.2,40.0,178.4,67.4,120.0,60.0,29.095051984831287,180,60.0,45.0,0.33,144.0,5.0
2025-05-20 07:34:55,144.05,44.0,208.54,24.0,142.97,103.0,296.38,45.0,176.29,64.48999999999998,147.0,69.0,29.90349360860754,216,78.0,36.0,0.36,145.0,2.0
2025-05-20 07:34:56,148.0,12.0,180.7,20.0,143.0,120.0,192.0,17.0,164.35,32.69999999999999,132.0,37.0,6.148018379935469,169,95.0,-47.0,0.56,145.0,
2025-05-20 07:34:57,148.0,17.0,178.54,26.0,143.0,170.0,179.28,25.0,163.27,30.539999999999992,187.0,51.0,7.601901078021396,238,136.0,69.0,0.57,145.0,
2025-05-20 07:34:58,148.0,13.0,171.39,18.0,143.0,130.0,173.43,21.0,159.69,23.389999999999983,143.0,39.0,8.379075127961386,182,104.0,-56.0,0.57,145.0,
2025-05-20 07:34:59,143.08,61.0,150.21,14.0,142.5,20.0,151.0,16.0,146.65,7.129999999999996,81.0,30.0,10.633503655899023,111,51.0,-71.0,0.46,144.0,5.0
2025-05-20 07:35:00,143.0,42.0,147.0,7.0,142.0,7.0,148.43,7.0,145.0,4.0,49.0,14.0,9.27897731433886,63,35.0,-48.0,0.56,144.0,
2025-05-20 07:35:01,142.58,31.0,144.78,18.0,140.22,63.0,145.47,15.0,143.68,2.1999999999999886,94.0,33.0,9.116044646666314,127,61.0,64.0,0.48,142.67,9.0
2025-05-20 07:35:02,140.59,34.0,143.93,14.0,139.7,89.0,145.08,25.0,142.26,3.3400000000000034,123.0,39.0,7.028671994054912,162,84.0,35.0,0.52,142.0,1.0
2025-05-20 07:35:03,141.58,117.0,189.38,26.0,139.56,131.0,240.97,36.0,165.48,47.79999999999998,248.0,62.0,9.566842739379188,310,186.0,148.0,0.6,142.0,7.0
2025-05-20 07:35:04,142.0,44.0,304.09,44.0,139.0,88.0,341.96,23.0,223.05,162.08999999999995,132.0,67.0,34.40772703914077,199,65.0,-111.0,0.33,142.0,
2025-05-20 07:35:05,142.0,28.0,193.0,28.0,139.0,56.0,194.0,28.0,167.5,51.0,84.0,56.0,32.75033099069414,140,28.0,-59.0,0.2,142.0,
2025-05-20 07:35:06,143.5,30.0,185.44,41.0,142.0,40.0,188.33,42.0,164.47,41.94,70.0,83.0,30.035428580262053,153,-13.0,13.0,-0.08,142.0,
2025-05-20 07:35:07,145.0,22.0,168.8,40.0,142.0,40.0,171.9,40.0,156.9,23.80000000000001,62.0,80.0,26.89340904385355,142,-18.0,-11.0,-0.13,145.0,2.0
2025-05-20 07:35:08,142.27,67.0,166.12,57.0,139.9,80.0,168.23,52.0,154.2,23.849999999999994,147.0,109.0,28.374339287462234,256,38.0,114.0,0.15,143.5,2.0
2025-05-20 07:35:09,142.0,143.0,163.69,52.0,138.89,76.0,166.23,52.0,152.85,21.69,219.0,104.0,6.466724827918368,323,115.0,67.0,0.36,143.5,
2025-05-20 07:35:10,142.0,110.0,161.1,40.0,137.0,10.0,166.0,40.0,151.55,19.099999999999994,120.0,80.0,5.13604225060641,200,40.0,-123.0,0.2,143.5,
2025-05-20 07:35:11,142.0,143.0,160.31,52.0,138.54,13.0,166.0,52.0,151.15,18.31,156.0,104.0,2.326639207099546,260,52.0,60.0,0.2,143.5,
2025-05-20 07:35:12,142.0,99.0,159.78,36.0,139.0,9.0,166.0,36.0,150.89,17.78,108.0,72.0,1.381817643544953,180,36.0,-80.0,0.2,143.5,
2025-05-20 07:35:13,142.02,125.0,152.0,46.0,140.36,22.0,156.76,42.0,147.01,9.97999999999999,147.0,88.0,2.1908445860013237,235,59.0,55.0,0.25,142.0,1.0
2025-05-20 07:35:14,142.29,82.0,145.71,70.0,141.89,127.0,193.84,67.0,144.0,3.420000000000016,209.0,137.0,3.302468773510257,346,72.0,111.0,0.21,144.0,4.0
2025-05-20 07:35:15,141.93,54.0,214.67,12.0,138.74,19.0,415.24,25.0,178.3,72.73999999999998,73.0,37.0,13.754819155481956,110,36.0,-168.625,0.33,142.0,10.0
2025-05-20 07:35:16,141.2,15.0,178.0,30.0,138.2,60.0,388.27,55.0,159.6,36.80000000000001,75.0,85.0,13.794692820067226,160,-10.0,50.0,-0.06,142.0,
2025-05-20 07:35:17,143.0,7.0,178.0,14.0,140.0,7.0,406.0,21.0,160.5,35.0,14.0,35.0,13.579492626752122,49,-21.0,-111.0,-0.43,142.0,
2025-05-20 07:35:18,143.0,9.0,282.86,21.0,140.0,9.0,452.08,37.0,212.93,139.86,18.0,58.0,26.365712203542355,76,-40.0,27.0,-0.53,142.0,
2025-05-20 07:35:19,143.67,18.0,370.97,34.0,141.2,10.0,543.1,50.0,257.32,227.30000000000004,28.0,84.0,41.59177442716328,112,-56.0,36.0,-0.5,144.0,4.0
2025-05-20 07:35:20,145.27,11.0,365.11,35.0,143.0,11.0,409.77,47.0,255.19,219.84,22.0,82.0,48.15686628093694,104,-60.0,-8.0,-0.58,144.0,
2025-05-20 07:35:21,146.0,6.0,186.5,18.0,143.0,6.0,295.38,24.0,166.25,40.5,12.0,42.0,46.511441280614406,54,-30.0,-50.0,-0.56,144.0,
2025-05-20 07:35:22,146.0,13.0,168.74,53.0,143.0,83.0,234.49,43.0,157.37,22.74000000000001,96.0,96.0,47.36482365638071,192,0.0,138.0,0.0,144.0,
2025-05-20 07:35:23,143.09,102.0,167.0,36.0,142.36,42.0,250.83,36.0,155.04,23.91,144.0,72.0,53.13592410036771,216,72.0,24.0,0.33,144.0,
2025-05-20 07:35:24,143.0,97.0,148.94,48.0,140.0,16.0,270.45,62.0,145.97,5.939999999999998,113.0,110.0,44.87290808494619,223,3.0,7.0,0.01,143.0,7.0
2025-05-20 07:35:25,143.0,40.0,145.8,30.0,140.0,10.0,323.0,50.0,144.4,2.800000000000012,50.0,80.0,8.92963773061493,130,-30.0,-93.0,-0.23,143.0,
2025-05-20 07:35:28,141.0,11.0,346.57,23.0,140.0,11.0,411.44,27.0,243.78,205.57,22.0,50.0,84.5049214543156,72,-28.0,-12.0,-0.39,140.0,3.0
2025-05-20 07:35:29,137.36,22.0,183.45,31.0,136.33,9.0,408.67,9.0,160.41,46.089999999999975,31.0,40.0,80.99597687539827,71,-9.0,-1.0,-0.13,140.0,
2025-05-20 07:35:30,136.98,43.0,248.0,31.0,135.53,15.0,462.98,45.0,192.49,111.02,58.0,76.0,69.58998369018386,134,-18.0,63.0,-0.13,137.0,3.0
2025-05-20 07:35:36,145.0,20.0,273.0,30.0,143.0,24.0,552.9,42.0,209.0,128.0,44.0,72.0,57.32731835695803,116,-28.0,32.0,-0.24,137.0,
2025-05-20 07:35:37,144.47,34.0,347.36,45.0,143.78,54.0,465.1,40.0,245.91,202.89,88.0,85.0,60.22946098048719,173,3.0,57.0,0.02,137.0,
2025-05-20 07:35:38,144.0,54.0,241.18,44.0,143.0,27.0,261.62,37.0,192.59,97.18,81.0,81.0,33.73415227925606,162,0.0,-11.0,0.0,137.0,
2025-05-20 07:35:39,144.0,54.0,160.41,39.0,143.0,27.0,161.85,39.0,152.21,16.409999999999997,81.0,78.0,34.15674501471176,159,3.0,-3.0,0.02,137.0,
2025-05-20 07:35:40,144.0,54.0,158.56,27.0,143.0,27.0,159.68,37.0,151.28,14.560000000000002,81.0,64.0,40.06483083703251,145,17.0,-14.0,0.12,137.0,
2025-05-20 07:35:41,144.14,81.0,154.55,71.0,143.5,72.0,155.49,57.0,149.34,10.410000000000023,153.0,128.0,41.90692222055953,281,25.0,136.0,0.09,145.0,3.0
2025-05-20 07:35:42,144.24,41.0,149.38,29.0,143.53,57.0,150.34,41.0,146.81,5.139999999999986,98.0,70.0,19.1987481362723,168,28.0,-113.0,0.17,144.67,3.0
2025-05-20 07:35:43,143.5,40.0,146.48,50.0,142.27,55.0,147.98,46.0,144.99,2.9799999999999898,95.0,96.0,3.019392322970909,191,-1.0,23.0,-0.01,143.8,5.0
2025-05-20 07:35:44,142.43,21.0,144.22,27.0,141.78,27.0,155.66,41.0,143.33,1.789999999999992,48.0,68.0,3.210397171693105,116,-20.0,-75.0,-0.17,143.67,3.0
2025-05-20 07:35:45,142.0,36.0,143.56,27.0,140.0,9.0,286.2,20.0,142.78,1.5600000000000025,45.0,47.0,2.6840547684454275,92,-2.0,-24.0,-0.02,143.67,
2025-05-20 07:35:46,142.4,10.0,339.0,32.0,140.5,8.0,641.62,16.0,240.7,196.6,18.0,48.0,43.060762533889466,66,-30.0,-26.0,-0.45,142.4,5.0
2025-05-20 07:35:47,142.0,8.0,337.75,32.0,140.0,8.0,363.53,30.0,239.88,195.75,16.0,62.0,52.91157085175249,78,-46.0,12.0,-0.59,142.4,
2025-05-20 07:35:48,142.0,7.0,337.0,28.0,140.0,7.0,339.0,28.0,239.5,195.0,14.0,56.0,53.11569560873724,70,-42.0,-8.0,-0.6,142.4,
2025-05-20 07:35:49,142.0,8.0,335.5,32.0,140.0,8.0,629.65,34.0,238.75,193.5,16.0,66.0,43.35298974696018,82,-50.0,12.0,-0.61,142.4,
2025-05-20 07:35:50,139.92,12.0,335.0,32.0,135.96,49.0,594.0,16.0,237.46,195.08,61.0,48.0,1.2263441605193826,109,13.0,27.0,0.12,138.0,5.0
2025-05-20 07:35:51,137.0,55.0,283.44,36.0,131.0,38.0,325.0,30.0,210.22,146.44,93.0,66.0,12.858223827575811,159,27.0,50.0,0.17,138.0,
2025-05-20 07:35:52,137.0,63.0,270.83,48.0,133.5,12.0,273.0,24.0,203.92,133.82999999999998,75.0,72.0,17.411737420488418,147,3.0,-12.0,0.02,138.0,
2025-05-20 07:35:53,145.11,19.0,269.38,32.0,141.12,42.0,342.42,19.0,207.24,124.26999999999998,61.0,51.0,17.119323000633955,112,10.0,-35.0,0.09,137.0,1.0
2025-05-20 07:35:54,145.71,28.0,231.0,27.0,141.74,53.0,269.0,36.0,188.36,85.28999999999999,81.0,63.0,17.78626998558247,144,18.0,32.0,0.12,145.0,4.0
2025-05-20 07:35:55,144.18,34.0,264.78,27.0,143.54,52.0,273.41,34.0,204.48,120.59999999999997,86.0,61.0,8.475711179601971,147,25.0,3.0,0.17,145.0,
2025-05-20 07:35:56,146.0,9.0,267.2,40.0,144.0,90.0,268.39,41.0,206.6,121.2,99.0,81.0,7.817160609839713,180,18.0,33.0,0.1,145.0,
2025-05-20 07:35:57,146.0,9.0,264.6,43.0,144.0,90.0,266.53,38.0,205.3,118.60000000000002,99.0,81.0,7.920282823234893,180,18.0,0.0,0.1,145.0,
2025-05-20 07:35:58,145.18,17.0,181.21,53.0,143.97,103.0,198.78,37.0,163.19,36.03,120.0,90.0,18.55053314597798,210,30.0,30.0,0.14,144.5,4.0
2025-05-20 07:35:59,144.0,37.0,160.55,47.0,143.0,33.0,162.18,49.0,152.28,16.55000000000001,70.0,96.0,26.43392895503856,166,-26.0,-44.0,-0.16,144.0,4.0
2025-05-20 07:36:00,144.0,24.0,159.0,40.0,143.0,30.0,162.0,50.0,151.5,15.0,54.0,90.0,27.935546889223826,144,-36.0,-22.0,-0.25,144.0,2.0
2025-05-20 07:36:01,144.0,11.0,158.86,42.0,143.0,33.0,161.55,53.0,151.43,14.860000000000014,44.0,95.0,23.21218106943033,139,-51.0,-5.0,-0.37,144.0,
2025-05-20 07:36:02,147.93,61.0,157.21,57.0,144.37,19.0,158.37,43.0,152.57,9.28,80.0,100.0,5.052873439936566,180,-20.0,41.0,-0.11,144.0,
2025-05-20 07:36:03,148.0,50.0,156.8,50.0,146.0,50.0,158.0,30.0,152.4,8.800000000000011,100.0,80.0,0.5319116468133941,180,20.0,0.0,0.11,144.0,
2025-05-20 07:36:04,148.0,45.0,155.4,35.0,146.0,45.0,156.65,37.0,151.7,7.400000000000006,90.0,72.0,0.5286303056160362,162,18.0,-18.0,0.11,144.0,
2025-05-20 07:36:05,148.0,44.0,152.5,40.0,146.0,50.0,154.0,30.0,150.25,4.5,94.0,70.0,0.9243646466712276,164,24.0,2.0,0.15,148.0,2.0
2025-05-20 07:36:06,148.0,21.0,150.78,23.0,146.0,35.0,151.89,27.0,149.39,2.780000000000001,56.0,50.0,1.3898093394475084,106,6.0,-58.0,0.06,148.0,
2025-05-20 07:36:07,145.68,62.0,148.42,38.0,144.15,54.0,234.55,65.0,147.05,2.7399999999999807,116.0,103.0,2.1013257719866303,219,13.0,113.0,0.06,146.75,8.0
2025-05-20 07:36:08,144.0,28.0,146.3,10.0,143.0,30.0,148.0,30.0,145.15,2.300000000000012,58.0,40.0,2.6078381851669503,98,18.0,-121.0,0.18,144.0,3.0
2025-05-20 07:36:09,143.53,19.0,144.94,36.0,142.71,42.0,146.47,19.0,144.24,1.4099999999999966,61.0,55.0,2.6021106817379134,116,6.0,18.0,0.05,144.0,1.0
2025-05-20 07:36:10,142.08,37.0,143.7,23.0,140.57,14.0,190.55,42.0,142.89,1.619999999999976,51.0,65.0,2.5376721616501743,116,-14.0,0.0,-0.12,142.6,5.0
2025-05-20 07:36:11,141.4,20.0,143.8,50.0,139.54,13.0,326.81,64.0,142.6,2.4000000000000057,33.0,114.0,1.811747774943856,147,-81.0,31.0,-0.55,142.0,2.0
2025-05-20 07:36:12,140.0,14.0,142.71,56.0,139.0,14.0,376.16,50.0,141.36,2.710000000000008,28.0,106.0,1.4759979674829231,134,-78.0,-13.0,-0.58,142.0,1.0
2025-05-20 07:36:13,138.24,25.0,181.97,38.0,135.85,71.0,303.33,27.0,160.11,43.72999999999999,96.0,65.0,7.820859927144496,161,31.0,27.0,0.19,138.25,4.0
2025-05-20 07:36:14,137.0,65.0,179.08,24.0,91.0,12.0,203.0,12.0,158.04,42.08000000000001,77.0,36.0,9.24412516142092,113,41.0,-48.0,0.36,138.25,
2025-05-20 07:36:15,137.0,53.0,159.33,27.0,103.9,10.0,182.41,17.0,148.17,22.330000000000013,63.0,44.0,8.654428346229208,107,19.0,-6.0,0.18,138.25,
2025-05-20 07:36:16,140.97,122.0,155.26,38.0,139.85,123.0,179.56,25.0,148.12,14.289999999999992,245.0,63.0,7.772686150875763,308,182.0,168.375,0.59,138.25,
2025-05-20 07:36:17,143.0,76.0,176.91,22.0,139.0,154.0,217.0,11.0,159.95,33.91,230.0,33.0,6.200102418510252,263,197.0,-45.0,0.75,143.0,4.0
2025-05-20 07:36:18,143.0,44.0,174.42,19.0,139.0,112.0,193.14,21.0,158.71,31.419999999999987,156.0,40.0,5.930503351319904,196,116.0,-67.0,0.59,143.0,3.0
2025-05-20 07:36:19,143.78,125.0,171.4,40.0,139.52,161.0,172.9,40.0,157.59,27.620000000000005,286.0,80.0,5.868297879284641,366,206.0,168.375,0.56,143.0,
2025-05-20 07:36:20,144.89,126.0,169.0,18.0,143.0,27.0,170.0,27.0,156.94,24.110000000000014,153.0,45.0,4.693332504736573,198,108.0,-168.0,0.55,143.0,
2025-05-20 07:36:21,146.0,140.0,168.33,21.0,143.0,30.0,169.86,29.0,157.17,22.330000000000013,170.0,50.0,1.251127491512023,220,120.0,22.0,0.55,143.0,
2025-05-20 07:36:22,146.0,114.0,165.67,24.0,143.0,30.0,166.85,26.0,155.83,19.669999999999987,144.0,50.0,1.044758345272756,194,94.0,-26.0,0.48,146.0,6.0
2025-05-20 07:36:23,145.18,55.0,163.22,23.0,142.75,20.0,164.22,27.0,154.2,18.039999999999992,75.0,50.0,1.3648186692806352,125,25.0,-69.0,0.2,146.0,
2025-05-20 07:36:24,143.05,42.0,161.33,12.0,142.62,13.0,164.0,18.0,152.19,18.28,55.0,30.0,2.082289605222301,85,25.0,-40.0,0.29,146.0,
2025-05-20 07:36:25,143.48,29.0,159.19,27.0,142.95,59.0,161.57,23.0,151.33,15.710000000000008,88.0,50.0,2.436140390046672,138,38.0,53.0,0.28,143.4,5.0
2025-05-20 07:36:26,142.0,18.0,156.79,14.0,138.88,16.0,158.3,20.0,149.39,14.789999999999992,34.0,34.0,2.5038610185105625,68,0.0,-70.0,0.0,141.6,5.0
2025-05-20 07:36:27,144.05,83.0,153.9,30.0,142.19,67.0,154.81,21.0,148.97,9.849999999999994,150.0,51.0,2.135691925352689,201,99.0,133.0,0.49,141.6,
2025-05-20 07:36:28,146.0,64.0,149.11,27.0,143.0,77.0,149.86,22.0,147.56,3.1100000000000136,141.0,49.0,1.863389384969394,190,92.0,-11.0,0.48,146.67,6.0
2025-05-20 07:36:29,146.0,38.0,148.18,22.0,143.0,101.0,269.96,26.0,147.09,2.180000000000007,139.0,48.0,1.6745506860099972,187,91.0,-3.0,0.49,146.0,4.0
2025-05-20 07:36:30,146.0,10.0,150.8,10.0,143.0,72.0,699.9,30.0,148.4,4.800000000000011,82.0,40.0,0.9561746702441332,122,42.0,-65.0,0.34,146.0,
2025-05-20 07:36:33,143.0,104.0,277.97,36.0,142.0,128.0,316.41,41.0,210.49,134.97000000000003,232.0,77.0,101.7987384499436,309,155.0,165.0,0.5,143.0,4.0
2025-05-20 07:36:34,143.4,30.0,162.75,16.0,142.2,60.0,188.12,34.0,153.07,19.349999999999994,90.0,50.0,100.45153274091952,140,40.0,-168.625,0.29,143.0,
2025-05-20 07:36:35,144.0,19.0,160.67,12.0,143.0,27.0,162.94,33.0,152.33,16.669999999999987,46.0,45.0,99.54926730016663,91,1.0,-49.0,0.01,144.0,2.0
2025-05-20 07:36:36,144.0,11.0,158.93,14.0,143.0,33.0,160.02,41.0,151.46,14.930000000000009,44.0,55.0,84.87961345340835,99,-11.0,8.0,-0.11,144.0,
2025-05-20 07:36:37,144.0,14.0,155.57,23.0,143.0,42.0,156.74,47.0,149.78,11.569999999999991,56.0,70.0,26.33812123140169,126,-14.0,27.0,-0.11,144.0,
2025-05-20 07:36:38,143.85,13.0,151.53,30.0,142.8,41.0,155.4,30.0,147.69,7.680000000000007,54.0,60.0,2.157551853376696,114,-6.0,-12.0,-0.05,143.5,2.0
2025-05-20 07:36:39,143.0,20.0,149.9,40.0,142.0,80.0,151.11,19.0,146.45,6.900000000000006,100.0,59.0,2.474807063188753,159,41.0,45.0,0.26,143.5,
2025-05-20 07:36:40,143.0,22.0,147.03,32.0,142.0,88.0,148.69,29.0,145.02,4.030000000000001,110.0,61.0,2.573276121990908,171,49.0,12.0,0.29,143.5,
2025-05-20 07:36:41,142.21,68.0,143.79,19.0,141.56,72.0,146.83,48.0,143.0,1.579999999999984,140.0,67.0,2.576561662372572,207,73.0,36.0,0.35,142.33,6.0
2025-05-20 07:36:42,141.3,23.0,143.14,28.0,139.6,20.0,197.2,10.0,142.22,1.839999999999975,43.0,38.0,2.290770612699508,81,5.0,-126.0,0.06,142.0,5.0
2025-05-20 07:36:43,137.55,33.0,143.67,6.0,108.33,9.0,277.0,6.0,140.61,6.119999999999976,42.0,12.0,2.30463663079612,54,30.0,-27.0,0.56,139.5,4.0
2025-05-20 07:36:44,137.0,81.0,143.0,9.0,67.53,30.0,274.69,13.0,140.0,6.0,111.0,22.0,1.9972731410618247,133,89.0,79.0,0.67,139.5,
2025-05-20 07:36:45,137.0,108.0,141.24,21.0,109.0,24.0,207.0,18.0,139.12,4.240000000000009,132.0,39.0,1.5948667655972528,171,93.0,38.0,0.54,139.5,
2025-05-20 07:36:46,137.0,99.0,140.84,19.0,114.43,21.0,141.57,14.0,138.92,3.8400000000000034,120.0,33.0,1.3313451843930022,153,87.0,-18.0,0.57,139.5,
2025-05-20 07:36:47,137.0,81.0,138.83,12.0,129.67,18.0,140.6,15.0,137.92,1.8300000000000125,99.0,27.0,1.0351714833814734,126,72.0,-27.0,0.57,139.5,
2025-05-20 07:36:48,137.0,97.0,138.15,13.0,127.0,36.0,208.29,21.0,137.58,1.1500000000000057,133.0,34.0,0.971761287562946,167,99.0,41.0,0.59,137.33,3.0
2025-05-20 07:36:49,143.7,46.0,217.71,21.0,134.25,32.0,309.54,26.0,180.7,74.01000000000002,78.0,47.0,18.93500778980585,125,31.0,-42.0,0.25,137.0,1.0
2025-05-20 07:36:50,148.0,35.0,217.0,15.0,137.0,30.0,236.0,15.0,182.5,69.0,65.0,30.0,23.81762120783709,95,35.0,-30.0,0.37,137.0,
2025-05-20 07:36:51,148.0,84.0,209.59,37.0,137.0,72.0,316.2,30.0,178.8,61.59,156.0,67.0,23.543113642847118,223,89.0,128.0,0.4,137.0,
2025-05-20 07:36:52,148.0,62.0,214.6,30.0,137.0,60.0,266.4,30.0,181.3,66.6,122.0,60.0,19.38589384062587,182,62.0,-41.0,0.34,148.0,1.0
2025-05-20 07:36:53,148.0,36.0,214.0,18.0,141.09,11.0,306.67,18.0,181.0,66.0,47.0,36.0,1.3390294993085234,83,11.0,-99.0,0.13,148.0,
2025-05-20 07:36:54,148.0,60.0,213.4,30.0,146.0,108.0,279.0,30.0,180.7,65.4,168.0,60.0,1.3390294993085234,228,108.0,145.0,0.47,148.0,
2025-05-20 07:36:55,148.0,60.0,209.62,34.0,146.0,150.0,238.33,36.0,178.81,61.620000000000005,210.0,70.0,1.220827588162329,280,140.0,52.0,0.5,148.0,
2025-05-20 07:36:56,148.0,58.0,205.8,30.0,146.0,150.0,208.14,42.0,176.9,57.80000000000001,208.0,72.0,1.8623426108045096,280,136.0,0.0,0.49,148.0,2.0
2025-05-20 07:36:57,148.0,45.0,204.51,43.0,146.0,195.0,205.83,59.0,176.26,56.50999999999999,240.0,102.0,2.1499953488363435,342,138.0,62.0,0.4,148.0,1.0
2025-05-20 07:36:58,148.0,36.0,196.82,44.0,146.0,180.0,203.67,52.0,172.41,48.81999999999999,216.0,96.0,3.10606342498306,312,120.0,-30.0,0.38,148.0,
2025-05-20 07:36:59,148.0,24.0,172.21,28.0,146.0,120.0,173.07,28.0,160.11,24.210000000000008,144.0,56.0,7.517344610965795,200,88.0,-112.0,0.44,148.0,
2025-05-20 07:37:00,148.0,39.0,170.23,39.0,146.0,195.0,172.0,65.0,159.12,22.22999999999999,234.0,104.0,8.708963773033831,338,130.0,138.0,0.38,148.0,
2025-05-20 07:37:01,146.04,154.0,166.62,64.0,145.07,28.0,167.81,48.0,156.33,20.580000000000013,182.0,112.0,8.877394324913972,294,70.0,-44.0,0.24,146.86,7.0
2025-05-20 07:37:02,146.06,135.0,160.92,79.0,145.51,53.0,162.9,73.0,153.49,14.859999999999983,188.0,152.0,7.249435840119826,340,36.0,46.0,0.11,146.86,
2025-05-20 07:37:03,148.0,16.0,155.85,60.0,146.0,170.0,156.94,72.0,151.93,7.849999999999994,186.0,132.0,3.514552603107973,318,54.0,-22.0,0.17,146.86,
2025-05-20 07:37:04,146.13,77.0,151.48,54.0,145.75,63.0,153.22,51.0,148.81,5.349999999999994,140.0,105.0,3.971898790252907,245,35.0,-73.0,0.14,146.67,3.0
2025-05-20 07:37:05,146.0,54.0,149.92,12.0,144.0,6.0,151.36,22.0,147.96,3.919999999999988,60.0,34.0,3.4290494309665527,94,26.0,-151.0,0.28,146.67,
2025-05-20 07:37:06,145.91,33.0,147.12,8.0,143.4,10.0,249.09,22.0,146.52,1.210000000000008,43.0,30.0,2.883586308750201,73,13.0,-21.0,0.18,145.55,11.0
2025-05-20 07:37:07,143.0,8.0,147.0,8.0,142.0,24.0,364.0,16.0,145.0,4.0,32.0,24.0,2.6116718783207262,56,8.0,-17.0,0.14,145.55,
2025-05-20 07:37:08,142.0,8.0,146.88,8.0,139.17,54.0,310.75,16.0,144.44,4.879999999999996,62.0,24.0,1.8675599053339689,86,38.0,30.0,0.44,142.33,3.0
2025-05-20 07:37:09,137.97,37.0,146.0,11.0,94.28,47.0,222.0,22.0,141.99,8.030000000000001,84.0,33.0,2.2516704909934666,117,51.0,31.0,0.44,139.3,10.0
2025-05-20 07:37:10,139.47,32.0,145.5,10.0,138.07,42.0,170.12,34.0,142.48,6.030000000000001,74.0,44.0,1.861284502705201,118,30.0,1.0,0.25,139.3,
2025-05-20 07:37:11,140.77,26.0,143.91,11.0,139.14,35.0,216.11,36.0,142.34,3.1399999999999864,61.0,47.0,1.3681374200022358,108,14.0,-10.0,0.13,139.3,
2025-05-20 07:37:12,141.1,30.0,142.85,13.0,139.45,22.0,379.22,37.0,141.97,1.75,52.0,50.0,1.0279737350780138,102,2.0,-6.0,0.02,141.4,5.0
2025-05-20 07:37:13,140.5,12.0,143.0,8.0,138.89,38.0,374.0,32.0,141.75,2.5,50.0,40.0,0.2972036339114035,90,10.0,-12.0,0.11,139.75,4.0
2025-05-20 07:37:14,139.07,29.0,143.0,10.0,137.2,10.0,390.19,32.0,141.03,3.930000000000007,39.0,42.0,0.5730008726085168,81,-3.0,-9.0,-0.04,139.75,
2025-05-20 07:37:15,141.0,15.0,142.33,6.0,140.0,47.0,518.67,12.0,141.67,1.3300000000000125,62.0,18.0,0.4799166594421465,80,44.0,-1.0,0.55,141.25,4.0
2025-05-20 07:37:16,140.07,15.0,360.62,16.0,139.22,9.0,577.0,32.0,250.35,220.55,24.0,48.0,48.63349956562876,72,-24.0,-8.0,-0.33,141.25,
2025-05-20 07:37:17,140.75,40.0,427.9,20.0,139.67,15.0,588.64,22.0,284.32,287.15,55.0,42.0,69.97081948927007,97,13.0,25.0,0.13,141.25,
2025-05-20 07:37:18,141.0,48.0,401.38,13.0,140.0,16.0,630.26,31.0,271.19,260.38,64.0,44.0,70.75357955609043,108,20.0,11.0,0.19,141.25,
2025-05-20 07:37:20,144.0,15.0,390.69,13.0,142.0,5.0,684.82,22.0,267.35,246.69,20.0,35.0,37.20785978795368,55,-15.0,-40.0,-0.27,141.25,
2025-05-20 07:37:21,144.0,27.0,359.11,18.0,142.91,23.0,674.0,27.0,251.56,215.11,50.0,45.0,36.93695750870692,95,5.0,40.0,0.05,141.25,
2025-05-20 07:37:25,146.29,35.0,268.22,18.0,143.44,27.0,518.18,39.0,207.25,121.93000000000004,62.0,57.0,57.510592241777694,119,5.0,26.0,0.04,141.25,
2025-05-20 07:37:26,148.0,35.0,342.0,14.0,144.0,21.0,443.0,35.0,245.0,194.0,56.0,49.0,58.5969615253216,105,7.0,-14.0,0.07,141.25,
2025-05-20 07:37:27,148.0,40.0,426.18,34.0,144.0,24.0,504.09,22.0,287.09,278.18,64.0,56.0,58.05195018257371,120,8.0,15.0,0.07,141.25,
2025-05-20 07:37:29,143.0,27.0,252.05,38.0,142.0,9.0,425.58,33.0,197.53,109.05,36.0,71.0,44.47599442395881,107,-35.0,10.0,-0.33,141.25,
2025-05-20 07:37:30,139.77,13.0,290.69,42.0,136.16,37.0,432.12,41.0,215.23,150.92,50.0,83.0,42.83662941922503,133,-33.0,26.0,-0.25,142.0,4.0
2025-05-20 07:37:31,139.23,39.0,211.35,26.0,137.16,25.0,279.84,37.0,175.29,72.12,64.0,63.0,53.92931855679259,127,1.0,-6.0,0.01,142.0,
2025-05-20 07:37:32,142.73,215.0,261.74,38.0,139.62,39.0,439.51,57.0,202.23,119.01000000000002,254.0,95.0,45.7682610550151,349,159.0,168.375,0.46,141.75,8.0
2025-05-20 07:37:33,143.0,171.0,216.71,42.0,141.56,27.0,272.09,33.0,179.86,73.71000000000001,198.0,75.0,16.43857110578688,273,123.0,-76.0,0.45,141.75,
2025-05-20 07:37:34,143.0,133.0,216.0,28.0,142.0,21.0,280.76,29.0,179.5,73.0,154.0,57.0,17.426194937507468,211,97.0,-62.0,0.46,141.75,
2025-05-20 07:37:35,143.19,47.0,215.36,44.0,142.97,181.0,254.18,55.0,179.28,72.17000000000002,228.0,99.0,10.780954039416484,327,129.0,116.0,0.39,141.75,
2025-05-20 07:37:36,144.0,7.0,215.0,28.0,143.0,161.0,258.0,35.0,179.5,71.0,168.0,63.0,10.1516442018035,231,105.0,-96.0,0.45,141.75,
2025-05-20 07:37:37,143.14,49.0,214.11,36.0,142.96,167.0,246.89,36.0,178.63,70.97000000000003,216.0,72.0,0.4550604355582769,288,144.0,57.0,0.5,143.33,3.0
2025-05-20 07:37:38,143.0,231.0,211.91,44.0,142.0,33.0,213.18,44.0,177.45,68.91,264.0,88.0,0.871188842909765,352,176.0,64.0,0.5,143.33,
2025-05-20 07:37:39,143.0,222.0,174.17,48.0,142.0,36.0,205.67,48.0,158.58,31.169999999999987,258.0,96.0,9.03987665845115,354,162.0,2.0,0.46,143.0,5.0
2025-05-20 07:37:40,143.0,208.0,155.23,52.0,142.0,39.0,168.46,52.0,149.12,12.22999999999999,247.0,104.0,13.94263712502084,351,143.0,-3.0,0.41,143.0,
2025-05-20 07:37:41,143.0,160.0,153.47,38.0,142.0,30.0,154.6,40.0,148.24,10.47,190.0,78.0,14.843952640722382,268,112.0,-83.0,0.42,143.0,
2025-05-20 07:37:42,143.27,44.0,149.96,53.0,142.82,82.0,151.04,46.0,146.62,6.689999999999998,126.0,99.0,12.86754910618213,225,27.0,-43.0,0.12,143.0,
2025-05-20 07:37:43,143.4,15.0,145.42,48.0,142.63,57.0,146.4,47.0,144.41,2.019999999999982,72.0,95.0,5.438858336085656,167,-23.0,-58.0,-0.14,143.17,6.0
2025-05-20 07:37:44,140.9,63.0,142.71,56.0,139.25,48.0,145.67,54.0,141.81,1.8100000000000025,111.0,110.0,2.967010279727413,221,1.0,54.0,0.0,141.33,9.0
2025-05-20 07:37:45,140.0,44.0,157.68,37.0,139.0,37.0,204.86,49.0,148.84,17.680000000000007,81.0,86.0,2.896140535265536,167,-5.0,-54.0,-0.03,143.5,8.0
2025-05-20 07:37:46,140.71,28.0,254.57,28.0,139.0,53.0,375.41,32.0,197.64,113.86,81.0,60.0,23.498570807604644,141,21.0,-26.0,0.15,143.5,
2025-05-20 07:37:47,141.15,40.0,300.53,49.0,139.1,81.0,632.05,58.0,220.84,159.37999999999997,121.0,107.0,36.205796082947984,228,14.0,87.0,0.06,143.0,3.0
2025-05-20 07:37:48,141.18,33.0,145.83,29.0,139.0,84.0,212.79,38.0,143.5,4.650000000000006,117.0,67.0,36.3729415912435,184,50.0,-44.0,0.27,143.0,
2025-05-20 07:37:49,142.0,26.0,145.0,12.0,139.0,96.0,237.2,40.0,143.5,3.0,122.0,52.0,36.04576369006504,174,70.0,-10.0,0.4,142.0,2.0
2025-05-20 07:37:50,141.12,17.0,183.5,12.0,138.95,74.0,382.45,31.0,162.31,42.38,91.0,43.0,34.4565468380105,134,48.0,-40.0,0.36,144.0,1.0
2025-05-20 07:37:51,139.0,20.0,288.2,15.0,137.2,10.0,472.3,23.0,213.6,149.2,30.0,38.0,37.82026308739817,68,-8.0,-66.0,-0.12,139.0,5.0
2025-05-20 07:37:52,146.83,23.0,278.07,45.0,138.94,32.0,428.16,50.0,212.45,131.23999999999998,55.0,95.0,35.48933882168012,150,-40.0,82.0,-0.27,139.0,
2025-05-20 07:37:54,148.0,14.0,376.29,35.0,142.0,77.0,604.0,35.0,262.14,228.29,91.0,70.0,49.588124082284274,161,21.0,56.0,0.13,139.0,
2025-05-20 07:37:55,148.0,16.0,381.36,28.0,142.0,120.0,437.5,40.0,264.68,233.36,136.0,68.0,34.3849644466884,204,68.0,43.0,0.33,139.0,
2025-05-20 07:37:56,148.0,24.0,324.25,40.0,142.0,180.0,383.21,48.0,236.12,176.25,204.0,88.0,29.81312831623052,292,116.0,88.0,0.4,139.0,
2025-05-20 07:37:57,142.55,88.0,335.57,42.0,141.79,76.0,396.06,47.0,239.06,193.02,164.0,89.0,22.103280299539865,253,75.0,-39.0,0.3,143.33,9.0
2025-05-20 07:37:58,142.0,48.0,297.17,18.0,140.14,14.0,299.0,30.0,219.58,155.17000000000002,62.0,48.0,18.96745317642896,110,14.0,-143.0,0.13,143.33,
2025-05-20 07:37:59,142.27,11.0,297.0,12.0,141.67,27.0,299.0,20.0,219.64,154.73,38.0,32.0,18.500115675314685,70,6.0,-40.0,0.09,143.33,
2025-05-20 07:38:00,142.17,48.0,177.4,50.0,141.43,79.0,248.55,55.0,159.78,35.23000000000002,127.0,105.0,32.080203864689224,232,22.0,162.0,0.09,143.0,1.0
2025-05-20 07:38:01,142.09,47.0,144.33,45.0,140.81,53.0,355.0,38.0,143.21,2.240000000000009,100.0,83.0,42.03385397509986,183,17.0,-49.0,0.09,142.2,5.0
2025-05-20 07:38:02,140.29,68.0,143.84,68.0,130.48,46.0,300.48,54.0,142.07,3.550000000000012,114.0,122.0,39.65324614706866,236,-8.0,53.0,-0.03,140.11,9.0
2025-05-20 07:38:03,139.48,64.0,376.33,42.0,134.07,84.0,533.0,55.0,257.91,236.85,148.0,97.0,51.81720920698081,245,51.0,9.0,0.21,143.0,3.0
2025-05-20 07:38:04,143.0,8.0,298.29,35.0,138.4,20.0,482.24,37.0,220.64,155.29000000000002,28.0,72.0,51.98828877737771,100,-44.0,-145.0,-0.44,143.0,
2025-05-20 07:38:05,140.0,28.0,181.08,25.0,137.62,26.0,396.31,35.0,160.54,41.08000000000001,54.0,60.0,51.89816692331259,114,-6.0,14.0,-0.05,141.0,2.0
2025-05-20 07:38:06,140.09,54.0,178.19,21.0,139.35,17.0,294.37,30.0,159.14,38.1,71.0,51.0,49.115363685918254,122,20.0,8.0,0.16,141.0,
2025-05-20 07:38:07,141.0,11.0,151.52,29.0,139.0,11.0,163.94,17.0,146.26,10.52000000000001,22.0,46.0,48.16099168414224,68,-24.0,-54.0,-0.35,141.0,
2025-05-20 07:38:08,141.96,25.0,150.59,17.0,139.29,14.0,152.93,14.0,146.27,8.629999999999995,39.0,31.0,30.982724218506185,70,8.0,2.0,0.11,141.0,
2025-05-20 07:38:09,143.11,35.0,150.19,16.0,141.71,21.0,151.11,19.0,146.65,7.079999999999984,56.0,35.0,7.383330549285024,91,21.0,21.0,0.23,141.0,
2025-05-20 07:38:10,144.13,38.0,147.0,8.0,142.44,18.0,148.0,8.0,145.57,2.8700000000000045,56.0,16.0,5.805623997470437,72,40.0,-19.0,0.56,144.0,5.0
2025-05-20 07:38:11,145.75,44.0,192.0,22.0,143.54,26.0,275.79,34.0,168.88,46.25,70.0,56.0,10.155871700647127,126,14.0,54.0,0.11,145.5,2.0
2025-05-20 07:38:12,148.0,99.0,337.67,30.0,145.3,23.0,495.29,35.0,242.83,189.67,122.0,65.0,41.8647094818537,187,57.0,61.0,0.3,148.0,2.0
2025-05-20 07:38:14,148.0,117.0,343.42,19.0,146.0,27.0,450.8,35.0,245.71,195.42,144.0,54.0,72.2647664494948,198,90.0,77.0,0.45,148.0,
2025-05-20 07:38:15,148.0,193.0,188.83,24.0,146.0,48.0,271.57,42.0,168.42,40.83000000000001,241.0,66.0,66.3666487778314,307,175.0,109.0,0.57,148.0,1.0
2025-05-20 07:38:16,148.0,120.0,187.1,50.0,146.0,30.0,187.41,22.0,167.55,39.1,150.0,72.0,66.67904145981727,222,78.0,-85.0,0.35,148.0,
2025-05-20 07:38:17,148.0,120.0,183.55,22.0,146.0,30.0,184.6,50.0,165.77,35.55000000000001,150.0,72.0,71.84586174582378,222,78.0,0.0,0.35,148.0,
2025-05-20 07:38:18,148.0,128.0,181.08,49.0,146.0,69.0,183.38,29.0,164.54,33.08000000000001,197.0,78.0,35.42476351367806,275,119.0,53.0,0.43,148.0,4.0
2025-05-20 07:38:19,148.0,64.0,179.75,40.0,146.0,64.0,182.0,8.0,163.88,31.75,128.0,48.0,1.9321412991836704,176,80.0,-99.0,0.45,148.0,
2025-05-20 07:38:20,148.0,54.0,178.15,33.0,146.0,72.0,179.62,13.0,163.08,30.15000000000001,126.0,46.0,1.7493798901355886,172,80.0,-4.0,0.47,148.0,3.0
2025-05-20 07:38:21,147.65,46.0,176.0,33.0,145.9,84.0,178.0,11.0,161.83,28.349999999999994,130.0,44.0,1.485950874023218,174,86.0,2.0,0.49,148.0,5.0
2025-05-20 07:38:22,146.0,72.0,175.41,27.0,144.0,36.0,176.33,15.0,160.7,29.41,108.0,42.0,1.551057703636451,150,66.0,-24.0,0.44,148.0,
2025-05-20 07:38:23,146.0,112.0,172.1,48.0,144.0,56.0,172.61,44.0,159.05,26.099999999999994,168.0,92.0,1.9167602875710748,260,76.0,110.0,0.29,148.0,
2025-05-20 07:38:24,147.4,160.0,170.8,15.0,145.4,80.0,171.98,61.0,159.1,23.40000000000001,240.0,76.0,1.747160553586654,316,164.0,56.0,0.52,148.0,
2025-05-20 07:38:25,148.0,128.0,166.08,26.0,146.0,64.0,167.0,32.0,157.04,18.080000000000013,192.0,58.0,1.8216283924030257,250,134.0,-66.0,0.54,148.0,
2025-05-20 07:38:26,148.0,212.0,163.13,45.0,146.0,120.0,165.82,67.0,155.57,15.129999999999995,332.0,112.0,2.000167492988624,444,220.0,168.375,0.5,148.0,8.0
2025-05-20 07:38:27,148.0,122.0,160.23,44.0,146.0,55.0,162.98,50.0,154.11,12.22999999999999,177.0,94.0,2.1798921991713134,271,83.0,-168.625,0.31,148.0,3.0
2025-05-20 07:38:28,148.0,45.0,155.55,33.0,146.0,45.0,156.4,15.0,151.77,7.550000000000011,90.0,48.0,2.791947349075098,138,42.0,-133.0,0.3,148.0,
2025-05-20 07:38:29,148.0,20.0,153.92,12.0,146.0,20.0,155.1,10.0,150.96,5.919999999999988,40.0,22.0,2.54325578737315,62,18.0,-76.0,0.29,148.0,
2025-05-20 07:38:30,148.0,52.0,151.43,35.0,146.0,55.0,152.67,15.0,149.71,3.430000000000007,107.0,50.0,2.3810039899182565,157,57.0,95.0,0.36,148.0,3.0
2025-05-20 07:38:31,148.0,11.0,149.0,40.0,146.0,50.0,564.0,28.0,148.5,1.0,61.0,68.0,2.131912287127759,129,-7.0,-28.0,-0.05,148.0,1.0
2025-05-20 07:38:32,146.31,26.0,354.74,31.0,145.0,40.0,614.33,27.0,250.52,208.43,66.0,58.0,44.866002384879486,124,8.0,-5.0,0.06,147.0,2.0
2025-05-20 07:38:33,146.0,16.0,339.0,15.0,144.0,20.0,386.8,15.0,242.5,193.0,36.0,30.0,53.09514309237727,66,6.0,-58.0,0.09,147.0,
2025-05-20 07:38:34,146.0,17.0,337.38,24.0,144.0,32.0,340.0,24.0,241.69,191.38,49.0,48.0,52.58603740538,97,1.0,31.0,0.01,147.0,
2025-05-20 07:38:35,146.0,36.0,336.83,36.0,144.0,48.0,499.0,36.0,241.42,190.83,84.0,72.0,42.88914641258357,156,12.0,59.0,0.08,147.0,
2025-05-20 07:38:36,146.0,18.0,336.0,18.0,144.0,24.0,657.5,18.0,241.0,190.0,42.0,36.0,4.003296141935533,78,6.0,-78.0,0.08,147.0,
2025-05-20 07:38:37,146.0,15.0,336.0,15.0,143.8,20.0,375.0,20.0,241.0,190.0,35.0,35.0,0.6204997985779421,70,0.0,-8.0,0.0,147.0,
2025-05-20 07:38:38,146.0,27.0,328.0,33.0,143.87,31.0,354.58,33.0,237.0,182.0,58.0,66.0,1.9353345964031523,124,-8.0,54.0,-0.06,147.0,
2025-05-20 07:38:39,146.0,24.0,186.3,30.0,144.0,30.0,207.0,26.0,166.15,40.30000000000001,54.0,56.0,33.12267320129869,110,-2.0,-14.0,-0.02,147.0,
2025-05-20 07:38:40,146.0,21.0,168.57,35.0,144.0,21.0,180.0,21.0,157.29,22.569999999999997,42.0,56.0,42.8390472583136,98,-14.0,-12.0,-0.14,147.0,
2025-05-20 07:38:41,144.86,42.0,163.21,47.0,143.69,39.0,170.9,63.0,154.03,18.349999999999994,81.0,110.0,43.979038529736194,191,-29.0,93.0,-0.15,145.0,6.0
2025-05-20 07:38:42,142.74,38.0,160.17,47.0,141.81,26.0,162.61,31.0,151.45,17.42999999999998,64.0,78.0,36.10339568517088,142,-14.0,-49.0,-0.1,142.8,5.0
2025-05-20 07:38:43,142.0,22.0,156.74,34.0,141.0,11.0,158.27,33.0,149.37,14.740000000000007,33.0,67.0,6.569666658210951,100,-34.0,-42.0,-0.34,142.8,
2025-05-20 07:38:44,142.0,10.0,152.57,14.0,141.0,5.0,153.61,18.0,147.29,10.569999999999991,15.0,32.0,3.919295855125908,47,-17.0,-53.0,-0.36,142.8,
2025-05-20 07:38:45,142.0,8.0,148.73,11.0,141.0,4.0,149.78,9.0,145.36,6.72999999999999,12.0,20.0,3.4045557713167383,32,-8.0,-15.0,-0.25,142.8,
2025-05-20 07:38:46,141.95,21.0,144.71,31.0,140.56,18.0,145.7,30.0,143.33,2.7600000000000198,39.0,61.0,3.202108680230128,100,-22.0,68.0,-0.22,142.0,2.0
2025-05-20 07:38:47,138.56,61.0,140.67,33.0,137.47,51.0,145.08,39.0,139.61,2.109999999999985,112.0,72.0,3.752042110638426,184,40.0,84.0,0.22,140.0,7.0
2025-05-20 07:38:48,137.0,25.0,139.6,10.0,136.0,10.0,182.0,15.0,138.3,2.5999999999999943,35.0,25.0,3.78874253545989,60,10.0,-124.0,0.17,137.0,2.0
2025-05-20 07:38:49,137.0,40.0,139.0,16.0,136.0,16.0,183.88,24.0,138.0,2.0,56.0,40.0,3.264529062514564,96,16.0,36.0,0.17,137.0,
2025-05-20 07:38:50,137.55,22.0,139.0,8.0,136.71,14.0,187.0,12.0,138.27,1.4499999999999886,36.0,20.0,2.229567222579649,56,16.0,-40.0,0.29,137.0,
2025-05-20 07:38:51,137.04,74.0,319.82,44.0,131.62,65.0,367.29,42.0,228.43,182.78,139.0,86.0,40.202666205116415,225,53.0,168.375,0.24,139.0,2.0
2025-05-20 07:38:52,143.99,77.0,262.43,46.0,143.22,111.0,298.92,52.0,203.21,118.44,188.0,98.0,43.44473236193331,286,90.0,61.0,0.31,139.0,
2025-05-20 07:38:53,146.0,40.0,252.25,32.0,144.0,120.0,283.32,38.0,199.12,106.25,160.0,70.0,41.0647419327094,230,90.0,-56.0,0.39,139.0,
2025-05-20 07:38:54,144.24,85.0,287.31,39.0,143.39,69.0,443.18,33.0,215.77,143.07,154.0,72.0,34.757809194482164,226,82.0,-4.0,0.36,145.14,7.0
2025-05-20 07:38:55,144.0,54.0,226.6,10.0,142.0,27.0,433.67,18.0,185.3,82.6,81.0,28.0,16.443057197493218,109,53.0,-117.0,0.49,145.14,
2025-05-20 07:38:56,144.0,81.0,177.53,15.0,142.0,54.0,294.04,27.0,160.77,33.53,135.0,42.0,20.9648307887287,177,93.0,68.0,0.53,145.14,
2025-05-20 07:38:57,144.91,35.0,163.1,10.0,143.33,54.0,165.88,25.0,154.01,18.19,89.0,35.0,25.853481970520377,124,54.0,-53.0,0.44,145.14,
2025-05-20 07:38:58,148.0,24.0,160.24,42.0,144.0,108.0,161.67,18.0,154.12,12.240000000000007,132.0,60.0,26.65647257234193,192,72.0,68.0,0.38,145.14,
2025-05-20 07:38:59,148.0,16.0,158.29,17.0,144.0,72.0,159.87,23.0,153.15,10.289999999999992,88.0,40.0,13.667986318401518,128,48.0,-64.0,0.38,145.14,
2025-05-20 07:39:00,145.67,24.0,157.57,28.0,143.58,57.0,159.0,7.0,151.62,11.900000000000006,81.0,35.0,3.519251340840496,116,46.0,-12.0,0.4,146.0,4.0
2025-05-20 07:39:01,144.0,52.0,155.24,33.0,142.83,72.0,155.41,22.0,149.62,11.240000000000007,124.0,55.0,1.8970846053896877,179,69.0,63.0,0.39,144.0,6.0
2025-05-20 07:39:02,143.07,30.0,151.14,14.0,142.22,54.0,152.71,17.0,147.1,8.069999999999993,84.0,31.0,2.818744401325869,115,53.0,-64.0,0.46,143.33,3.0
2025-05-20 07:39:03,144.38,125.0,147.59,59.0,142.92,156.0,148.86,43.0,145.98,3.210000000000008,281.0,102.0,2.999229901158832,383,179.0,168.375,0.47,145.3,10.0
2025-05-20 07:39:04,143.56,88.0,149.11,27.0,142.62,78.0,160.11,27.0,146.33,5.550000000000011,166.0,54.0,2.4147256572962084,220,112.0,-163.0,0.51,148.0,3.0
2025-05-20 07:39:05,146.18,50.0,178.0,28.0,143.84,100.0,387.1,30.0,162.09,31.819999999999997,150.0,58.0,6.784189708432805,208,92.0,-12.0,0.44,148.0,
2025-05-20 07:39:06,148.0,10.0,183.4,10.0,146.0,35.0,185.0,15.0,165.7,35.400000000000006,45.0,25.0,9.637548962262498,70,20.0,-138.0,0.29,148.0,
2025-05-20 07:39:07,148.0,18.0,180.22,18.0,146.0,63.0,362.33,27.0,164.11,32.22,81.0,45.0,9.84015599469889,126,36.0,56.0,0.29,148.0,
2025-05-20 07:39:08,148.0,26.0,178.54,41.0,146.0,127.0,396.76,34.0,163.27,30.539999999999992,153.0,75.0,7.9193118387906685,228,78.0,102.0,0.34,148.0,
2025-05-20 07:39:09,148.0,24.0,172.57,46.0,146.0,84.0,169.94,31.0,160.28,24.569999999999997,108.0,77.0,2.048230944012769,185,31.0,-43.0,0.17,148.0,
2025-05-20 07:39:10,146.17,46.0,152.94,36.0,143.43,98.0,153.84,25.0,149.56,6.77000000000001,144.0,61.0,6.469963678415064,205,83.0,20.0,0.4,147.33,3.0
2025-05-20 07:39:11,146.0,52.0,150.88,50.0,143.0,156.0,151.63,41.0,148.44,4.879999999999996,208.0,91.0,7.56907325899337,299,117.0,94.0,0.39,146.0,4.0
2025-05-20 07:39:12,146.0,18.0,148.67,45.0,143.0,108.0,150.0,18.0,147.33,2.6699999999999875,126.0,63.0,7.420183959984201,189,63.0,-110.0,0.33,146.0,
2025-05-20 07:39:13,143.31,98.0,149.44,27.0,142.32,62.0,242.67,45.0,146.38,6.129999999999996,160.0,72.0,5.651258266970738,232,88.0,43.0,0.38,146.0,2.0
2025-05-20 07:39:14,143.54,54.0,145.0,37.0,142.59,73.0,146.91,33.0,144.27,1.460000000000008,127.0,70.0,2.0236921702678723,197,57.0,-35.0,0.29,144.0,6.0
2025-05-20 07:39:15,142.74,46.0,144.0,35.0,141.2,100.0,190.62,32.0,143.37,1.259999999999991,146.0,67.0,2.107598159043332,213,79.0,16.0,0.37,142.5,6.0
2025-05-20 07:39:16,142.16,19.0,264.58,26.0,140.14,86.0,390.32,38.0,203.37,122.42,105.0,64.0,26.0013668871467,169,41.0,-44.0,0.24,143.0,1.0
2025-05-20 07:39:17,140.03,80.0,263.07,27.0,139.11,76.0,302.96,26.0,201.55,123.04,156.0,53.0,31.676445823356108,209,103.0,40.0,0.49,141.62,8.0
2025-05-20 07:39:18,139.42,66.0,193.47,30.0,138.43,127.0,209.67,24.0,166.45,54.05000000000001,193.0,54.0,29.480992520605827,247,139.0,38.0,0.56,141.62,
2025-05-20 07:39:19,142.0,22.0,174.22,18.0,139.0,143.0,180.33,18.0,158.11,32.22,165.0,36.0,26.7752983176662,201,129.0,-46.0,0.64,141.62,
2025-05-20 07:39:20,142.0,24.0,175.15,13.0,139.0,108.0,176.09,23.0,158.58,33.150000000000006,132.0,36.0,22.93271505949568,168,96.0,-33.0,0.57,141.62,
2025-05-20 07:39:21,140.25,53.0,172.24,17.0,138.51,131.0,173.26,19.0,156.24,31.99000000000001,184.0,36.0,19.057007372617942,220,148.0,52.0,0.67,140.5,4.0
2025-05-20 07:39:22,139.0,88.0,168.15,13.0,137.0,88.0,169.15,13.0,153.58,29.15000000000001,176.0,26.0,4.81229363193988,202,150.0,-18.0,0.74,140.5,
2025-05-20 07:39:23,139.07,87.0,164.43,14.0,121.5,113.0,166.57,14.0,151.75,25.360000000000014,200.0,28.0,2.93596151201061,228,172.0,26.0,0.75,139.0,3.0
2025-05-20 07:39:24,141.49,63.0,161.91,11.0,111.23,62.0,163.18,11.0,151.7,20.419999999999987,125.0,22.0,2.9932590933641112,147,103.0,-81.0,0.7,145.75,4.0
2025-05-20 07:39:25,138.07,67.0,159.24,17.0,120.46,114.0,161.08,13.0,148.65,21.170000000000016,181.0,30.0,2.788894046034333,211,151.0,64.0,0.72,139.4,5.0
2025-05-20 07:39:26,139.0,27.0,156.11,9.0,137.0,72.0,157.36,11.0,147.56,17.110000000000014,99.0,20.0,2.4721185246675974,119,79.0,-92.0,0.66,139.4,
2025-05-20 07:39:27,137.67,63.0,153.63,30.0,114.1,134.0,155.62,24.0,145.65,15.960000000000008,197.0,54.0,2.657624879474854,251,143.0,132.0,0.57,138.5,4.0
2025-05-20 07:39:28,137.0,91.0,149.08,13.0,95.98,132.0,151.0,26.0,143.04,12.080000000000013,223.0,39.0,3.244926809652679,262,184.0,11.0,0.7,138.5,
2025-05-20 07:39:29,137.0,63.0,144.0,24.0,87.67,63.0,147.68,19.0,140.5,7.0,126.0,43.0,3.3300975961676293,169,83.0,-93.0,0.49,140.0,2.0
2025-05-20 07:39:30,137.0,56.0,142.77,22.0,79.75,56.0,144.8,10.0,139.89,5.77000000000001,112.0,32.0,3.286406852475869,144,80.0,-25.0,0.56,140.0,
2025-05-20 07:39:31,137.0,69.0,139.67,46.0,43.0,70.0,141.84,19.0,138.34,2.6699999999999875,139.0,65.0,2.879692691937666,204,74.0,60.0,0.36,137.0,1.0
2025-05-20 07:39:32,126.28,47.0,141.24,37.0,68.0,35.0,195.91,23.0,133.76,14.960000000000008,82.0,60.0,3.435139007376224,142,22.0,-62.0,0.15,137.0,6.0
2025-05-20 07:39:33,137.0,17.0,146.67,12.0,119.0,35.0,208.15,13.0,141.83,9.669999999999987,52.0,25.0,3.1165573955885364,77,27.0,-65.0,0.35,137.0,1.0
2025-05-20 07:39:34,137.0,8.0,143.43,14.0,99.0,42.0,144.25,16.0,140.21,6.430000000000007,50.0,30.0,3.080994969161353,80,20.0,3.0,0.25,137.0,2.0
2025-05-20 07:39:35,127.43,30.0,140.21,29.0,116.48,58.0,141.42,31.0,133.82,12.78,88.0,60.0,3.683961183291262,148,28.0,68.0,0.19,137.0,1.0
2025-05-20 07:39:41,144.86,56.0,256.83,41.0,143.13,126.0,455.37,19.0,200.84,111.96999999999996,182.0,60.0,31.592963615337126,242,122.0,168.375,0.5,137.0,
2025-05-20 07:39:42,146.0,29.0,206.27,22.0,144.0,32.0,257.17,36.0,176.14,60.27000000000001,61.0,58.0,16.444766644742142,119,3.0,-123.0,0.03,146.0,3.0
2025-05-20 07:39:43,146.0,8.0,237.25,32.0,144.0,32.0,356.04,28.0,191.62,91.25,40.0,60.0,17.648870218799416,100,-20.0,-19.0,-0.2,146.0,
2025-05-20 07:39:44,146.0,5.0,170.38,16.0,144.0,20.0,171.69,13.0,158.19,24.379999999999995,25.0,29.0,17.852951296635098,54,-4.0,-46.0,-0.07,146.0,
2025-05-20 07:39:45,144.36,22.0,164.23,31.0,143.14,118.0,168.89,35.0,154.29,19.869999999999976,140.0,66.0,20.30588904726961,206,74.0,152.0,0.36,145.0,2.0
2025-05-20 07:39:46,146.29,21.0,160.0,45.0,143.26,69.0,165.0,12.0,153.14,13.710000000000008,90.0,57.0,16.736329645415623,147,33.0,-59.0,0.22,145.0,
2025-05-20 07:39:47,148.0,10.0,157.8,10.0,144.0,15.0,160.0,25.0,152.9,9.800000000000011,25.0,35.0,16.6779066432216,60,-10.0,-87.0,-0.17,145.0,
2025-05-20 07:39:48,148.0,12.0,156.0,30.0,144.0,18.0,157.0,12.0,152.0,8.0,30.0,42.0,2.4256813475826675,72,-12.0,12.0,-0.17,145.0,
2025-05-20 07:39:49,148.0,22.0,154.33,49.0,144.0,33.0,155.93,28.0,151.16,6.3300000000000125,55.0,77.0,1.1856728047862186,132,-22.0,60.0,-0.17,145.0,
2025-05-20 07:39:50,148.0,18.0,150.73,22.0,144.0,27.0,153.59,39.0,149.36,2.7299999999999898,45.0,61.0,1.5305293202055987,106,-16.0,-26.0,-0.15,145.0,
2025-05-20 07:39:51,144.25,32.0,148.42,24.0,143.02,173.0,150.79,28.0,146.33,4.169999999999988,205.0,52.0,2.5991152340764336,257,153.0,151.0,0.6,148.0,2.0
2025-05-20 07:39:52,144.0,39.0,148.56,32.0,142.76,103.0,169.46,52.0,146.28,4.560000000000002,142.0,84.0,2.660785598278708,226,58.0,-31.0,0.26,145.0,2.0
2025-05-20 07:39:53,144.3,20.0,154.0,55.0,143.38,32.0,260.0,28.0,149.15,9.699999999999989,52.0,83.0,2.113369347749472,135,-31.0,-91.0,-0.23,144.0,1.0
2025-05-20 07:39:54,145.7,10.0,151.63,38.0,144.0,20.0,218.0,42.0,148.67,5.930000000000007,30.0,80.0,1.5296633616605744,110,-50.0,-25.0,-0.45,144.0,
2025-05-20 07:39:55,142.6,40.0,151.82,55.0,139.95,74.0,156.82,49.0,147.21,9.22,114.0,104.0,1.3256017501521482,218,10.0,108.0,0.05,143.5,8.0
2025-05-20 07:39:56,142.29,17.0,148.41,34.0,139.6,50.0,150.61,46.0,145.35,6.1200000000000045,67.0,80.0,1.5925828078961313,147,-13.0,-71.0,-0.09,142.0,2.0
2025-05-20 07:39:57,139.13,31.0,146.89,28.0,138.67,12.0,147.75,20.0,143.01,7.759999999999991,43.0,48.0,2.5288179056638165,91,-5.0,-56.0,-0.05,141.0,5.0
2025-05-20 07:39:58,139.0,84.0,143.92,38.0,138.0,28.0,144.97,58.0,141.46,4.919999999999988,112.0,96.0,2.9525074089669743,208,16.0,117.0,0.08,141.0,
2025-05-20 07:39:59,139.0,68.0,141.15,46.0,138.0,24.0,141.79,34.0,140.08,2.1500000000000057,92.0,80.0,2.8833262042307464,172,12.0,-36.0,0.07,139.0,1.0
2025-05-20 07:40:00,139.0,70.0,159.0,30.0,137.18,11.0,173.2,30.0,149.0,20.0,81.0,60.0,3.5134954105568386,141,21.0,-31.0,0.15,141.38,8.0
2025-05-20 07:40:01,139.0,49.0,309.75,24.0,136.09,44.0,534.5,24.0,224.38,170.75,93.0,48.0,36.380370806246816,141,45.0,0.0,0.32,139.0,1.0
2025-05-20 07:40:02,139.0,78.0,218.0,39.0,136.02,122.0,448.77,39.0,178.5,79.0,200.0,78.0,35.79522705613167,278,122.0,137.0,0.44,139.0,
2025-05-20 07:40:03,139.32,50.0,226.36,33.0,137.62,26.0,352.89,27.0,182.84,87.04000000000002,76.0,60.0,33.1944965318052,136,16.0,-142.0,0.12,139.0,2.0
2025-05-20 07:40:04,144.0,10.0,363.5,16.0,143.0,47.0,510.82,34.0,253.75,219.5,57.0,50.0,41.275217503970175,107,7.0,-29.0,0.07,139.0,
2025-05-20 07:40:07,144.05,21.0,194.0,32.0,143.04,52.0,269.38,39.0,169.02,49.94999999999999,73.0,71.0,74.30436783931404,144,2.0,-13.0,0.01,139.0,
2025-05-20 07:40:08,143.29,31.0,167.96,53.0,141.72,53.0,210.41,34.0,155.63,24.670000000000016,84.0,87.0,81.18502983925106,171,-3.0,27.0,-0.02,143.12,8.0
2025-05-20 07:40:09,142.0,12.0,164.67,33.0,139.0,84.0,165.47,51.0,153.33,22.669999999999987,96.0,84.0,90.42200379332496,180,12.0,9.0,0.07,143.12,
2025-05-20 07:40:10,142.0,31.0,160.41,34.0,139.0,77.0,164.26,43.0,151.21,18.41,108.0,77.0,70.92134636341903,185,31.0,5.0,0.17,143.12,
2025-05-20 07:40:11,142.0,30.0,151.11,27.0,139.0,70.0,153.05,40.0,146.56,9.110000000000014,100.0,67.0,8.444397551041213,167,33.0,-18.0,0.2,143.12,
2025-05-20 07:40:12,142.0,16.0,147.1,20.0,139.0,42.0,148.9,21.0,144.55,5.099999999999994,58.0,41.0,4.622183466720861,99,17.0,-68.0,0.17,142.0,1.0
2025-05-20 07:40:13,140.41,34.0,143.67,49.0,138.54,52.0,146.61,61.0,142.04,3.259999999999991,86.0,110.0,4.6675336099514055,196,-24.0,97.0,-0.12,141.67,6.0
2025-05-20 07:40:14,138.06,17.0,140.18,17.0,136.33,18.0,141.7,20.0,139.12,2.1200000000000045,35.0,37.0,4.584597037911204,72,-2.0,-124.0,-0.03,139.0,3.0
2025-05-20 07:40:15,136.31,13.0,138.17,12.0,133.9,10.0,139.17,12.0,137.24,1.8599999999999848,23.0,24.0,3.8145012780208063,47,-1.0,-25.0,-0.02,136.67,3.0
2025-05-20 07:40:27,140.1,21.0,194.25,32.0,114.74,35.0,294.0,32.0,167.17,54.150000000000006,56.0,64.0,18.779359147745616,120,-8.0,-48.0,-0.07,145.0,3.0
2025-05-20 07:40:28,144.14,22.0,188.04,25.0,141.17,23.0,247.83,24.0,166.09,43.900000000000006,45.0,49.0,22.495664693447534,94,-4.0,-26.0,-0.04,145.0,2.0
2025-05-20 07:40:29,144.0,28.0,267.12,32.0,139.0,35.0,468.22,18.0,205.56,123.12,63.0,50.0,33.33194458773792,113,13.0,19.0,0.12,145.0,
2025-05-20 07:40:30,143.29,28.0,167.0,24.0,130.11,37.0,269.29,28.0,155.14,23.710000000000008,65.0,52.0,28.31789134098856,117,13.0,4.0,0.11,143.0,5.0
2025-05-20 07:40:31,139.13,31.0,165.5,30.0,75.72,65.0,221.44,36.0,152.31,26.370000000000005,96.0,66.0,21.32360030576539,162,30.0,45.0,0.19,140.0,4.0
2025-05-20 07:40:32,139.84,25.0,164.29,21.0,99.3,27.0,361.38,16.0,152.06,24.44999999999999,52.0,37.0,22.717899770886312,89,15.0,-73.0,0.17,140.0,
2025-05-20 07:40:33,140.12,56.0,161.4,20.0,139.0,8.0,202.5,20.0,150.76,21.28,64.0,40.0,23.7527509985693,104,24.0,15.0,0.23,140.0,
2025-05-20 07:40:34,141.0,63.0,158.48,27.0,139.0,9.0,159.67,24.0,149.74,17.47999999999999,72.0,51.0,2.037429753397426,123,21.0,19.0,0.17,140.0,
2025-05-20 07:40:35,141.63,75.0,154.42,24.0,139.0,9.0,155.86,21.0,148.02,12.789999999999992,84.0,45.0,1.7659898074531384,129,39.0,6.0,0.3,142.0,4.0
2025-05-20 07:40:36,142.0,45.0,152.71,17.0,139.0,5.0,154.0,12.0,147.35,10.710000000000008,50.0,29.0,1.9348591680088496,79,21.0,-50.0,0.27,142.0,
2025-05-20 07:40:37,142.0,81.0,147.61,33.0,139.0,9.0,149.18,33.0,144.8,5.610000000000014,90.0,66.0,2.3031673842834803,156,24.0,77.0,0.15,142.0,
2025-05-20 07:40:38,142.23,47.0,144.97,31.0,141.82,67.0,146.53,38.0,143.6,2.740000000000009,114.0,69.0,2.481253715367808,183,45.0,27.0,0.25,143.0,3.0
2025-05-20 07:40:39,142.0,99.0,143.95,38.0,139.0,11.0,145.8,30.0,142.97,1.9499999999999889,110.0,68.0,2.2448986614156623,178,42.0,-5.0,0.24,143.0,
2025-05-20 07:40:40,142.0,50.0,144.31,16.0,139.0,32.0,148.0,40.0,143.16,2.3100000000000023,82.0,56.0,1.8084606714068423,138,26.0,-40.0,0.19,142.4,5.0
2025-05-20 07:40:41,140.29,14.0,147.47,34.0,137.07,58.0,202.0,40.0,143.88,7.180000000000007,72.0,74.0,0.7202916076318686,146,-2.0,8.0,-0.01,142.0,5.0
2025-05-20 07:40:42,131.66,32.0,146.12,32.0,95.29,68.0,148.0,32.0,138.89,14.460000000000008,100.0,64.0,2.0495731262934203,164,36.0,18.0,0.22,137.25,8.0
2025-05-20 07:40:43,122.39,46.0,143.56,36.0,109.44,66.0,253.0,43.0,132.97,21.17,112.0,79.0,4.577513517186249,191,33.0,27.0,0.17,136.0,2.0
2025-05-20 07:40:44,133.34,29.0,143.0,28.0,127.33,72.0,278.73,30.0,138.17,9.659999999999997,101.0,58.0,4.396729466321781,159,43.0,-32.0,0.27,143.0,4.0
2025-05-20 07:40:45,134.46,94.0,266.47,49.0,118.9,67.0,496.51,41.0,200.46,132.01000000000002,161.0,90.0,27.987713911643976,251,71.0,92.0,0.28,143.0,
2025-05-20 07:40:47,139.0,40.0,166.13,46.0,136.0,10.0,335.53,38.0,152.57,27.129999999999995,50.0,84.0,95.47146055235596,134,-34.0,9.0,-0.25,139.0,2.0
2025-05-20 07:40:48,129.83,18.0,167.0,28.0,109.87,31.0,398.21,24.0,148.42,37.16999999999999,49.0,52.0,93.0997778192841,101,-3.0,-33.0,-0.03,138.25,4.0
2025-05-20 07:40:49,119.58,36.0,208.37,38.0,109.55,33.0,304.46,26.0,163.98,88.79,69.0,64.0,89.44917232708231,133,5.0,32.0,0.04,138.25,
2025-05-20 07:40:50,148.0,27.0,279.22,45.0,141.67,27.0,281.0,27.0,213.61,131.22000000000003,54.0,72.0,89.4647541213861,126,-18.0,-7.0,-0.14,138.25,
2025-05-20 07:40:51,145.2,10.0,231.92,37.0,142.12,52.0,266.26,31.0,188.56,86.72,62.0,68.0,27.355490673721185,130,-6.0,4.0,-0.05,146.4,5.0
2025-05-20 07:40:52,142.21,47.0,164.94,32.0,140.78,59.0,177.7,40.0,153.58,22.72999999999999,106.0,72.0,27.166037620529917,178,34.0,48.0,0.19,144.0,1.0
2025-05-20 07:40:53,142.0,63.0,143.47,15.0,139.0,36.0,269.09,23.0,142.73,1.4699999999999989,99.0,38.0,28.56906141265488,137,61.0,-41.0,0.45,144.0,
2025-05-20 07:40:54,142.0,32.0,143.0,32.0,139.0,32.0,194.83,12.0,142.5,1.0,64.0,44.0,31.621009313430264,108,20.0,-29.0,0.19,142.0,6.0
2025-05-20 07:40:55,139.0,28.0,277.35,23.0,137.0,21.0,362.14,21.0,208.17,138.35000000000002,49.0,44.0,29.703213125856305,93,5.0,-15.0,0.05,142.0,1.0
2025-05-20 07:40:56,139.52,29.0,195.7,30.0,138.54,52.0,230.24,25.0,167.61,56.17999999999998,81.0,55.0,27.30112946381596,136,26.0,43.0,0.19,142.0,
2025-05-20 07:40:57,142.4,20.0,192.12,42.0,138.72,43.0,198.73,52.0,167.26,49.72,63.0,94.0,26.81246407923079,157,-31.0,21.0,-0.2,140.0,4.0
2025-05-20 07:40:58,143.0,90.0,187.81,42.0,139.0,12.0,189.34,44.0,165.4,44.81,102.0,86.0,23.703385201275445,188,16.0,31.0,0.09,143.0,3.0
2025-05-20 07:40:59,143.0,42.0,184.11,18.0,139.0,7.0,185.0,29.0,163.56,41.110000000000014,49.0,47.0,18.947309835436965,96,2.0,-92.0,0.02,143.0,
2025-05-20 07:41:00,143.0,66.0,180.55,33.0,139.0,11.0,181.1,31.0,161.77,37.55000000000001,77.0,64.0,2.4755908385758736,141,13.0,45.0,0.09,143.0,
2025-05-20 07:41:01,143.0,54.0,177.6,25.0,139.46,13.0,178.82,22.0,160.3,34.599999999999994,67.0,47.0,2.7775564800809818,114,20.0,-27.0,0.18,143.0,
2025-05-20 07:41:02,143.35,69.0,174.55,73.0,140.68,25.0,175.36,39.0,158.95,31.200000000000017,94.0,112.0,2.561196985793733,206,-18.0,92.0,-0.09,143.0,3.0
2025-05-20 07:41:03,145.0,136.0,171.63,68.0,140.92,25.0,172.76,46.0,158.32,26.629999999999995,161.0,114.0,2.129518724979435,275,47.0,69.0,0.17,143.0,
2025-05-20 07:41:04,145.0,48.0,168.38,24.0,142.56,18.0,169.38,24.0,156.69,23.379999999999995,66.0,48.0,1.9333727007582389,114,18.0,-161.0,0.16,143.0,
2025-05-20 07:41:05,145.62,104.0,164.5,46.0,143.0,52.0,167.98,51.0,155.06,18.879999999999995,156.0,97.0,2.0348292311730773,253,59.0,139.0,0.23,143.0,
2025-05-20 07:41:06,146.0,104.0,160.09,44.0,143.0,52.0,160.61,49.0,153.05,14.090000000000003,156.0,93.0,2.412991918767143,249,63.0,-4.0,0.25,143.0,
2025-05-20 07:41:07,146.0,88.0,155.56,52.0,143.0,60.0,157.26,23.0,150.78,9.560000000000002,148.0,75.0,2.968627629062718,223,73.0,-26.0,0.33,143.0,
2025-05-20 07:41:08,146.0,80.0,154.53,38.0,143.0,80.0,155.42,38.0,150.26,8.530000000000001,160.0,76.0,2.745773115177867,236,84.0,13.0,0.36,143.0,
2025-05-20 07:41:09,146.0,72.0,152.41,29.0,143.0,72.0,153.5,32.0,149.21,6.409999999999997,144.0,61.0,2.3573438442519605,205,83.0,-31.0,0.4,143.0,
2025-05-20 07:41:10,146.0,74.0,149.08,50.0,143.0,136.0,151.0,68.0,147.54,3.0800000000000125,210.0,118.0,2.0318144600409886,328,92.0,123.0,0.28,146.0,5.0
2025-05-20 07:41:11,145.13,23.0,147.3,30.0,143.69,51.0,169.51,41.0,146.22,2.170000000000016,74.0,71.0,1.9015835506310943,145,3.0,-168.625,0.02,146.5,4.0
2025-05-20 07:41:12,144.0,50.0,146.18,34.0,143.0,80.0,147.46,26.0,145.09,2.180000000000007,130.0,60.0,2.1127777923932256,190,70.0,45.0,0.37,146.5,
2025-05-20 07:41:13,144.0,49.0,145.86,29.0,143.0,88.0,254.17,29.0,144.93,1.8600000000000136,137.0,58.0,1.7964604087007574,195,79.0,5.0,0.41,144.0,4.0
2025-05-20 07:41:14,143.04,75.0,144.94,35.0,140.23,78.0,334.78,45.0,143.99,1.9000000000000057,153.0,80.0,1.3636825143810232,233,73.0,38.0,0.31,144.0,3.0
2025-05-20 07:41:15,143.0,70.0,144.22,27.0,139.0,54.0,431.33,36.0,143.61,1.2199999999999989,124.0,63.0,1.0228000782303537,187,61.0,-46.0,0.33,143.0,1.0
2025-05-20 07:41:16,143.0,44.0,144.0,36.0,139.0,48.0,457.84,31.0,143.5,1.0,92.0,67.0,0.7423476274816804,159,25.0,-28.0,0.16,143.0,5.0
2025-05-20 07:41:17,143.0,13.0,423.67,36.0,139.0,60.0,527.68,28.0,283.33,280.67,73.0,64.0,62.309457709083325,137,9.0,-22.0,0.07,143.0,1.0
2025-05-20 07:41:19,143.0,9.0,412.52,33.0,142.0,108.0,613.77,31.0,277.76,269.52,117.0,64.0,100.19293962151268,181,53.0,45.0,0.29,143.0,
2025-05-20 07:41:20,143.0,16.0,241.85,33.0,142.0,198.0,323.79,43.0,192.42,98.85,214.0,76.0,89.7052435479671,290,138.0,109.0,0.48,143.0,
2025-05-20 07:41:21,144.51,70.0,214.43,46.0,142.13,75.0,216.23,57.0,179.47,69.92000000000002,145.0,103.0,79.4319075057379,248,42.0,-42.0,0.17,145.44,9.0
2025-05-20 07:41:22,142.0,130.0,212.3,30.0,139.0,130.0,213.82,33.0,177.15,70.30000000000001,260.0,63.0,86.11455945425308,323,197.0,75.0,0.61,143.0,1.0
2025-05-20 07:41:23,142.0,143.0,178.93,15.0,139.0,143.0,203.32,25.0,160.47,36.93000000000001,286.0,40.0,46.30844339858624,326,246.0,3.0,0.75,143.0,
2025-05-20 07:41:24,142.0,111.0,155.61,28.0,139.0,156.0,169.5,26.0,148.8,13.610000000000014,267.0,54.0,17.101969769592376,321,213.0,-5.0,0.66,142.0,5.0
2025-05-20 07:41:25,142.0,88.0,155.15,40.0,139.0,169.0,183.67,21.0,148.57,13.150000000000006,257.0,61.0,14.897070853025,318,196.0,-3.0,0.62,142.0,4.0
2025-05-20 07:41:26,142.26,27.0,155.29,28.0,139.9,93.0,156.05,42.0,148.77,13.03,120.0,70.0,12.487930973545774,190,50.0,-128.0,0.26,142.0,
2025-05-20 07:41:27,143.87,23.0,153.27,11.0,139.38,74.0,154.11,19.0,148.57,9.400000000000006,97.0,30.0,5.274872510311604,127,67.0,-63.0,0.53,142.0,
2025-05-20 07:41:28,144.38,32.0,150.9,20.0,139.78,118.0,151.89,18.0,147.64,6.52000000000001,150.0,38.0,0.4763926951998575,188,112.0,61.0,0.6,144.4,5.0
2025-05-20 07:41:29,142.0,20.0,147.73,11.0,139.0,130.0,149.32,19.0,144.86,5.72999999999999,150.0,30.0,1.637549999248692,180,120.0,-8.0,0.67,144.4,
2025-05-20 07:41:30,142.15,26.0,144.89,18.0,139.04,145.0,147.73,22.0,143.52,2.7399999999999807,171.0,40.0,2.353692843180464,211,131.0,31.0,0.62,144.4,
2025-05-20 07:41:31,143.0,46.0,144.9,40.0,142.0,34.0,244.79,24.0,143.95,1.9000000000000057,80.0,64.0,2.264987858695607,144,16.0,-67.0,0.11,143.67,6.0
2025-05-20 07:41:32,144.0,54.0,147.0,18.0,143.0,18.0,210.0,33.0,145.5,3.0,72.0,51.0,1.6192529141669796,123,21.0,-21.0,0.17,143.67,
2025-05-20 07:41:33,144.0,72.0,147.0,24.0,143.0,24.0,197.0,48.0,145.5,3.0,96.0,72.0,0.9020421276404376,168,24.0,45.0,0.14,143.67,
2025-05-20 07:41:34,144.0,58.0,145.82,22.0,143.0,22.0,168.43,28.0,144.91,1.8199999999999927,80.0,50.0,0.9050027624477676,130,30.0,-38.0,0.23,144.0,4.0
2025-05-20 07:41:35,144.0,30.0,147.0,30.0,143.0,30.0,225.25,48.0,145.5,3.0,60.0,78.0,0.6772517995828983,138,-18.0,8.0,-0.13,144.0,
2025-05-20 07:41:36,144.0,18.0,146.11,18.0,143.0,18.0,400.33,33.0,145.06,2.1100000000000136,36.0,51.0,0.2870191631901254,87,-15.0,-51.0,-0.17,144.0,
2025-05-20 07:41:37,144.0,20.0,145.6,20.0,143.0,30.0,398.5,28.0,144.8,1.5999999999999943,50.0,48.0,0.3290592652369847,98,2.0,11.0,0.02,144.0,
2025-05-20 07:41:38,143.08,52.0,411.42,24.0,142.21,38.0,522.87,46.0,277.25,268.34000000000003,90.0,70.0,59.11441051046731,160,20.0,62.0,0.12,144.0,2.0
2025-05-20 07:41:39,142.4,20.0,312.0,6.0,140.8,10.0,530.0,12.0,227.2,169.6,30.0,18.0,61.27505381474629,48,12.0,-112.0,0.25,143.0,4.0
2025-05-20 07:41:40,140.38,13.0,312.0,9.0,138.02,86.0,601.86,28.0,226.19,171.62,99.0,37.0,57.82454539380366,136,62.0,88.0,0.46,142.0,3.0
2025-05-20 07:41:41,139.0,7.0,406.0,15.0,138.0,84.0,537.89,18.0,272.5,267.0,91.0,33.0,53.19624018669055,124,58.0,-12.0,0.47,142.0,
2025-05-20 07:41:42,138.47,15.0,280.5,40.0,137.98,86.0,494.0,8.0,209.48,142.03,101.0,48.0,30.405534529096432,149,53.0,25.0,0.36,140.71,7.0
2025-05-20 07:41:43,137.91,44.0,313.8,30.0,136.59,34.0,575.41,17.0,225.85,175.89,78.0,47.0,23.67340976707984,125,31.0,-24.0,0.25,138.0,8.0
2025-05-20 07:41:44,138.43,14.0,336.43,14.0,136.1,39.0,446.17,12.0,237.43,198.0,53.0,26.0,23.570338351412605,79,27.0,-46.0,0.34,138.0,
2025-05-20 07:41:45,140.67,9.0,347.0,10.0,137.25,8.0,514.0,10.0,243.83,206.33,17.0,20.0,23.374190253355795,37,-3.0,-42.0,-0.08,138.0,1.0
2025-05-20 07:41:46,142.62,26.0,306.33,27.0,137.2,15.0,408.56,18.0,224.47,163.70999999999998,41.0,45.0,13.222734966718116,86,-4.0,49.0,-0.05,144.0,4.0
2025-05-20 07:41:47,138.0,6.0,289.0,30.0,137.0,12.0,393.67,12.0,213.5,151.0,18.0,42.0,11.84995696195012,60,-24.0,-26.0,-0.4,144.0,
2025-05-20 07:41:48,141.08,13.0,272.33,30.0,137.29,14.0,320.03,33.0,206.71,131.24999999999997,27.0,63.0,15.620115876653053,90,-36.0,30.0,-0.4,144.0,
2025-05-20 07:41:49,143.0,16.0,285.46,24.0,138.0,8.0,324.86,28.0,214.23,142.45999999999998,24.0,52.0,14.478564155332087,76,-28.0,-14.0,-0.37,144.0,
2025-05-20 07:41:50,137.91,23.0,269.0,7.0,126.64,22.0,288.0,35.0,203.46,131.09,45.0,42.0,8.101174606195332,87,3.0,11.0,0.03,138.57,7.0
2025-05-20 07:41:51,136.0,50.0,256.42,26.0,116.4,110.0,279.62,34.0,196.21,120.42000000000002,160.0,60.0,7.473357344598328,220,100.0,133.0,0.45,138.57,
2025-05-20 07:41:52,136.0,35.0,137.55,11.0,130.0,77.0,260.24,25.0,136.77,1.5500000000000114,112.0,36.0,31.25936947540778,148,76.0,-72.0,0.51,138.57,
2025-05-20 07:41:53,136.0,50.0,137.0,47.0,130.0,110.0,138.0,10.0,136.5,1.0,160.0,57.0,37.79216095964943,217,103.0,69.0,0.47,137.0,1.0
2025-05-20 07:41:54,136.0,45.0,137.0,33.0,130.0,99.0,138.0,9.0,136.5,1.0,144.0,42.0,34.735593704441634,186,102.0,-31.0,0.55,137.0,3.0
2025-05-20 07:41:55,133.72,29.0,137.0,10.0,129.81,103.0,138.0,10.0,135.36,3.280000000000001,132.0,20.0,26.80591110184543,152,112.0,-34.0,0.74,136.0,3.0
2025-05-20 07:41:56,136.0,14.0,137.0,7.0,130.0,77.0,138.0,7.0,136.5,1.0,91.0,14.0,0.5525214928271183,105,77.0,-47.0,0.73,136.0,
2025-05-20 07:41:57,136.0,96.0,137.08,13.0,59.97,62.0,148.43,14.0,136.54,1.0800000000000125,158.0,27.0,0.5145872132456146,185,131.0,80.0,0.71,137.0,1.0
2025-05-20 07:41:58,122.91,85.0,186.33,18.0,121.24,141.0,344.75,40.0,154.62,63.420000000000016,226.0,58.0,8.241655173570262,284,168.0,99.0,0.59,136.6,5.0
2025-05-20 07:41:59,115.81,52.0,429.16,31.0,115.1,41.0,477.94,31.0,272.48,313.35,93.0,62.0,59.45249363988066,155,31.0,-129.0,0.2,139.0,5.0
2025-05-20 07:42:00,145.62,16.0,422.7,10.0,143.0,16.0,423.75,12.0,284.16,277.08,32.0,22.0,74.84270839567516,54,10.0,-101.0,0.19,139.0,
2025-05-20 07:42:01,139.89,47.0,202.83,12.0,88.07,87.0,367.56,16.0,171.36,62.940000000000026,134.0,28.0,69.22716316591392,162,106.0,108.0,0.65,142.67,6.0
2025-05-20 07:42:02,139.24,33.0,159.5,12.0,103.36,42.0,329.04,27.0,149.37,20.25999999999999,75.0,39.0,66.28456622774317,114,36.0,-48.0,0.32,142.67,
2025-05-20 07:42:03,141.0,18.0,159.0,9.0,138.92,25.0,339.53,19.0,150.0,18.0,43.0,28.0,67.21249720104193,71,15.0,-43.0,0.21,142.67,
2025-05-20 07:42:04,142.22,18.0,154.55,11.0,139.5,12.0,369.53,17.0,148.38,12.330000000000013,30.0,28.0,58.65116776331105,58,2.0,-13.0,0.03,142.67,
2025-05-20 07:42:05,143.0,36.0,156.33,12.0,142.0,24.0,157.5,12.0,149.67,13.330000000000013,60.0,24.0,9.859540050126297,84,36.0,26.0,0.43,142.67,
2025-05-20 07:42:06,143.25,20.0,154.8,10.0,142.6,25.0,156.2,10.0,149.03,11.550000000000011,45.0,20.0,0.6226154511754778,65,25.0,-19.0,0.38,144.0,1.0
2025-05-20 07:42:07,143.62,56.0,154.0,12.0,142.52,29.0,156.0,12.0,148.81,10.379999999999995,85.0,24.0,0.654194160813435,109,61.0,44.0,0.56,144.0,
2025-05-20 07:42:08,145.05,85.0,153.33,9.0,144.3,67.0,154.67,9.0,149.19,8.280000000000001,152.0,18.0,0.4756889740600733,170,134.0,61.0,0.79,146.12,8.0
2025-05-20 07:42:09,145.14,56.0,152.0,7.0,144.0,49.0,153.14,7.0,148.57,6.860000000000014,105.0,14.0,0.416028845204682,119,91.0,-51.0,0.76,146.12,
2025-05-20 07:42:10,146.0,56.0,149.14,7.0,144.0,49.0,150.14,7.0,147.57,3.1399999999999864,105.0,14.0,0.6389679178505061,119,91.0,0.0,0.76,146.12,
2025-05-20 07:42:11,146.0,24.0,148.0,4.0,144.0,28.0,149.0,4.0,147.0,2.0,52.0,8.0,0.9113287003283148,60,44.0,-59.0,0.73,146.0,4.0
2025-05-20 07:42:12,146.0,38.0,147.1,10.0,144.0,70.0,248.36,11.0,146.55,1.0999999999999943,108.0,21.0,1.092876937281581,129,87.0,69.0,0.67,146.0,1.0
2025-05-20 07:42:13,146.0,21.0,147.0,7.0,144.0,49.0,528.89,9.0,146.5,1.0,70.0,16.0,0.8600988315547404,86,54.0,-43.0,0.63,146.0,
2025-05-20 07:42:14,146.0,15.0,147.0,5.0,144.0,35.0,372.2,5.0,146.5,1.0,50.0,10.0,0.4670438951979981,60,40.0,-26.0,0.67,146.0,
2025-05-20 07:42:15,146.0,27.0,147.0,9.0,144.0,63.0,150.0,9.0,146.5,1.0,90.0,18.0,0.2190890230971595,108,72.0,48.0,0.67,146.0,
2025-05-20 07:42:16,146.0,19.0,252.95,21.0,144.0,63.0,286.86,21.0,199.48,106.95,82.0,42.0,23.68779601398247,124,40.0,16.0,0.32,146.0,1.0
2025-05-20 07:42:17,144.86,37.0,340.86,42.0,143.95,59.0,345.71,49.0,242.86,196.0,96.0,91.0,43.67963736113258,187,5.0,63.0,0.03,146.0,2.0
2025-05-20 07:42:18,144.0,108.0,336.79,63.0,143.0,16.0,338.42,78.0,240.4,192.79,124.0,141.0,47.634547546922846,265,-17.0,78.0,-0.06,144.0,4.0
2025-05-20 07:42:19,142.1,63.0,333.47,49.0,140.27,11.0,334.57,46.0,237.78,191.37000000000003,74.0,95.0,41.41452740283362,169,-21.0,-96.0,-0.12,143.75,4.0
2025-05-20 07:42:20,142.0,84.0,323.44,41.0,140.0,14.0,329.57,54.0,232.72,181.44,98.0,95.0,17.82440237427502,193,3.0,24.0,0.02,143.75,
2025-05-20 07:42:21,142.0,42.0,233.93,40.0,140.0,10.0,236.83,42.0,187.96,91.93,52.0,82.0,22.886220308300366,134,-30.0,-59.0,-0.22,142.0,3.0
2025-05-20 07:42:22,142.0,64.0,205.53,60.0,140.0,20.0,221.61,75.0,173.77,63.53,84.0,135.0,31.257150861843705,219,-51.0,85.0,-0.23,142.0,4.0
2025-05-20 07:42:23,142.0,39.0,188.95,39.0,140.0,13.0,192.47,40.0,165.47,46.94999999999999,52.0,79.0,33.62351929825392,131,-27.0,-88.0,-0.21,142.0,
2025-05-20 07:42:24,143.84,74.0,184.69,85.0,141.92,53.0,185.38,66.0,164.27,40.85,127.0,151.0,28.386156309018837,278,-24.0,147.0,-0.09,142.0,
2025-05-20 07:42:25,144.0,48.0,179.95,44.0,142.0,36.0,181.54,50.0,161.98,35.94999999999999,84.0,94.0,10.630947747028328,178,-10.0,-100.0,-0.06,142.0,
2025-05-20 07:42:26,144.0,72.0,174.12,67.0,140.0,18.0,176.02,52.0,159.06,30.120000000000005,90.0,119.0,5.523364011184246,209,-29.0,31.0,-0.14,142.0,
2025-05-20 07:42:27,144.0,76.0,167.76,45.0,141.68,19.0,169.1,63.0,155.88,23.75999999999999,95.0,108.0,3.907079471938657,203,-13.0,-6.0,-0.06,142.0,
2025-05-20 07:42:28,143.0,32.0,162.36,28.0,139.39,46.0,163.29,49.0,152.68,19.360000000000014,78.0,77.0,4.638920132966712,155,1.0,-48.0,0.01,143.6,5.0
2025-05-20 07:42:29,146.7,94.0,157.52,27.0,138.33,90.0,158.31,29.0,152.11,10.820000000000022,184.0,56.0,4.204404833034437,240,128.0,85.0,0.53,140.0,1.0
2025-05-20 07:42:30,148.0,120.0,152.9,50.0,139.0,60.0,154.19,26.0,150.45,4.900000000000006,180.0,76.0,3.429596186148306,256,104.0,16.0,0.41,140.0,
2025-05-20 07:42:31,148.0,100.0,153.08,24.0,139.0,50.0,155.06,16.0,150.54,5.0800000000000125,150.0,40.0,2.2086126867431397,190,110.0,-66.0,0.58,148.0,2.0
2025-05-20 07:42:32,148.0,104.0,151.5,18.0,139.0,65.0,152.43,21.0,149.75,3.5,169.0,39.0,1.2323676399689267,208,130.0,18.0,0.62,148.0,
2025-05-20 07:42:33,146.93,60.0,148.8,15.0,139.13,63.0,149.8,15.0,147.87,1.8700000000000043,123.0,30.0,1.5363853683377835,153,93.0,-55.0,0.61,148.0,8.0
2025-05-20 07:42:34,140.0,24.0,147.75,12.0,139.0,76.0,148.75,12.0,143.88,7.75,100.0,24.0,2.7958844754463947,124,76.0,-29.0,0.61,148.0,
2025-05-20 07:42:35,139.29,35.0,147.0,10.0,137.91,55.0,148.0,10.0,143.14,7.710000000000008,90.0,20.0,3.3718881950684545,110,70.0,-14.0,0.64,140.0,2.0
2025-05-20 07:42:36,137.94,88.0,145.67,12.0,136.86,56.0,146.67,12.0,141.8,7.72999999999999,144.0,24.0,3.366700164856053,168,120.0,58.0,0.71,140.0,
2025-05-20 07:42:37,139.0,78.0,144.0,12.0,136.69,78.0,145.0,12.0,141.5,5.0,156.0,24.0,2.5576199874183074,180,132.0,12.0,0.73,139.0,4.0
2025-05-20 07:42:38,142.19,69.0,144.0,13.0,138.48,93.0,145.0,13.0,143.09,1.8100000000000025,162.0,26.0,0.998308569552305,188,136.0,8.0,0.72,144.0,1.0
2025-05-20 07:42:39,143.0,24.0,159.2,10.0,139.0,16.0,208.88,25.0,151.1,16.19999999999999,40.0,35.0,3.968259064128947,75,5.0,-113.0,0.07,143.2,5.0
