DateTime,Bid1_Price,Bid1_Volume,Ask1_Price,Ask1_Volume,Bid2_Price,Bid2_Volume,Ask2_Price,Ask2_Volume,Mid-Price,Bid_Ask_Spread,Market_Depth_Bid,Market_Depth_Ask,Historical_Volatility,Total_volume,Cumulative_Volume_Difference,Total_Volume_Change_Corrected,Order_imbalance,Weighted_Avg_Price,Trade_Volume
2025-04-16 07:30:06,136.9,58.0,149.24,25.0,134.82,17.0,151.17,23.0,143.07,12.340000000000003,75.0,48.0,142.1236846201223,123,27.0,85.0,0.22,,
2025-04-16 07:30:07,145.0,72.0,147.83,29.0,143.0,65.0,174.8,25.0,146.41,2.8300000000000125,137.0,54.0,162.1532708581606,191,83.0,68.0,0.43,145.0,2.0
2025-04-16 07:30:08,145.0,25.0,147.47,19.0,143.0,35.0,180.92,13.0,146.24,2.469999999999999,60.0,32.0,147.96174083187853,92,28.0,-99.0,0.3,145.0,3.0
2025-04-16 07:30:09,145.0,7.0,147.45,11.0,143.0,35.0,240.71,7.0,146.23,2.4499999999999886,42.0,18.0,85.30067262337379,60,24.0,-32.0,0.4,146.0,2.0
2025-04-16 07:30:10,145.93,46.0,150.0,13.0,143.8,25.0,339.8,15.0,147.97,4.069999999999993,71.0,28.0,1.7848753457851636,99,43.0,39.0,0.43,146.0,5.0
2025-04-16 07:30:11,146.0,18.0,150.0,6.0,145.0,6.0,251.0,18.0,148.0,4.0,24.0,24.0,0.9293815147675808,48,0.0,-51.0,0.0,146.0,
2025-04-16 07:30:12,143.0,25.0,149.2,5.0,141.0,5.0,243.62,13.0,146.1,6.199999999999989,30.0,18.0,0.9847690084439548,48,12.0,0.0,0.25,145.75,4.0
2025-04-16 07:30:13,143.0,45.0,149.0,9.0,141.0,9.0,249.57,23.0,146.0,6.0,54.0,32.0,1.0302669556924042,86,22.0,38.0,0.26,145.75,
2025-04-16 07:30:14,143.0,35.0,149.0,7.0,141.0,7.0,308.0,7.0,146.0,6.0,42.0,14.0,1.0698037203112043,56,28.0,-30.0,0.5,145.75,
2025-04-16 07:30:15,143.0,18.0,149.0,6.0,141.38,8.0,410.18,22.0,146.0,6.0,26.0,28.0,0.8843076387726829,54,-2.0,-2.0,-0.04,143.0,3.0
2025-04-16 07:30:16,143.0,10.0,149.0,5.0,142.0,15.0,261.5,8.0,146.0,6.0,25.0,13.0,0.0447213594576422,38,12.0,-16.0,0.32,143.0,
2025-04-16 07:30:17,143.0,12.0,148.05,20.0,142.0,18.0,161.38,21.0,145.53,5.050000000000011,30.0,41.0,0.2101903898653579,71,-11.0,33.0,-0.15,143.0,
2025-04-16 07:30:18,143.0,20.0,148.0,40.0,142.0,38.0,160.97,31.0,145.5,5.0,58.0,71.0,0.2658571044598225,129,-13.0,58.0,-0.1,143.0,
2025-04-16 07:30:19,143.4,20.0,145.39,46.0,142.07,29.0,148.89,27.0,144.4,1.989999999999981,49.0,73.0,0.65381954696368,122,-24.0,-7.0,-0.2,143.0,
2025-04-16 07:30:20,143.0,20.0,144.0,50.0,142.0,30.0,148.0,30.0,143.5,1.0,50.0,80.0,1.017339667953559,130,-30.0,8.0,-0.23,143.0,
2025-04-16 07:30:21,143.0,24.0,144.0,60.0,142.0,36.0,148.0,36.0,143.5,1.0,60.0,96.0,1.008702136406939,156,-36.0,26.0,-0.23,143.0,
2025-04-16 07:30:22,142.22,23.0,144.0,80.0,141.4,30.0,148.0,48.0,143.11,1.7800000000000011,53.0,128.0,0.9620395002243756,181,-75.0,25.0,-0.41,142.4,5.0
2025-04-16 07:30:23,141.0,16.0,142.5,52.0,140.0,16.0,144.32,76.0,141.75,1.5,32.0,128.0,0.9639865144243684,160,-96.0,-21.0,-0.6,142.4,
2025-04-16 07:30:24,140.58,12.0,142.29,41.0,139.26,27.0,145.56,48.0,141.44,1.7099999999999795,39.0,89.0,0.991236601418694,128,-50.0,-32.0,-0.39,143.22,9.0
2025-04-16 07:30:25,139.31,26.0,143.43,28.0,138.68,38.0,145.0,14.0,141.37,4.1200000000000045,64.0,42.0,0.9976622674994362,106,22.0,-22.0,0.21,139.5,2.0
2025-04-16 07:30:26,140.25,32.0,142.74,23.0,138.8,30.0,144.6,15.0,141.49,2.490000000000009,62.0,38.0,0.7287111910710262,100,24.0,-6.0,0.24,141.0,3.0
2025-04-16 07:30:27,139.0,32.0,143.5,16.0,136.69,16.0,145.54,26.0,141.25,4.5,48.0,42.0,0.1854723698888415,90,6.0,-10.0,0.07,139.0,2.0
2025-04-16 07:30:28,139.0,11.0,141.55,11.0,136.0,11.0,144.83,12.0,140.27,2.550000000000012,22.0,23.0,0.5078188653370483,45,-1.0,-45.0,-0.02,139.0,
2025-04-16 07:30:29,139.0,8.0,140.0,8.0,136.0,8.0,144.0,16.0,139.5,1.0,16.0,24.0,0.8619048671357231,40,-8.0,-5.0,-0.2,139.0,
2025-04-16 07:30:30,136.0,9.0,140.0,9.0,127.92,13.0,144.0,18.0,138.0,4.0,22.0,27.0,1.418932697485089,49,-5.0,9.0,-0.1,139.0,1.0
2025-04-16 07:30:31,136.43,14.0,144.0,20.0,125.6,10.0,145.0,40.0,140.21,7.569999999999993,24.0,60.0,1.2052924956176945,84,-36.0,35.0,-0.43,140.0,1.0
2025-04-16 07:30:32,139.3,30.0,144.0,13.0,137.6,10.0,145.0,40.0,141.65,4.699999999999989,40.0,53.0,1.3287324787150867,93,-13.0,9.0,-0.14,144.0,1.0
2025-04-16 07:30:33,141.0,33.0,144.0,11.0,138.0,11.0,145.0,37.0,142.5,3.0,44.0,48.0,1.7730397626653258,92,-4.0,-1.0,-0.04,144.0,
2025-04-16 07:30:34,142.2,41.0,144.32,19.0,139.57,23.0,146.94,80.0,143.26,2.1200000000000045,64.0,99.0,2.081304879154484,163,-35.0,71.0,-0.21,144.0,1.0
2025-04-16 07:30:35,143.74,19.0,145.0,72.0,141.24,17.0,372.57,23.0,144.37,1.259999999999991,36.0,95.0,1.580275292470331,131,-59.0,-32.0,-0.45,144.0,
2025-04-16 07:30:36,143.33,12.0,145.0,60.0,141.42,38.0,301.8,20.0,144.17,1.6699999999999875,50.0,80.0,1.140767285642497,130,-30.0,-1.0,-0.23,144.0,2.0
2025-04-16 07:30:37,143.0,8.0,145.0,48.0,142.0,96.0,355.11,19.0,144.0,2.0,104.0,67.0,0.7722370102449889,171,37.0,41.0,0.22,144.0,
2025-04-16 07:30:38,143.0,10.0,145.0,60.0,142.0,120.0,244.5,24.0,144.0,2.0,130.0,84.0,0.4199404719625104,214,46.0,43.0,0.21,144.0,
2025-04-16 07:30:39,143.0,7.0,145.0,42.0,142.0,84.0,147.0,21.0,144.0,2.0,91.0,63.0,0.1639207125169924,154,28.0,-60.0,0.18,144.0,
2025-04-16 07:30:40,142.2,40.0,143.95,21.0,141.85,104.0,145.0,72.0,143.08,1.75,144.0,93.0,0.436692111208915,237,51.0,83.0,0.22,142.88,8.0
2025-04-16 07:30:41,142.0,88.0,143.0,11.0,140.31,26.0,145.0,66.0,142.5,1.0,114.0,77.0,0.6937434684320598,191,37.0,-46.0,0.19,142.88,
2025-04-16 07:30:42,142.0,78.0,144.29,52.0,141.0,48.0,145.58,36.0,143.14,2.289999999999992,126.0,88.0,0.6489067729590808,214,38.0,23.0,0.18,142.0,1.0
2025-04-16 07:30:43,142.0,79.0,143.0,65.0,140.38,32.0,145.62,39.0,142.5,1.0,111.0,104.0,0.6156947295472037,215,7.0,1.0,0.03,142.0,1.0
2025-04-16 07:30:44,142.0,27.0,145.04,48.0,140.0,34.0,146.95,59.0,143.52,3.039999999999992,61.0,107.0,0.4424025316295263,168,-46.0,-47.0,-0.27,142.0,5.0
2025-04-16 07:30:45,142.0,10.0,143.9,20.0,139.08,76.0,146.0,30.0,142.95,1.9000000000000057,86.0,50.0,0.4364859676922238,136,36.0,-32.0,0.26,142.0,
2025-04-16 07:30:46,144.65,52.0,145.6,45.0,139.43,70.0,148.7,89.0,145.13,0.9499999999999886,122.0,134.0,1.0094404390513363,256,-12.0,120.0,-0.05,144.33,6.0
2025-04-16 07:30:47,142.0,20.0,147.03,33.0,139.83,29.0,164.51,49.0,144.52,5.030000000000001,49.0,82.0,1.0896467317402183,131,-33.0,-125.0,-0.25,143.57,7.0
2025-04-16 07:30:48,140.69,52.0,148.0,56.0,139.46,69.0,298.86,28.0,144.35,7.310000000000002,121.0,84.0,0.8600174416790158,205,37.0,74.0,0.18,143.57,
2025-04-16 07:30:49,142.75,48.0,148.0,48.0,141.75,48.0,235.5,28.0,145.38,5.25,96.0,76.0,0.9474861476518324,172,20.0,-33.0,0.12,143.57,
2025-04-16 07:30:50,144.2,59.0,147.52,63.0,142.32,56.0,175.76,34.0,145.86,3.3200000000000216,115.0,97.0,0.6209428315006775,212,18.0,40.0,0.08,145.67,6.0
2025-04-16 07:30:51,144.15,34.0,148.0,108.0,141.05,95.0,322.31,45.0,146.07,3.8499999999999934,129.0,153.0,0.7751322467760362,282,-24.0,70.0,-0.09,144.2,5.0
2025-04-16 07:30:52,145.92,25.0,148.0,54.0,142.13,15.0,316.22,18.0,146.96,2.0800000000000125,40.0,72.0,0.9581388208355064,112,-32.0,-170.0,-0.29,144.2,
2025-04-16 07:30:53,145.17,36.0,147.63,67.0,141.9,21.0,171.71,21.0,146.4,2.460000000000008,57.0,88.0,0.5917600865148241,145,-31.0,33.0,-0.21,145.5,4.0
2025-04-16 07:30:54,141.0,15.0,147.0,25.0,140.0,20.0,148.6,5.0,144.0,6.0,35.0,30.0,1.1186241549296323,65,5.0,-80.0,0.08,145.5,
2025-04-16 07:30:55,141.5,48.0,147.0,55.0,140.22,41.0,149.0,11.0,144.25,5.5,89.0,66.0,1.3297104948040532,155,23.0,90.0,0.15,145.5,
2025-04-16 07:30:56,142.0,64.0,147.0,40.0,141.0,24.0,149.0,8.0,144.5,5.0,88.0,48.0,1.3571735334849575,136,40.0,-19.0,0.29,145.5,
2025-04-16 07:30:57,142.0,64.0,147.0,40.0,141.0,24.0,149.0,8.0,144.5,5.0,88.0,48.0,0.9562949335806682,136,40.0,0.0,0.29,145.5,
2025-04-16 07:30:58,143.0,13.0,147.0,65.0,142.0,104.0,149.0,13.0,145.0,4.0,117.0,78.0,0.3708099243440819,195,39.0,59.0,0.2,145.5,
2025-04-16 07:30:59,143.0,9.0,146.11,36.0,142.0,72.0,146.7,37.0,144.56,3.1100000000000136,81.0,73.0,0.2724334781043955,154,8.0,-41.0,0.05,145.5,
2025-04-16 07:31:00,142.08,52.0,143.48,29.0,141.73,44.0,145.71,41.0,142.78,1.3999999999999773,96.0,70.0,0.8577412197114354,166,26.0,12.0,0.16,143.0,1.0
2025-04-16 07:31:01,141.89,54.0,142.96,52.0,140.6,30.0,146.6,25.0,142.43,1.0700000000000216,84.0,77.0,1.1630047291357266,161,7.0,-5.0,0.04,142.0,8.0
2025-04-16 07:31:02,141.0,22.0,142.09,55.0,140.0,44.0,147.6,15.0,141.55,1.0900000000000034,66.0,70.0,1.462952494099544,136,-4.0,-25.0,-0.03,142.0,1.0
2025-04-16 07:31:03,141.0,26.0,144.98,41.0,140.0,52.0,147.14,37.0,142.99,3.9799999999999898,78.0,78.0,1.0970733794929517,156,0.0,20.0,0.0,142.0,5.0
2025-04-16 07:31:04,141.0,26.0,144.62,39.0,140.0,52.0,146.09,67.0,142.81,3.620000000000005,78.0,106.0,0.5747347214081501,184,-28.0,28.0,-0.15,142.0,
2025-04-16 07:31:05,141.04,25.0,145.45,66.0,140.04,50.0,266.95,42.0,143.25,4.409999999999997,75.0,108.0,0.6614227090084609,183,-33.0,-1.0,-0.18,142.0,1.0
2025-04-16 07:31:06,140.03,74.0,145.39,46.0,139.25,16.0,150.93,58.0,142.71,5.359999999999985,90.0,104.0,0.6546143903032416,194,-14.0,11.0,-0.07,142.0,
2025-04-16 07:31:07,140.0,63.0,146.45,55.0,139.0,13.0,185.54,41.0,143.23,6.449999999999989,76.0,96.0,0.242734422758774,172,-20.0,-22.0,-0.12,141.88,8.0
2025-04-16 07:31:08,141.67,18.0,147.0,30.0,139.5,6.0,407.0,12.0,144.33,5.3300000000000125,24.0,42.0,0.6424017434534205,66,-18.0,-106.0,-0.27,141.88,
2025-04-16 07:31:09,143.56,52.0,147.0,70.0,141.53,30.0,360.3,40.0,145.28,3.4399999999999977,82.0,110.0,1.0342630226358742,192,-28.0,126.0,-0.15,141.88,
2025-04-16 07:31:10,145.0,33.0,147.0,55.0,144.0,11.0,450.38,32.0,146.0,2.0,44.0,87.0,1.371477305678727,131,-43.0,-61.0,-0.33,141.88,
2025-04-16 07:31:11,145.0,33.0,147.0,55.0,144.0,11.0,396.55,44.0,146.0,2.0,44.0,99.0,1.1890206053688297,143,-55.0,12.0,-0.38,141.88,
2025-04-16 07:31:12,145.0,18.0,147.0,30.0,144.0,6.0,177.0,24.0,146.0,2.0,24.0,54.0,0.7356765593598501,78,-30.0,-65.0,-0.38,141.88,
2025-04-16 07:31:13,145.0,27.0,147.0,45.0,144.0,9.0,162.0,36.0,146.0,2.0,36.0,81.0,0.3219937887467516,117,-45.0,39.0,-0.38,141.88,
2025-04-16 07:31:14,144.3,10.0,146.64,28.0,143.07,15.0,160.55,31.0,145.47,2.339999999999975,25.0,59.0,0.2370232055970083,84,-34.0,-33.0,-0.4,145.8,5.0
2025-04-16 07:31:15,143.09,22.0,144.65,48.0,142.07,54.0,153.11,18.0,143.87,1.5600000000000025,76.0,66.0,0.9223177326667764,142,10.0,58.0,0.07,144.0,1.0
2025-04-16 07:31:16,142.03,72.0,144.0,57.0,140.53,19.0,147.6,15.0,143.01,1.9699999999999989,91.0,72.0,1.3577002614685374,163,19.0,21.0,0.12,143.33,3.0
2025-04-16 07:31:17,142.0,50.0,146.35,26.0,140.0,10.0,252.95,21.0,144.17,4.349999999999994,60.0,47.0,1.2162154414378332,107,13.0,-56.0,0.12,143.0,3.0
2025-04-16 07:31:18,142.0,55.0,146.0,44.0,140.0,11.0,147.26,35.0,144.0,4.0,66.0,79.0,0.8849745759014382,145,-13.0,38.0,-0.09,143.0,
2025-04-16 07:31:19,142.0,45.0,144.11,36.0,140.0,21.0,147.0,36.0,143.06,2.1100000000000136,66.0,72.0,0.5465985729875749,138,-6.0,-7.0,-0.04,143.0,
2025-04-16 07:31:20,141.54,79.0,144.71,82.0,138.92,50.0,147.16,75.0,143.13,3.170000000000016,129.0,157.0,0.5626099892395169,286,-28.0,148.0,-0.1,141.0,9.0
2025-04-16 07:31:21,139.0,52.0,146.48,29.0,138.0,125.0,147.7,30.0,142.74,7.47999999999999,177.0,59.0,0.6274950198942649,236,118.0,-50.0,0.5,141.0,
2025-04-16 07:31:22,140.0,21.0,145.0,36.0,138.01,137.0,146.0,17.0,142.5,5.0,158.0,53.0,0.5703332359175779,211,105.0,-25.0,0.5,139.0,3.0
2025-04-16 07:31:23,142.0,77.0,144.09,44.0,139.0,11.0,146.0,25.0,143.05,2.0900000000000034,88.0,69.0,0.2676378149519915,157,19.0,-54.0,0.12,139.0,
2025-04-16 07:31:24,142.0,88.0,144.0,56.0,139.0,14.0,146.0,44.0,143.0,2.0,102.0,100.0,0.2596728711134071,202,2.0,45.0,0.01,142.0,2.0
2025-04-16 07:31:25,142.0,30.0,144.7,66.0,138.13,78.0,145.83,58.0,143.35,2.6999999999999886,108.0,124.0,0.3227537761084504,232,-16.0,30.0,-0.07,142.0,4.0
2025-04-16 07:31:26,142.0,12.0,145.0,60.0,138.52,142.0,146.0,48.0,143.5,3.0,154.0,108.0,0.3850324661534595,262,46.0,30.0,0.18,142.0,
2025-04-16 07:31:27,142.0,9.0,145.0,45.0,139.0,108.0,146.0,36.0,143.5,3.0,117.0,81.0,0.2413503677066791,198,36.0,-64.0,0.18,142.0,
2025-04-16 07:31:28,142.0,9.0,145.0,45.0,139.0,108.0,146.0,36.0,143.5,3.0,117.0,81.0,0.2167948338686109,198,36.0,0.0,0.18,142.0,
2025-04-16 07:31:29,142.89,44.0,145.0,40.0,139.68,57.0,146.0,32.0,143.94,2.1100000000000136,101.0,72.0,0.2232039425997039,173,29.0,-25.0,0.17,142.0,
2025-04-16 07:31:30,143.0,130.0,145.0,50.0,142.0,10.0,146.0,40.0,144.0,2.0,140.0,90.0,0.2583021486399273,230,50.0,57.0,0.22,142.0,
2025-04-16 07:31:31,143.21,182.0,145.0,70.0,142.0,14.0,147.0,56.0,144.11,1.789999999999992,196.0,126.0,0.2894822965087158,322,70.0,92.0,0.22,142.0,
2025-04-16 07:31:32,144.0,113.0,145.0,70.0,142.0,14.0,148.0,56.0,144.5,1.0,127.0,126.0,0.3588871688872198,253,1.0,-69.0,0.0,144.0,7.0
2025-04-16 07:31:33,144.0,54.0,145.0,45.0,142.99,153.0,148.0,36.0,144.5,1.0,207.0,81.0,0.2716615541290278,288,126.0,35.0,0.44,144.0,
2025-04-16 07:31:34,144.0,36.0,145.0,30.0,143.0,114.0,146.0,12.0,144.5,1.0,150.0,42.0,0.2468197722868811,192,108.0,-96.0,0.56,144.0,
2025-04-16 07:31:35,144.0,48.0,145.38,16.0,143.0,152.0,147.71,28.0,144.69,1.3799999999999957,200.0,44.0,0.2122498527483385,244,156.0,52.0,0.64,145.17,6.0
2025-04-16 07:31:36,144.0,30.0,145.44,9.0,143.0,95.0,147.88,17.0,144.72,1.4399999999999975,125.0,26.0,0.1127829774019522,151,99.0,-93.0,0.66,145.17,
2025-04-16 07:31:37,143.23,172.0,145.54,50.0,142.96,178.0,174.69,42.0,144.38,2.3100000000000023,350.0,92.0,0.1432480366066413,442,258.0,169.5,0.58,144.0,6.0
2025-04-16 07:31:38,143.0,131.0,147.0,40.0,142.0,7.0,217.0,14.0,145.0,4.0,138.0,54.0,0.2366854452466928,192,84.0,-170.5,0.44,143.0,2.0
2025-04-16 07:31:39,143.0,187.0,146.41,37.0,142.0,11.0,193.81,47.0,144.7,3.4099999999999966,198.0,84.0,0.2195905280097762,282,114.0,90.0,0.4,143.0,
2025-04-16 07:31:40,143.0,205.0,144.38,26.0,142.0,13.0,147.61,64.0,143.69,1.3799999999999957,218.0,90.0,0.5022150933531153,308,128.0,26.0,0.42,143.0,4.0
2025-04-16 07:31:41,144.79,33.0,147.0,44.0,143.06,71.0,149.0,33.0,145.89,2.210000000000008,104.0,77.0,0.8098580122413983,181,27.0,-127.0,0.15,145.14,7.0
2025-04-16 07:31:42,145.0,5.0,147.0,20.0,142.8,5.0,149.0,15.0,146.0,2.0,10.0,35.0,0.9463773031891044,45,-25.0,-136.0,-0.56,145.14,
2025-04-16 07:31:43,145.0,12.0,147.0,48.0,144.0,12.0,149.0,36.0,146.0,2.0,24.0,84.0,1.033261825478622,108,-60.0,63.0,-0.56,145.14,
2025-04-16 07:31:44,145.0,8.0,146.75,32.0,144.0,8.0,148.38,26.0,145.88,1.75,16.0,58.0,1.0089945490394516,74,-42.0,-34.0,-0.57,145.14,
2025-04-16 07:31:45,144.33,9.0,146.0,36.0,142.67,9.0,147.0,36.0,145.17,1.6699999999999875,18.0,72.0,0.3502427729321887,90,-54.0,16.0,-0.6,145.0,1.0
2025-04-16 07:31:46,144.0,16.0,145.56,64.0,142.0,16.0,147.0,64.0,144.78,1.5600000000000025,32.0,128.0,0.558999105537117,160,-96.0,70.0,-0.6,145.0,
2025-04-16 07:31:47,144.0,9.0,145.0,36.0,142.0,9.0,147.0,12.0,144.5,1.0,18.0,48.0,0.6610446278364194,66,-30.0,-94.0,-0.45,145.0,
2025-04-16 07:31:48,143.14,14.0,145.32,40.0,140.24,68.0,154.9,30.0,144.23,2.180000000000007,82.0,70.0,0.6434050046366628,152,12.0,86.0,0.08,144.0,1.0
2025-04-16 07:31:49,140.25,48.0,145.08,39.0,139.9,67.0,147.0,37.0,142.66,4.8300000000000125,115.0,76.0,0.9639346450832158,191,39.0,39.0,0.2,140.4,5.0
2025-04-16 07:31:50,140.0,42.0,145.0,24.0,139.0,8.0,147.0,40.0,142.5,5.0,50.0,64.0,1.0727441447017318,114,-14.0,-77.0,-0.12,140.0,2.0
2025-04-16 07:31:51,140.0,32.0,144.25,24.0,139.0,8.0,147.0,48.0,142.12,4.25,40.0,72.0,1.0838450073658894,112,-32.0,-2.0,-0.29,140.0,
2025-04-16 07:31:52,140.76,116.0,144.0,45.0,139.82,39.0,147.0,78.0,142.38,3.240000000000009,155.0,123.0,0.835296354590427,278,32.0,166.0,0.12,140.0,
2025-04-16 07:31:53,141.23,105.0,143.83,36.0,139.98,45.0,147.0,72.0,142.53,2.6000000000000227,150.0,108.0,0.2037645700118974,258,42.0,-20.0,0.16,141.0,3.0
2025-04-16 07:31:54,142.6,50.0,147.0,60.0,139.3,10.0,148.0,70.0,144.8,4.400000000000006,60.0,130.0,1.0931514076247837,190,-70.0,-68.0,-0.37,142.0,3.0
2025-04-16 07:31:55,143.0,65.0,147.0,110.0,140.0,13.0,148.0,59.0,145.0,4.0,78.0,169.0,1.4097801246974373,247,-91.0,57.0,-0.37,142.0,
2025-04-16 07:31:56,144.73,111.0,147.0,150.0,143.49,63.0,148.0,45.0,145.86,2.2700000000000102,174.0,195.0,1.5668375793271487,369,-21.0,122.0,-0.06,142.0,
2025-04-16 07:31:57,145.0,29.0,147.0,80.0,144.0,40.0,148.0,24.0,146.0,2.0,69.0,104.0,1.3918764312939476,173,-35.0,-170.5,-0.2,145.0,5.0
2025-04-16 07:31:58,145.0,24.0,147.0,80.0,144.0,40.0,148.0,24.0,146.0,2.0,64.0,104.0,0.5840547919428378,168,-40.0,-5.0,-0.24,145.0,
2025-04-16 07:31:59,144.6,53.0,146.81,94.0,143.6,50.0,147.29,84.0,145.71,2.210000000000008,103.0,178.0,0.4167493251240523,281,-75.0,113.0,-0.27,145.57,7.0
2025-04-16 07:32:00,144.83,84.0,146.93,87.0,142.78,36.0,164.38,73.0,145.88,2.0999999999999943,120.0,160.0,0.1199999999638224,280,-40.0,-1.0,-0.14,144.0,2.0
2025-04-16 07:32:01,144.0,21.0,145.77,13.0,140.0,7.0,146.67,18.0,144.88,1.7700000000000102,28.0,31.0,0.4702977779995947,59,-3.0,-170.5,-0.05,145.0,1.0
2025-04-16 07:32:02,144.0,20.0,147.0,29.0,142.45,22.0,241.69,32.0,145.5,3.0,42.0,61.0,0.4412255658859475,103,-19.0,44.0,-0.18,146.17,6.0
2025-04-16 07:32:03,143.17,24.0,145.58,60.0,141.12,16.0,146.51,57.0,144.38,2.410000000000025,40.0,117.0,0.6250599971134254,157,-77.0,54.0,-0.49,143.67,3.0
2025-04-16 07:32:04,143.0,12.0,145.17,30.0,140.0,6.0,146.22,27.0,144.08,2.1699999999999875,18.0,57.0,0.7506530490123139,75,-39.0,-82.0,-0.52,145.0,5.0
2025-04-16 07:32:05,143.0,22.0,146.0,60.0,140.0,12.0,148.35,34.0,144.5,3.0,34.0,94.0,0.5463698381055969,128,-60.0,53.0,-0.47,143.0,1.0
2025-04-16 07:32:06,143.0,11.0,146.0,55.0,140.82,39.0,148.0,44.0,144.5,3.0,50.0,99.0,0.5358357957355473,149,-49.0,21.0,-0.33,143.0,
2025-04-16 07:32:07,143.0,9.0,145.78,45.0,141.2,15.0,147.97,33.0,144.39,2.780000000000001,24.0,78.0,0.1720465053163621,102,-54.0,-47.0,-0.53,143.0,
2025-04-16 07:32:08,143.0,12.0,144.42,60.0,140.0,12.0,145.25,40.0,143.71,1.4199999999999875,24.0,100.0,0.340631765975499,124,-76.0,22.0,-0.61,143.0,
2025-04-16 07:32:09,140.13,46.0,143.82,61.0,139.25,16.0,144.39,46.0,141.98,3.6899999999999977,62.0,107.0,1.0778821827972,169,-45.0,45.0,-0.27,143.0,1.0
2025-04-16 07:32:10,140.0,48.0,141.6,47.0,139.0,21.0,142.53,43.0,140.8,1.5999999999999943,69.0,90.0,1.6230927268618205,159,-21.0,-10.0,-0.13,141.0,5.0
2025-04-16 07:32:11,140.0,32.0,142.0,32.0,139.0,8.0,143.0,8.0,141.0,2.0,40.0,40.0,1.6101024812078937,80,0.0,-79.0,0.0,141.0,
2025-04-16 07:32:12,140.74,47.0,142.0,24.0,139.94,47.0,145.78,23.0,141.37,1.259999999999991,94.0,47.0,1.1727616978704123,141,47.0,61.0,0.33,141.0,4.0
2025-04-16 07:32:13,141.0,40.0,142.0,24.0,140.0,32.0,143.0,8.0,141.5,1.0,72.0,32.0,0.4590206966923539,104,40.0,-37.0,0.38,141.0,
2025-04-16 07:32:14,140.88,34.0,142.05,19.0,139.96,25.0,143.25,8.0,141.47,1.170000000000016,59.0,27.0,0.3114000642131401,86,32.0,-18.0,0.37,142.0,3.0
2025-04-16 07:32:15,140.0,36.0,143.0,9.0,139.0,9.0,144.0,18.0,141.5,3.0,45.0,27.0,0.2125323504597348,72,18.0,-14.0,0.25,142.0,
2025-04-16 07:32:16,139.0,9.0,143.0,9.0,138.0,54.0,144.0,18.0,141.0,4.0,63.0,27.0,0.2125323504597348,90,36.0,18.0,0.4,140.0,4.0
2025-04-16 07:32:17,140.91,22.0,143.0,11.0,139.0,11.0,144.0,22.0,141.95,2.0900000000000034,33.0,33.0,0.3361993456149595,66,0.0,-24.0,0.0,140.0,
2025-04-16 07:32:18,140.5,8.0,143.8,10.0,136.23,26.0,145.75,32.0,142.15,3.300000000000012,34.0,42.0,0.4502554830226028,76,-8.0,10.0,-0.11,143.0,1.0
2025-04-16 07:32:19,139.62,13.0,144.0,26.0,136.63,38.0,146.0,91.0,141.81,4.379999999999996,51.0,117.0,0.4487426879537013,168,-66.0,92.0,-0.39,143.0,
2025-04-16 07:32:20,141.88,113.0,144.0,34.0,139.94,17.0,146.0,119.0,142.94,2.1200000000000045,130.0,153.0,0.6964553108361632,283,-23.0,115.0,-0.08,143.0,
2025-04-16 07:32:21,143.0,13.0,144.0,26.0,142.0,169.0,146.0,91.0,143.5,1.0,182.0,117.0,0.7228761996302427,299,65.0,16.0,0.22,143.0,
2025-04-16 07:32:22,142.02,159.0,144.0,30.0,141.29,51.0,146.0,105.0,143.01,1.9799999999999895,210.0,135.0,0.6867823527085175,345,75.0,46.0,0.22,143.0,1.0
2025-04-16 07:32:23,141.81,97.0,143.96,25.0,136.49,43.0,145.95,86.0,142.89,2.1500000000000057,140.0,111.0,0.6199596761014712,251,29.0,-94.0,0.12,143.0,1.0
2025-04-16 07:32:24,140.09,70.0,144.64,28.0,138.72,79.0,146.0,98.0,142.36,4.549999999999983,149.0,126.0,0.4054010360024165,275,23.0,24.0,0.08,140.0,2.0
2025-04-16 07:32:25,141.94,70.0,144.11,56.0,140.83,24.0,145.51,41.0,143.03,2.170000000000016,94.0,97.0,0.4073941580236918,191,-3.0,-84.0,-0.02,140.0,
2025-04-16 07:32:26,143.0,35.0,144.67,45.0,139.86,21.0,146.17,53.0,143.83,1.6699999999999875,56.0,98.0,0.5264788694637597,154,-42.0,-37.0,-0.27,143.0,7.0
2025-04-16 07:32:27,143.92,36.0,145.0,73.0,142.14,14.0,147.0,42.0,144.46,1.0800000000000125,50.0,115.0,0.8291742880672586,165,-65.0,11.0,-0.39,144.25,4.0
2025-04-16 07:32:28,143.0,7.0,145.0,31.0,139.0,7.0,146.69,13.0,144.0,2.0,14.0,44.0,0.8358408939456393,58,-30.0,-107.0,-0.52,144.25,
2025-04-16 07:32:29,143.0,15.0,144.05,74.0,135.08,151.0,145.72,57.0,143.53,1.0500000000000114,166.0,131.0,0.5333385416336007,297,35.0,169.5,0.12,144.0,3.0
2025-04-16 07:32:30,135.23,105.0,145.52,27.0,134.81,63.0,146.56,36.0,140.37,10.29000000000002,168.0,63.0,1.6382215967297724,231,105.0,-66.0,0.45,143.0,1.0
2025-04-16 07:32:31,135.31,145.0,144.0,83.0,135.11,73.0,159.11,37.0,139.66,8.689999999999998,218.0,120.0,2.2197364708432947,338,98.0,107.0,0.29,143.0,
2025-04-16 07:32:32,142.0,9.0,143.8,30.0,139.0,18.0,177.35,51.0,142.9,1.8000000000000114,27.0,81.0,1.9519912909620876,108,-54.0,-170.5,-0.5,142.0,1.0
2025-04-16 07:32:33,139.0,24.0,142.2,20.0,136.0,24.0,143.78,36.0,140.6,3.1999999999999886,48.0,56.0,1.6966643745867394,104,-8.0,-4.0,-0.08,142.0,
2025-04-16 07:32:34,139.92,154.0,141.48,21.0,137.8,30.0,142.67,30.0,140.7,1.5600000000000025,184.0,51.0,1.21798193746532,235,133.0,131.0,0.57,140.0,1.0
2025-04-16 07:32:35,140.0,140.0,172.74,38.0,139.0,22.0,176.65,40.0,156.37,32.74000000000001,162.0,78.0,6.99110005649983,240,84.0,5.0,0.35,141.64,11.0
2025-04-16 07:32:36,140.0,90.0,144.0,9.0,139.0,18.0,309.44,25.0,142.0,4.0,108.0,34.0,6.696191454848937,142,74.0,-98.0,0.52,141.64,
2025-04-16 07:32:37,140.0,130.0,142.75,24.0,139.0,26.0,167.23,13.0,141.38,2.75,156.0,37.0,6.821121608649996,193,119.0,51.0,0.62,141.64,
2025-04-16 07:32:38,140.0,100.0,141.5,20.0,139.0,20.0,144.3,10.0,140.75,1.5,120.0,30.0,6.801577023013993,150,90.0,-43.0,0.6,141.64,
2025-04-16 07:32:39,140.0,80.0,141.0,16.0,139.0,16.0,145.0,8.0,140.5,1.0,96.0,24.0,6.82813664186591,120,72.0,-30.0,0.6,141.64,
2025-04-16 07:32:40,140.0,90.0,141.0,18.0,139.0,18.0,145.0,9.0,140.5,1.0,108.0,27.0,0.6525948206902261,135,81.0,15.0,0.6,141.64,
2025-04-16 07:32:41,140.0,80.0,141.0,16.0,139.0,30.0,145.0,8.0,140.5,1.0,110.0,24.0,0.3812872932470894,134,86.0,-1.0,0.64,141.64,
2025-04-16 07:32:42,140.0,90.0,144.47,15.0,139.0,52.0,145.93,14.0,142.23,4.469999999999999,142.0,29.0,0.7535449555213612,171,113.0,37.0,0.66,140.0,5.0
2025-04-16 07:32:43,140.0,40.0,145.0,8.0,139.0,16.0,146.0,8.0,142.5,5.0,56.0,16.0,1.025953215303557,72,40.0,-99.0,0.56,140.0,
2025-04-16 07:32:44,140.0,40.0,145.0,8.0,139.0,16.0,146.0,8.0,142.5,5.0,56.0,16.0,1.0519410629839128,72,40.0,0.0,0.56,140.0,
2025-04-16 07:32:45,140.0,35.0,145.0,7.0,139.0,14.0,146.0,7.0,142.5,5.0,49.0,14.0,0.872112378075062,63,35.0,-9.0,0.56,140.0,
2025-04-16 07:32:46,140.0,70.0,142.09,56.0,139.0,28.0,143.3,46.0,141.04,2.0900000000000034,98.0,102.0,0.6336244944695139,200,-4.0,137.0,-0.02,140.0,
2025-04-16 07:32:47,139.88,33.0,141.0,45.0,138.44,32.0,142.0,27.0,140.44,1.1200000000000043,65.0,72.0,0.9870562293971618,137,-7.0,-63.0,-0.05,140.0,5.0
2025-04-16 07:32:48,140.0,18.0,141.0,45.0,139.0,18.0,143.2,15.0,140.5,1.0,36.0,60.0,1.034543377530274,96,-24.0,-41.0,-0.25,140.0,3.0
2025-04-16 07:32:49,139.4,10.0,141.0,32.0,137.29,14.0,145.0,7.0,140.2,1.5999999999999943,24.0,39.0,0.9266498799394302,63,-15.0,-33.0,-0.24,141.0,1.0
2025-04-16 07:32:50,139.0,22.0,140.26,46.0,135.0,22.0,141.57,35.0,139.63,1.259999999999991,44.0,81.0,0.5115857699269792,125,-37.0,62.0,-0.3,140.0,2.0
2025-04-16 07:32:51,133.08,96.0,142.75,20.0,123.15,81.0,192.0,34.0,137.92,9.669999999999987,177.0,54.0,1.072809395928201,231,123.0,106.0,0.53,138.92,12.0
2025-04-16 07:32:52,134.15,52.0,145.0,20.0,133.73,44.0,324.5,32.0,139.58,10.849999999999994,96.0,52.0,0.998488858221184,148,44.0,-83.0,0.3,134.5,4.0
2025-04-16 07:32:53,134.0,48.0,144.93,15.0,133.0,16.0,383.58,24.0,139.47,10.930000000000009,64.0,39.0,0.853317057131673,103,25.0,-45.0,0.24,134.5,
2025-04-16 07:32:54,134.86,21.0,143.2,10.0,134.09,44.0,144.2,10.0,139.03,8.339999999999975,65.0,20.0,0.7145138207144015,85,45.0,-18.0,0.53,134.5,
2025-04-16 07:32:55,137.81,47.0,143.44,16.0,136.64,73.0,167.74,23.0,140.62,5.629999999999996,120.0,39.0,0.9777678661072174,159,81.0,74.0,0.51,143.0,1.0
2025-04-16 07:32:56,142.94,16.0,151.8,10.0,141.78,9.0,201.32,19.0,147.37,8.860000000000014,25.0,29.0,3.490362445361727,54,-4.0,-105.0,-0.07,143.0,1.0
2025-04-16 07:32:57,143.79,14.0,182.03,67.0,142.0,14.0,348.4,40.0,162.91,38.24000000000001,28.0,107.0,10.098504839826065,135,-79.0,81.0,-0.59,143.0,
2025-04-16 07:32:58,144.67,18.0,182.0,70.0,142.96,49.0,455.43,56.0,163.33,37.33000000000001,67.0,126.0,11.805440271332095,193,-59.0,58.0,-0.31,144.0,2.0
2025-04-16 07:32:59,142.89,27.0,166.35,34.0,140.94,17.0,267.65,51.0,154.62,23.460000000000008,44.0,85.0,9.86836105946621,129,-41.0,-64.0,-0.32,144.0,6.0
2025-04-16 07:33:00,144.67,15.0,178.77,48.0,140.57,21.0,333.44,39.0,161.72,34.10000000000002,36.0,87.0,6.906087894024255,123,-51.0,-6.0,-0.41,144.6,5.0
2025-04-16 07:33:01,142.0,16.0,181.0,80.0,140.0,43.0,330.89,57.0,161.5,39.0,59.0,137.0,3.548961820023975,196,-78.0,73.0,-0.4,144.6,
2025-04-16 07:33:02,145.21,14.0,180.5,40.0,141.09,22.0,305.13,31.0,162.86,35.28999999999999,36.0,71.0,3.5416493332892096,107,-35.0,-89.0,-0.33,144.6,
2025-04-16 07:33:03,147.0,20.0,178.62,40.0,145.0,32.0,383.4,30.0,162.81,31.620000000000005,52.0,70.0,3.455592568574586,122,-18.0,15.0,-0.15,147.0,1.0
2025-04-16 07:33:04,147.0,20.0,178.0,50.0,145.0,40.0,342.71,31.0,162.5,31.0,60.0,81.0,0.6300158728059801,141,-21.0,19.0,-0.15,147.0,
2025-04-16 07:33:05,146.4,40.0,177.93,70.0,145.38,64.0,212.29,56.0,162.16,31.53,104.0,126.0,0.55935677343486,230,-22.0,89.0,-0.1,146.5,4.0
2025-04-16 07:33:06,146.0,36.0,176.44,45.0,145.0,36.0,197.0,36.0,161.22,30.44,72.0,81.0,0.6706713054749457,153,-9.0,-77.0,-0.06,146.5,
2025-04-16 07:33:07,146.0,14.0,175.0,25.0,145.0,20.0,197.0,20.0,160.5,29.0,34.0,45.0,0.9564099539358416,79,-11.0,-74.0,-0.14,146.0,3.0
2025-04-16 07:33:08,146.0,11.0,173.82,55.0,145.0,44.0,393.28,36.0,159.91,27.819999999999997,55.0,91.0,1.089642143085362,146,-36.0,67.0,-0.25,146.0,
2025-04-16 07:33:09,146.0,11.0,198.78,49.0,145.0,44.0,461.38,26.0,172.39,52.78,55.0,75.0,5.185694746124894,130,-20.0,-16.0,-0.15,146.0,
2025-04-16 07:33:10,145.5,18.0,365.83,24.0,144.63,57.0,743.17,48.0,255.67,220.33,75.0,72.0,41.538019572434905,147,3.0,17.0,0.02,145.5,2.0
2025-04-16 07:33:11,145.0,27.0,268.78,18.0,144.0,63.0,558.0,36.0,206.89,123.77999999999996,90.0,54.0,40.85904208372957,144,36.0,-3.0,0.25,145.5,
2025-04-16 07:33:12,146.58,36.0,286.07,54.0,144.82,40.0,375.5,28.0,216.33,139.48999999999998,76.0,82.0,37.93997522402962,158,-6.0,14.0,-0.04,145.5,
2025-04-16 07:33:13,145.67,9.0,174.19,31.0,144.07,45.0,244.38,32.0,159.93,28.52000000000001,54.0,63.0,37.93439758319593,117,-9.0,-41.0,-0.08,146.2,5.0
2025-04-16 07:33:14,144.55,47.0,173.0,55.0,143.73,77.0,266.43,28.0,158.78,28.44999999999999,124.0,83.0,40.97813807385569,207,41.0,90.0,0.2,145.0,4.0
2025-04-16 07:33:15,144.0,84.0,171.9,48.0,143.0,84.0,219.11,28.0,157.95,27.90000000000001,168.0,76.0,29.07848826882142,244,92.0,37.0,0.38,145.0,
2025-04-16 07:33:16,144.0,45.0,169.91,55.0,143.0,77.0,171.33,15.0,156.95,25.91,122.0,70.0,25.929069015296065,192,52.0,-52.0,0.27,144.0,4.0
2025-04-16 07:33:17,144.0,57.0,167.57,87.0,143.0,133.0,169.28,79.0,155.79,23.569999999999997,190.0,166.0,1.6008122938020068,356,24.0,164.0,0.07,144.0,
2025-04-16 07:33:18,144.0,39.0,160.88,64.0,143.0,91.0,163.84,63.0,152.44,16.879999999999995,130.0,127.0,2.470904692615206,257,3.0,-99.0,0.01,144.0,
2025-04-16 07:33:19,144.0,30.0,156.9,50.0,143.0,70.0,158.0,50.0,150.45,12.900000000000006,100.0,100.0,3.161562904638803,200,0.0,-57.0,0.0,144.0,
2025-04-16 07:33:20,144.0,36.0,154.11,56.0,143.0,84.0,156.46,24.0,149.05,10.110000000000014,120.0,80.0,3.3832203593600627,200,40.0,0.0,0.2,144.0,
2025-04-16 07:33:21,144.0,39.0,150.56,57.0,143.0,91.0,151.67,45.0,147.28,6.560000000000002,130.0,102.0,3.2772351151525254,232,28.0,32.0,0.12,144.0,
2025-04-16 07:33:22,144.29,49.0,146.0,65.0,143.03,79.0,147.08,49.0,145.14,1.710000000000008,128.0,114.0,2.815789409737386,242,14.0,10.0,0.06,145.0,3.0
2025-04-16 07:33:23,143.79,68.0,145.23,65.0,142.85,91.0,227.6,20.0,144.51,1.4399999999999975,159.0,85.0,2.5216125792812587,244,74.0,2.0,0.3,144.0,5.0
2025-04-16 07:33:24,143.0,39.0,144.85,26.0,142.0,49.0,164.2,25.0,143.92,1.8499999999999943,88.0,51.0,2.13453742061124,139,37.0,-105.0,0.27,144.2,5.0
2025-04-16 07:33:25,143.0,75.0,197.88,32.0,142.0,105.0,286.19,47.0,170.44,54.88,180.0,79.0,11.353251516635629,259,101.0,120.0,0.39,145.0,2.0
2025-04-16 07:33:26,143.44,45.0,267.85,27.0,141.91,76.0,475.51,41.0,205.65,124.41000000000004,121.0,68.0,26.895999144854017,189,53.0,-70.0,0.28,144.0,5.0
2025-04-16 07:33:27,145.0,20.0,340.89,27.0,143.0,50.0,622.67,39.0,242.94,195.89,70.0,66.0,42.60556266498526,136,4.0,-53.0,0.03,144.0,
2025-04-16 07:33:28,145.5,12.0,282.6,15.0,143.42,19.0,0.0,0.0,214.05,137.10000000000002,31.0,15.0,38.68503780533223,46,16.0,-90.0,0.35,144.0,
2025-04-16 07:33:29,145.9,10.0,162.0,10.0,144.09,11.0,214.5,6.0,153.95,16.099999999999994,21.0,16.0,35.47506349536226,37,5.0,-9.0,0.14,145.75,4.0
2025-04-16 07:33:30,145.0,8.0,166.38,24.0,143.0,40.0,400.71,14.0,155.69,21.379999999999995,48.0,38.0,38.7410232182887,86,10.0,49.0,0.12,145.75,
2025-04-16 07:33:31,144.17,24.0,260.53,47.0,142.61,62.0,369.5,24.0,202.35,116.36,86.0,71.0,38.53018011896628,157,15.0,71.0,0.1,143.67,3.0
2025-04-16 07:33:32,143.5,12.0,251.04,28.0,142.27,33.0,301.18,11.0,197.27,107.54,45.0,39.0,27.919909025639495,84,6.0,-73.0,0.07,143.67,3.0
2025-04-16 07:33:33,143.0,26.0,176.51,43.0,142.0,104.0,245.31,52.0,159.76,33.50999999999999,130.0,95.0,23.90114808957905,225,35.0,141.0,0.16,143.67,
2025-04-16 07:33:34,143.0,14.0,154.0,35.0,142.0,56.0,288.86,21.0,148.5,11.0,70.0,56.0,25.125833916508885,126,14.0,-99.0,0.11,143.67,
2025-04-16 07:33:35,143.0,18.0,152.67,45.0,142.0,72.0,230.18,22.0,147.83,9.669999999999987,90.0,67.0,26.656477074061915,157,23.0,31.0,0.15,143.67,
2025-04-16 07:33:36,142.04,46.0,152.0,45.0,140.18,88.0,295.75,24.0,147.02,9.960000000000008,134.0,69.0,21.43548996407571,203,65.0,46.0,0.32,142.33,6.0
2025-04-16 07:33:37,142.0,40.0,149.14,22.0,140.0,100.0,180.77,44.0,145.57,7.139999999999986,140.0,66.0,5.7090568397934405,206,74.0,3.0,0.36,143.0,1.0
2025-04-16 07:33:38,141.7,66.0,148.71,51.0,139.94,143.0,200.75,57.0,145.2,7.010000000000019,209.0,108.0,1.4203274270367718,317,101.0,111.0,0.32,142.0,4.0
2025-04-16 07:33:39,140.03,93.0,142.61,44.0,139.0,69.0,145.4,20.0,141.32,2.5800000000000125,162.0,64.0,2.512164405446656,226,98.0,-91.0,0.43,141.0,1.0
2025-04-16 07:33:40,140.5,100.0,144.18,22.0,139.44,54.0,156.26,34.0,142.34,3.680000000000007,154.0,56.0,2.373962931469934,210,98.0,-16.0,0.47,141.0,3.0
2025-04-16 07:33:41,140.52,21.0,142.03,29.0,139.15,41.0,144.73,11.0,141.28,1.509999999999991,62.0,40.0,2.095261320216057,102,22.0,-108.0,0.22,141.0,4.0
2025-04-16 07:33:42,141.0,42.0,142.44,27.0,140.0,18.0,153.5,12.0,141.72,1.4399999999999975,60.0,39.0,1.637290444604656,99,21.0,-3.0,0.21,141.0,2.0
2025-04-16 07:33:43,142.1,40.0,146.0,10.0,140.82,34.0,157.8,20.0,144.05,3.9000000000000057,74.0,30.0,1.148529494612043,104,44.0,5.0,0.42,142.6,5.0
2025-04-16 07:33:44,142.0,36.0,144.55,22.0,140.0,24.0,149.14,14.0,143.27,2.550000000000012,60.0,36.0,1.1305618072417294,96,24.0,-8.0,0.25,142.6,
2025-04-16 07:33:45,143.06,18.0,145.64,44.0,140.16,19.0,149.67,36.0,144.35,2.579999999999984,37.0,80.0,1.375946946649311,117,-43.0,21.0,-0.37,143.0,2.0
2025-04-16 07:33:46,144.8,10.0,146.0,60.0,143.8,10.0,183.18,22.0,145.4,1.1999999999999886,20.0,82.0,1.3714481397389162,102,-62.0,-15.0,-0.61,143.0,
2025-04-16 07:33:47,144.39,18.0,145.88,68.0,142.62,29.0,222.43,42.0,145.14,1.490000000000009,47.0,110.0,0.8574205502512267,157,-63.0,55.0,-0.4,145.0,1.0
2025-04-16 07:33:48,142.67,6.0,145.0,20.0,139.53,15.0,146.0,30.0,143.83,2.3300000000000125,21.0,50.0,0.8876767429605922,71,-29.0,-86.0,-0.41,144.0,1.0
2025-04-16 07:33:49,140.0,18.0,144.5,32.0,139.0,63.0,145.68,50.0,142.25,4.5,81.0,82.0,1.2535270240378464,163,-1.0,92.0,-0.01,144.0,
2025-04-16 07:33:50,139.38,24.0,142.54,26.0,138.75,40.0,143.82,34.0,140.96,3.1599999999999966,64.0,60.0,1.8987706549221144,124,4.0,-39.0,0.03,139.33,6.0
2025-04-16 07:33:51,139.0,38.0,141.55,38.0,137.0,12.0,142.54,26.0,140.28,2.550000000000012,50.0,64.0,2.0062826321317777,114,-14.0,-10.0,-0.12,142.0,1.0
2025-04-16 07:33:52,137.8,15.0,142.9,31.0,119.45,22.0,144.71,21.0,140.35,5.099999999999994,37.0,52.0,1.5073254459451957,89,-15.0,-25.0,-0.17,140.33,6.0
2025-04-16 07:33:53,137.0,8.0,146.0,40.0,111.0,24.0,147.0,24.0,141.5,9.0,32.0,64.0,0.826419990074046,96,-32.0,7.0,-0.33,140.33,
2025-04-16 07:33:54,137.0,4.0,146.0,20.0,100.0,16.0,147.0,12.0,141.5,9.0,20.0,32.0,0.5934812549643196,52,-12.0,-44.0,-0.23,140.33,
2025-04-16 07:33:56,132.8,15.0,146.0,37.0,101.33,33.0,147.0,36.0,139.4,13.199999999999989,48.0,73.0,7.958800160827939,121,-25.0,24.0,-0.21,144.75,4.0
2025-04-16 07:33:57,113.5,18.0,146.0,14.0,42.8,15.0,147.0,21.0,129.75,32.5,33.0,35.0,8.297861170204957,68,-2.0,-53.0,-0.03,141.0,1.0
2025-04-16 07:33:58,116.7,23.0,146.0,34.0,48.12,17.0,147.0,24.0,131.35,29.3,40.0,58.0,7.524875414250756,98,-18.0,30.0,-0.18,141.0,
2025-04-16 07:33:59,124.78,23.0,145.73,37.0,68.0,32.0,146.68,31.0,135.26,20.94999999999999,55.0,68.0,6.155588517761372,123,-13.0,25.0,-0.11,145.0,2.0
2025-04-16 07:34:00,117.7,50.0,142.57,42.0,108.47,51.0,145.41,34.0,130.14,24.86999999999999,101.0,76.0,4.103967592464092,177,25.0,54.0,0.14,141.75,4.0
2025-04-16 07:34:01,136.78,37.0,141.0,74.0,130.13,39.0,147.0,39.0,138.89,4.219999999999999,76.0,113.0,3.912603992227615,189,-37.0,12.0,-0.2,141.75,
2025-04-16 07:34:02,138.14,28.0,140.83,71.0,110.27,44.0,146.95,39.0,139.49,2.690000000000026,72.0,110.0,4.251426819315534,182,-38.0,-7.0,-0.21,140.25,4.0
2025-04-16 07:34:03,136.0,16.0,141.0,56.0,100.0,56.0,417.0,32.0,138.5,5.0,72.0,88.0,3.893254422715696,160,-16.0,-22.0,-0.1,140.25,
2025-04-16 07:34:04,136.91,23.0,245.89,63.0,118.79,42.0,458.1,40.0,191.4,108.98,65.0,103.0,24.73713059350245,168,-38.0,8.0,-0.23,139.55,11.0
2025-04-16 07:34:05,146.85,27.0,294.18,34.0,133.92,13.0,399.5,16.0,220.51,147.33,40.0,50.0,38.11229945831126,90,-10.0,-78.0,-0.11,147.25,4.0
2025-04-16 07:34:06,134.0,18.0,179.77,26.0,103.0,27.0,349.73,22.0,156.88,45.77000000000001,45.0,48.0,35.715511056122274,93,-3.0,3.0,-0.03,147.25,
2025-04-16 07:34:09,134.09,70.0,272.32,22.0,122.94,68.0,370.71,21.0,203.2,138.23,138.0,43.0,43.0688591676166,181,95.0,95.0,0.52,135.0,1.0
2025-04-16 07:34:10,136.3,10.0,188.82,28.0,134.0,86.0,226.92,12.0,162.56,52.51999999999998,96.0,40.0,31.35670151658164,136,56.0,-45.0,0.41,135.0,
2025-04-16 07:34:11,134.04,73.0,158.83,18.0,128.21,29.0,257.79,24.0,146.44,24.79000000000002,102.0,42.0,31.601458352424075,144,60.0,8.0,0.42,139.0,3.0
2025-04-16 07:34:15,134.82,71.0,224.82,28.0,121.38,45.0,292.36,42.0,179.82,90.0,116.0,70.0,19.176694709985703,186,46.0,110.0,0.25,137.0,1.0
2025-04-16 07:34:16,143.0,32.0,336.56,27.0,140.0,28.0,379.48,29.0,239.78,193.56,60.0,56.0,45.866941036001,116,4.0,-70.0,0.03,137.0,
2025-04-16 07:34:17,143.0,48.0,230.81,52.0,140.0,24.0,451.27,45.0,186.9,87.81,72.0,97.0,43.10005313221773,169,-25.0,53.0,-0.15,137.0,
2025-04-16 07:34:18,143.0,30.0,187.43,53.0,140.0,22.0,245.42,36.0,165.22,44.43000000000001,52.0,89.0,37.92094276254205,141,-37.0,-28.0,-0.26,143.0,2.0
2025-04-16 07:34:19,143.0,24.0,185.5,60.0,140.0,24.0,188.0,36.0,164.25,42.5,48.0,96.0,30.939592434290223,144,-48.0,3.0,-0.33,143.0,
2025-04-16 07:34:20,143.0,26.0,183.53,43.0,140.0,26.0,185.3,61.0,163.27,40.53,52.0,104.0,32.75757515445839,156,-52.0,12.0,-0.33,143.0,
2025-04-16 07:34:21,143.21,19.0,180.1,30.0,140.3,20.0,183.11,38.0,161.66,36.88999999999999,39.0,68.0,10.502754400631874,107,-29.0,-49.0,-0.27,143.0,
2025-04-16 07:34:22,147.0,8.0,176.89,36.0,143.0,16.0,178.25,24.0,161.94,29.889999999999983,24.0,60.0,1.5102880519930637,84,-36.0,-23.0,-0.43,143.0,
2025-04-16 07:34:23,143.29,28.0,175.84,56.0,140.2,75.0,177.5,40.0,159.56,32.55000000000001,103.0,96.0,1.7787439388493216,199,7.0,115.0,0.04,143.8,5.0
2025-04-16 07:34:24,146.0,9.0,172.78,41.0,143.0,9.0,174.65,31.0,159.39,26.78,18.0,72.0,1.658562630711727,90,-54.0,-109.0,-0.6,143.8,
2025-04-16 07:34:25,146.0,11.0,172.0,40.0,143.0,8.0,174.0,24.0,159.0,26.0,19.0,64.0,1.3788038294092324,83,-45.0,-7.0,-0.54,143.8,
2025-04-16 07:34:26,146.0,20.0,171.57,44.0,143.0,10.0,172.92,36.0,158.78,25.569999999999997,30.0,80.0,1.2712120200791424,110,-50.0,27.0,-0.45,143.8,
2025-04-16 07:34:27,146.0,44.0,168.38,92.0,143.0,22.0,172.59,76.0,157.19,22.379999999999995,66.0,168.0,0.9429899257117909,234,-102.0,124.0,-0.44,143.8,
2025-04-16 07:34:28,146.0,22.0,166.19,37.0,143.0,59.0,167.33,45.0,156.09,20.19,81.0,82.0,1.396799914087241,163,-1.0,-71.0,-0.01,143.8,
2025-04-16 07:34:29,146.0,20.0,163.8,40.0,143.0,70.0,165.32,38.0,154.9,17.80000000000001,90.0,78.0,1.750591328664232,168,12.0,5.0,0.07,143.8,
2025-04-16 07:34:30,146.0,22.0,163.78,23.0,143.0,77.0,164.67,45.0,154.89,17.78,99.0,68.0,1.6515295940414327,167,31.0,-1.0,0.19,143.8,
2025-04-16 07:34:31,146.0,20.0,160.44,18.0,143.0,70.0,160.55,22.0,153.22,14.439999999999998,90.0,40.0,1.4867649444330462,130,50.0,-37.0,0.38,143.8,
2025-04-16 07:34:32,144.35,49.0,154.29,48.0,142.35,46.0,157.9,52.0,149.32,9.939999999999998,95.0,100.0,2.644887521237052,195,-5.0,65.0,-0.03,146.0,2.0
2025-04-16 07:34:33,141.69,61.0,152.29,63.0,140.16,113.0,153.11,55.0,146.99,10.599999999999994,174.0,118.0,3.5510744852785034,292,56.0,97.0,0.19,145.5,2.0
2025-04-16 07:34:34,141.0,45.0,149.2,15.0,140.0,126.0,151.5,36.0,145.1,8.199999999999989,171.0,51.0,4.116033284607466,222,120.0,-70.0,0.54,145.5,
2025-04-16 07:34:35,140.69,65.0,147.0,15.0,137.89,140.0,148.9,21.0,143.85,6.310000000000002,205.0,36.0,3.7142065101441513,241,169.0,19.0,0.7,141.0,5.0
2025-04-16 07:34:36,140.0,40.0,145.5,20.0,103.0,16.0,147.0,4.0,142.75,5.5,56.0,24.0,2.6079436343597977,80,32.0,-161.0,0.4,141.0,
2025-04-16 07:34:37,140.53,106.0,144.8,41.0,129.17,92.0,145.46,28.0,142.67,4.27000000000001,198.0,69.0,1.812048564470121,267,129.0,169.5,0.48,141.0,
2025-04-16 07:34:38,141.86,112.0,143.35,20.0,140.0,144.0,144.81,43.0,142.6,1.489999999999981,256.0,63.0,1.0825571578436477,319,193.0,52.0,0.61,142.67,3.0
2025-04-16 07:34:39,142.0,79.0,144.83,41.0,140.0,117.0,204.64,33.0,143.41,2.8300000000000125,196.0,74.0,0.5491629994807096,270,122.0,-49.0,0.45,143.0,2.0
2025-04-16 07:34:40,143.41,37.0,145.0,65.0,140.22,111.0,270.56,34.0,144.2,1.5900000000000034,148.0,99.0,0.6819310815607551,247,49.0,-23.0,0.2,142.4,5.0
2025-04-16 07:34:41,140.39,62.0,144.18,55.0,138.2,45.0,213.63,38.0,142.28,3.790000000000021,107.0,93.0,0.7730265195959696,200,14.0,-47.0,0.07,141.5,8.0
2025-04-16 07:34:42,140.0,24.0,177.19,27.0,137.0,21.0,593.79,19.0,158.59,37.19,45.0,46.0,6.957393908641183,91,-1.0,-109.0,-0.01,140.0,1.0
2025-04-16 07:34:43,140.0,27.0,221.41,27.0,137.2,30.0,301.07,30.0,180.7,81.41,57.0,57.0,16.426884366793196,114,0.0,23.0,0.0,140.0,
2025-04-16 07:34:44,140.13,31.0,205.15,27.0,137.94,54.0,206.38,32.0,172.64,65.02000000000001,85.0,59.0,16.98072789959231,144,26.0,30.0,0.18,140.0,
2025-04-16 07:34:45,141.0,22.0,201.15,27.0,137.79,33.0,201.86,28.0,171.07,60.150000000000006,55.0,55.0,14.991458568131076,110,0.0,-34.0,0.0,140.0,
2025-04-16 07:34:46,139.89,45.0,198.5,42.0,126.69,89.0,200.0,28.0,169.19,58.610000000000014,134.0,70.0,7.944958778998704,204,64.0,94.0,0.31,140.5,4.0
2025-04-16 07:34:47,143.0,18.0,197.56,25.0,124.83,70.0,199.1,20.0,170.28,54.56,88.0,45.0,4.6045662119235145,133,43.0,-71.0,0.32,140.5,
2025-04-16 07:34:48,143.0,44.0,195.12,33.0,141.0,65.0,196.19,32.0,169.06,52.120000000000005,109.0,65.0,1.4772508250085994,174,44.0,41.0,0.25,140.5,
2025-04-16 07:34:49,143.73,37.0,191.27,33.0,141.84,43.0,192.76,37.0,167.5,47.54000000000002,80.0,70.0,1.3537909735217664,150,10.0,-24.0,0.07,140.5,
2025-04-16 07:34:50,144.0,27.0,186.67,27.0,143.0,18.0,188.16,25.0,165.33,42.66999999999999,45.0,52.0,1.9200963517462997,97,-7.0,-53.0,-0.07,144.0,3.0
2025-04-16 07:34:51,142.47,38.0,182.64,56.0,131.82,100.0,184.04,50.0,162.56,40.16999999999999,138.0,106.0,3.071641255093103,244,32.0,147.0,0.13,141.8,5.0
2025-04-16 07:34:52,141.87,23.0,176.33,36.0,112.14,42.0,179.36,42.0,159.1,34.46000000000001,65.0,78.0,3.9744685179267374,143,-13.0,-101.0,-0.09,142.0,2.0
2025-04-16 07:34:53,143.94,106.0,148.39,36.0,142.25,16.0,161.06,35.0,146.17,4.449999999999989,122.0,71.0,8.41433716937897,193,51.0,50.0,0.26,142.0,
2025-04-16 07:34:54,144.21,114.0,146.5,36.0,143.0,12.0,147.8,30.0,145.36,2.289999999999992,126.0,66.0,9.342014236768968,192,60.0,-1.0,0.31,145.0,3.0
2025-04-16 07:34:55,145.75,84.0,147.85,26.0,143.0,12.0,251.94,17.0,146.8,2.0999999999999943,96.0,43.0,8.17071110736363,139,53.0,-53.0,0.38,146.0,3.0
2025-04-16 07:34:56,146.46,125.0,332.6,53.0,146.12,50.0,480.86,70.0,239.53,186.14,175.0,123.0,40.71996156677938,298,52.0,159.0,0.17,147.0,2.0
2025-04-16 07:34:57,148.0,80.0,303.84,45.0,147.0,19.0,465.14,22.0,225.92,155.83999999999995,99.0,67.0,47.68712645987369,166,32.0,-132.0,0.19,147.0,
2025-04-16 07:35:00,148.0,30.0,358.36,28.0,147.0,9.0,565.71,35.0,253.18,210.36,39.0,63.0,41.94765929107316,102,-24.0,-62.0,-0.24,148.0,1.0
2025-04-16 07:35:01,147.89,27.0,205.45,55.0,146.31,26.0,556.67,36.0,176.67,57.56,53.0,91.0,59.054009855385445,144,-38.0,42.0,-0.26,148.0,3.0
2025-04-16 07:35:02,146.27,41.0,254.44,80.0,145.77,86.0,345.75,48.0,200.35,108.17,127.0,128.0,63.34637219288855,255,-1.0,111.0,-0.0,147.0,1.0
2025-04-16 07:35:03,145.92,95.0,330.49,37.0,144.86,43.0,458.74,46.0,238.2,184.57,138.0,83.0,52.911810307340346,221,55.0,-34.0,0.25,147.0,
2025-04-16 07:35:04,146.0,63.0,280.14,14.0,143.0,7.0,373.37,19.0,213.07,134.14,70.0,33.0,30.31136964902731,103,37.0,-118.0,0.36,147.0,
2025-04-16 07:35:05,146.0,87.0,276.44,16.0,144.64,50.0,278.71,14.0,211.22,130.44,137.0,30.0,22.2943752996126,167,107.0,64.0,0.64,146.0,3.0
2025-04-16 07:35:06,147.05,38.0,275.0,9.0,145.47,51.0,276.0,12.0,211.03,127.95,89.0,21.0,14.021245665060365,110,68.0,-57.0,0.62,146.0,
2025-04-16 07:35:07,148.0,60.0,266.44,25.0,146.0,72.0,274.0,14.0,207.22,118.44,132.0,39.0,12.509527169320735,171,93.0,61.0,0.54,146.0,
2025-04-16 07:35:08,148.0,43.0,235.65,37.0,146.0,66.0,272.1,20.0,191.82,87.65,109.0,57.0,8.678897971515525,166,52.0,-5.0,0.31,148.0,3.0
2025-04-16 07:35:09,148.0,11.0,269.67,18.0,146.0,60.0,270.87,15.0,208.83,121.67000000000002,71.0,33.0,8.110427239053227,104,38.0,-62.0,0.37,148.0,1.0
2025-04-16 07:35:10,148.0,11.0,267.27,22.0,146.0,66.0,270.0,22.0,207.64,119.26999999999998,77.0,44.0,7.683844740751647,121,33.0,17.0,0.27,148.0,
2025-04-16 07:35:11,148.0,9.0,266.67,18.0,146.0,54.0,269.56,18.0,207.33,118.67000000000002,63.0,36.0,7.1549821802697,99,27.0,-22.0,0.27,148.0,
2025-04-16 07:35:12,147.18,22.0,186.68,38.0,145.74,105.0,198.64,39.0,166.93,39.5,127.0,77.0,17.956225939767496,204,50.0,105.0,0.25,146.5,4.0
2025-04-16 07:35:13,146.0,33.0,163.41,27.0,145.0,99.0,167.56,27.0,154.7,17.409999999999997,132.0,54.0,26.17348524747862,186,78.0,-18.0,0.42,146.5,
2025-04-16 07:35:14,146.0,27.0,150.93,15.0,145.0,81.0,152.5,12.0,148.47,4.930000000000007,108.0,27.0,28.59796024194704,135,81.0,-51.0,0.6,146.5,
2025-04-16 07:35:15,146.0,24.0,148.4,20.0,145.0,72.0,150.54,13.0,147.2,2.4000000000000057,96.0,33.0,24.95845207539897,129,63.0,-6.0,0.49,146.5,
2025-04-16 07:35:16,146.0,39.0,147.09,53.0,145.0,117.0,149.0,13.0,146.55,1.0900000000000034,156.0,66.0,8.55034794613587,222,90.0,93.0,0.41,147.0,2.0
2025-04-16 07:35:17,146.0,33.0,147.0,33.0,145.0,99.0,149.0,11.0,146.5,1.0,132.0,44.0,3.455579546181924,176,88.0,-46.0,0.5,147.0,
2025-04-16 07:35:18,145.79,42.0,147.06,34.0,144.96,101.0,149.31,13.0,146.42,1.2700000000000102,143.0,47.0,0.863984953567705,190,96.0,14.0,0.51,146.0,3.0
2025-04-16 07:35:19,145.0,63.0,148.57,7.0,143.0,14.0,151.0,14.0,146.79,3.569999999999993,77.0,21.0,0.3157055590126324,98,56.0,-92.0,0.57,146.0,
2025-04-16 07:35:20,145.61,69.0,147.0,13.0,144.89,97.0,273.56,39.0,146.3,1.3899999999999864,166.0,52.0,0.1818515878168817,218,114.0,120.0,0.52,146.0,2.0
2025-04-16 07:35:21,146.17,36.0,285.02,54.0,145.06,96.0,445.47,43.0,215.59,138.85,132.0,97.0,30.897397139564827,229,35.0,11.0,0.15,146.6,5.0
2025-04-16 07:35:22,145.25,40.0,192.78,41.0,144.75,60.0,246.94,35.0,169.02,47.53,100.0,76.0,30.007766161445407,176,24.0,-53.0,0.14,145.4,5.0
2025-04-16 07:35:23,145.26,57.0,219.9,42.0,144.59,51.0,270.53,49.0,182.58,74.64000000000001,108.0,91.0,28.79636834741469,199,17.0,23.0,0.09,145.6,5.0
2025-04-16 07:35:24,145.11,38.0,201.08,49.0,144.23,35.0,268.27,55.0,173.09,55.97,73.0,104.0,25.205573391612926,177,-31.0,-22.0,-0.18,145.6,
2025-04-16 07:35:25,147.0,11.0,203.78,46.0,145.0,44.0,225.73,55.0,175.39,56.78,55.0,101.0,18.79996888295257,156,-46.0,-21.0,-0.29,145.6,
2025-04-16 07:35:26,144.12,48.0,201.92,64.0,143.26,131.0,213.31,61.0,173.02,57.79999999999998,179.0,125.0,5.005382103295055,304,54.0,148.0,0.18,144.45,11.0
2025-04-16 07:35:27,143.75,48.0,178.65,60.0,142.92,175.0,187.53,55.0,161.2,34.900000000000006,223.0,115.0,7.692875275213214,338,108.0,34.0,0.32,143.6,5.0
2025-04-16 07:35:28,143.0,96.0,146.25,40.0,141.0,56.0,169.23,35.0,144.62,3.25,152.0,75.0,12.907638436212402,227,77.0,-111.0,0.34,143.6,
2025-04-16 07:35:29,143.0,103.0,144.22,45.0,141.0,63.0,150.55,44.0,143.61,1.2199999999999989,166.0,89.0,15.100131456381044,255,77.0,28.0,0.3,143.0,5.0
2025-04-16 07:35:30,142.6,35.0,144.88,41.0,140.93,60.0,177.57,40.0,143.74,2.280000000000001,95.0,81.0,13.340739109958982,176,14.0,-79.0,0.08,143.0,7.0
2025-04-16 07:35:31,141.0,51.0,144.08,52.0,140.0,52.0,315.69,65.0,142.54,3.0800000000000125,103.0,117.0,7.893270551551488,220,-14.0,44.0,-0.06,141.0,4.0
2025-04-16 07:35:32,141.0,26.0,213.85,27.0,140.0,40.0,249.7,50.0,177.43,72.85,66.0,77.0,15.13495853975127,143,-11.0,-77.0,-0.08,143.4,5.0
2025-04-16 07:35:33,142.82,56.0,202.13,23.0,142.09,66.0,205.66,47.0,172.48,59.31,122.0,70.0,17.434295225215998,192,52.0,49.0,0.27,143.4,
2025-04-16 07:35:34,144.82,22.0,196.45,22.0,143.0,154.0,332.64,55.0,170.64,51.63,176.0,77.0,16.827613615720704,253,99.0,61.0,0.39,143.4,
2025-04-16 07:35:35,146.2,20.0,195.5,20.0,143.0,140.0,577.0,50.0,170.85,49.30000000000001,160.0,70.0,13.828903427242109,230,90.0,-23.0,0.39,143.4,
2025-04-16 07:35:36,148.0,18.0,195.0,18.0,144.09,110.0,577.0,45.0,171.5,47.0,128.0,63.0,2.8042556944736283,191,65.0,-39.0,0.34,143.4,
2025-04-16 07:35:37,148.0,16.0,195.0,16.0,143.0,112.0,577.0,40.0,171.5,47.0,128.0,56.0,0.7187349998350492,184,72.0,-7.0,0.39,143.4,
2025-04-16 07:35:38,148.0,10.0,195.0,10.0,143.0,70.0,577.0,25.0,171.5,47.0,80.0,35.0,0.4201428328413168,115,45.0,-69.0,0.39,143.4,
2025-04-16 07:35:39,148.0,18.0,182.1,20.0,143.56,117.0,537.51,39.0,165.05,34.099999999999994,135.0,59.0,2.825906934063486,194,76.0,79.0,0.39,143.4,
2025-04-16 07:35:40,145.66,64.0,400.42,38.0,143.94,163.0,551.49,49.0,273.04,254.76,227.0,87.0,46.21566963703961,314,140.0,120.0,0.45,147.0,3.0
2025-04-16 07:35:41,145.79,95.0,268.97,31.0,143.57,176.0,284.94,52.0,207.38,123.18000000000004,271.0,83.0,45.30099424957452,354,188.0,40.0,0.53,147.0,
2025-04-16 07:35:42,145.21,70.0,248.22,27.0,143.11,178.0,255.67,33.0,196.72,103.01,248.0,60.0,43.00096998905935,308,188.0,-46.0,0.61,145.0,5.0
2025-04-16 07:35:43,147.4,50.0,182.77,39.0,143.73,66.0,199.14,21.0,165.08,35.370000000000005,116.0,60.0,44.24478138718715,176,56.0,-132.0,0.32,145.0,
2025-04-16 07:35:44,148.0,36.0,178.87,15.0,145.0,18.0,179.47,15.0,163.43,30.870000000000005,54.0,30.0,44.58265133434735,84,24.0,-92.0,0.29,145.0,
2025-04-16 07:35:45,148.0,56.0,174.71,14.0,145.0,28.0,176.0,14.0,161.36,26.710000000000008,84.0,28.0,21.60191843332413,112,56.0,28.0,0.5,145.0,
2025-04-16 07:35:46,148.0,64.0,170.58,19.0,146.2,20.0,171.3,46.0,159.29,22.580000000000013,84.0,65.0,15.550631176900566,149,19.0,37.0,0.13,145.0,
2025-04-16 07:35:47,148.0,73.0,168.09,22.0,147.0,13.0,170.86,43.0,158.05,20.090000000000003,86.0,65.0,2.88663645095713,151,21.0,2.0,0.14,145.0,
2025-04-16 07:35:48,148.0,91.0,166.42,19.0,147.0,13.0,167.09,46.0,157.21,18.419999999999987,104.0,65.0,2.530715313897394,169,39.0,18.0,0.23,148.0,4.0
2025-04-16 07:35:49,148.0,30.0,165.1,10.0,147.0,10.0,167.0,40.0,156.55,17.099999999999994,40.0,50.0,1.9021356418497417,90,-10.0,-79.0,-0.11,148.0,
2025-04-16 07:35:50,148.0,39.0,161.25,16.0,147.0,13.0,162.05,19.0,154.62,13.25,52.0,35.0,1.7431236330207407,87,17.0,-3.0,0.2,148.0,
2025-04-16 07:35:51,148.0,30.0,153.21,19.0,147.0,10.0,159.4,10.0,150.61,5.210000000000008,40.0,29.0,2.9653532673183878,69,11.0,-18.0,0.16,148.0,
2025-04-16 07:35:52,148.0,42.0,155.71,21.0,147.0,14.0,156.48,21.0,151.86,7.710000000000008,56.0,42.0,2.8774207200192503,98,14.0,29.0,0.14,148.0,
2025-04-16 07:35:53,148.0,36.0,151.8,15.0,147.0,12.0,152.71,21.0,149.9,3.8000000000000114,48.0,36.0,2.8027789780852284,84,12.0,-14.0,0.14,148.0,
2025-04-16 07:35:54,148.0,42.0,149.65,23.0,147.0,17.0,151.57,28.0,148.83,1.6500000000000057,59.0,51.0,2.22376482569468,110,8.0,26.0,0.07,148.0,2.0
2025-04-16 07:35:55,144.7,20.0,149.0,24.0,142.57,46.0,487.3,33.0,146.85,4.300000000000011,66.0,57.0,1.8955606030927563,123,9.0,13.0,0.07,146.17,6.0
2025-04-16 07:35:56,143.7,69.0,148.0,40.0,141.28,65.0,149.0,20.0,145.85,4.300000000000011,134.0,60.0,2.3968041221588545,194,74.0,71.0,0.38,146.17,
2025-04-16 07:35:57,144.0,208.0,147.33,48.0,143.0,47.0,148.47,30.0,145.67,3.3300000000000125,255.0,78.0,1.8702138915102893,333,177.0,139.0,0.53,146.17,
2025-04-16 07:35:58,144.0,115.0,296.93,59.0,143.0,45.0,389.25,52.0,220.47,152.93,160.0,111.0,32.9701301180325,271,49.0,-62.0,0.18,144.0,14.0
2025-04-16 07:35:59,144.0,17.0,329.43,46.0,143.0,36.0,446.19,32.0,236.72,185.43,53.0,78.0,45.53770547579213,131,-25.0,-140.0,-0.19,144.0,1.0
2025-04-16 07:36:00,144.0,8.0,215.32,31.0,143.0,24.0,386.53,30.0,179.66,71.32,32.0,61.0,41.94906113371295,93,-29.0,-38.0,-0.31,144.0,
2025-04-16 07:36:01,143.18,22.0,264.63,38.0,141.64,44.0,369.14,42.0,203.91,121.45,66.0,80.0,35.746688378085935,146,-14.0,53.0,-0.1,143.5,2.0
2025-04-16 07:36:02,143.0,38.0,240.0,60.0,141.0,60.0,285.88,25.0,191.5,97.0,98.0,85.0,22.69631842392025,183,13.0,37.0,0.07,143.5,
2025-04-16 07:36:03,143.0,44.0,213.27,55.0,141.0,55.0,283.0,22.0,178.14,70.27000000000001,99.0,77.0,24.01661258379257,176,22.0,-7.0,0.12,143.5,
2025-04-16 07:36:04,143.0,40.0,196.75,48.0,141.0,50.0,264.52,23.0,169.88,53.75,90.0,71.0,13.25988386072767,161,19.0,-15.0,0.12,143.5,
2025-04-16 07:36:05,144.83,41.0,247.33,21.0,142.0,40.0,297.2,20.0,196.08,102.5,81.0,41.0,13.749277071904018,122,40.0,-39.0,0.33,143.5,
2025-04-16 07:36:06,141.97,32.0,202.25,24.0,140.9,62.0,282.0,24.0,172.11,60.28,94.0,48.0,11.694589347214665,142,46.0,20.0,0.32,144.67,9.0
2025-04-16 07:36:07,144.61,54.0,195.25,24.0,140.71,63.0,280.79,29.0,169.93,50.63999999999999,117.0,53.0,11.06432871890508,170,64.0,28.0,0.38,146.0,4.0
2025-04-16 07:36:08,142.15,26.0,194.0,20.0,140.17,58.0,296.75,24.0,168.08,51.85,84.0,44.0,11.750435311084782,128,40.0,-42.0,0.31,143.14,7.0
2025-04-16 07:36:09,140.94,102.0,193.46,26.0,138.67,73.0,262.0,26.0,167.2,52.52000000000001,175.0,52.0,12.110303464405352,227,123.0,99.0,0.54,143.14,
2025-04-16 07:36:10,141.0,56.0,191.14,14.0,140.0,42.0,224.0,14.0,166.07,50.13999999999999,98.0,28.0,2.381694774732781,126,70.0,-101.0,0.56,143.14,
2025-04-16 07:36:11,141.0,136.0,188.56,43.0,140.0,102.0,214.85,61.0,164.78,47.56,238.0,104.0,1.95958413955352,342,134.0,169.5,0.39,143.14,
2025-04-16 07:36:12,141.19,106.0,183.0,28.0,140.18,88.0,205.82,33.0,162.09,41.81,194.0,61.0,2.340625984643842,255,133.0,-87.0,0.52,143.0,5.0
2025-04-16 07:36:13,141.0,88.0,176.73,22.0,140.0,66.0,179.0,22.0,158.86,35.72999999999999,154.0,44.0,3.3541392338408085,198,110.0,-57.0,0.56,143.0,
2025-04-16 07:36:14,141.0,57.0,175.0,18.0,140.0,54.0,384.19,27.0,158.0,34.0,111.0,45.0,3.540939140961138,156,66.0,-42.0,0.42,141.0,3.0
2025-04-16 07:36:15,141.0,60.0,174.33,24.0,140.0,72.0,479.12,48.0,157.67,33.33000000000001,132.0,72.0,3.0640251304437807,204,60.0,48.0,0.29,141.0,
2025-04-16 07:36:16,141.0,45.0,173.11,18.0,140.0,54.0,323.67,45.0,157.06,32.110000000000014,99.0,63.0,1.9844218301539052,162,36.0,-42.0,0.22,141.0,
2025-04-16 07:36:17,141.0,71.0,170.41,49.0,140.0,66.0,173.64,22.0,155.7,29.41,137.0,71.0,1.1782699181391716,208,66.0,46.0,0.32,141.0,
2025-04-16 07:36:18,145.12,34.0,166.83,24.0,140.85,82.0,169.0,60.0,155.98,21.710000000000008,116.0,84.0,1.0140611421368066,200,32.0,-8.0,0.16,141.0,
2025-04-16 07:36:19,148.0,20.0,165.33,30.0,141.0,70.0,168.14,35.0,156.67,17.330000000000013,90.0,65.0,0.7991432912762659,155,25.0,-45.0,0.16,141.0,
2025-04-16 07:36:20,148.0,26.0,163.04,46.0,142.0,56.0,164.62,32.0,155.52,15.039999999999992,82.0,78.0,0.6558048490152663,160,4.0,5.0,0.03,141.0,
2025-04-16 07:36:21,148.0,62.0,160.44,75.0,145.31,29.0,161.0,73.0,154.22,12.439999999999998,91.0,148.0,0.8956115229227667,239,-57.0,79.0,-0.24,148.0,3.0
2025-04-16 07:36:22,148.0,42.0,156.51,69.0,146.93,54.0,157.22,37.0,152.25,8.509999999999991,96.0,106.0,1.743895065648213,202,-10.0,-37.0,-0.05,148.0,
2025-04-16 07:36:23,147.06,78.0,149.4,82.0,146.22,60.0,155.16,61.0,148.23,2.3400000000000034,138.0,143.0,3.313181250700379,281,-5.0,79.0,-0.02,147.38,8.0
2025-04-16 07:36:24,146.0,68.0,156.11,47.0,145.0,34.0,158.56,45.0,151.05,10.110000000000014,102.0,92.0,2.8361117749469518,194,10.0,-87.0,0.05,147.38,
2025-04-16 07:36:25,146.0,52.0,151.77,26.0,145.0,26.0,153.37,38.0,148.88,5.77000000000001,78.0,64.0,2.453228485076955,142,14.0,-52.0,0.1,147.38,
2025-04-16 07:36:26,146.0,76.0,147.7,40.0,145.0,26.0,148.65,34.0,146.85,1.6999999999999886,102.0,74.0,2.177916435493616,176,28.0,34.0,0.16,147.0,2.0
2025-04-16 07:36:27,146.0,44.0,190.21,19.0,145.0,22.0,302.74,42.0,168.11,44.21000000000001,66.0,61.0,8.788593744165954,127,5.0,-49.0,0.04,146.0,5.0
2025-04-16 07:36:28,146.95,19.0,296.94,34.0,145.38,16.0,448.9,31.0,221.94,149.99,35.0,65.0,31.65329888021137,100,-30.0,-27.0,-0.3,146.0,
2025-04-16 07:36:29,146.35,17.0,166.0,40.0,145.12,16.0,334.76,34.0,156.18,19.65000000000001,33.0,74.0,31.06998825233106,107,-41.0,7.0,-0.38,148.0,3.0
2025-04-16 07:36:30,146.0,12.0,165.83,24.0,145.0,12.0,167.78,18.0,155.92,19.830000000000013,24.0,42.0,30.10937146471161,66,-18.0,-41.0,-0.27,148.0,
2025-04-16 07:36:31,146.58,43.0,163.14,28.0,145.36,28.0,166.0,70.0,154.86,16.559999999999974,71.0,98.0,28.76615233221137,169,-27.0,103.0,-0.16,148.0,
2025-04-16 07:36:32,147.0,75.0,159.92,25.0,146.0,30.0,171.6,48.0,153.46,12.919999999999987,105.0,73.0,29.908693050683272,178,32.0,9.0,0.18,148.0,
2025-04-16 07:36:33,147.0,45.0,155.5,12.0,146.0,18.0,156.6,15.0,151.25,8.5,63.0,27.0,2.029453128306077,90,36.0,-88.0,0.4,148.0,
2025-04-16 07:36:34,144.3,128.0,154.27,11.0,143.44,36.0,155.89,19.0,149.28,9.97,164.0,30.0,2.696660898220504,194,134.0,104.0,0.69,146.0,10.0
2025-04-16 07:36:35,144.0,190.0,153.0,20.0,143.0,50.0,154.0,10.0,148.5,9.0,240.0,30.0,2.6980363229562987,270,210.0,76.0,0.78,146.0,
2025-04-16 07:36:36,144.0,114.0,151.33,6.0,143.0,30.0,153.0,12.0,147.67,7.3300000000000125,144.0,18.0,2.330572890941542,162,126.0,-108.0,0.78,146.0,
2025-04-16 07:36:37,144.0,127.0,149.29,14.0,143.0,55.0,150.47,19.0,146.64,5.289999999999992,182.0,33.0,1.7448696226342093,215,149.0,53.0,0.69,144.0,19.0
2025-04-16 07:36:38,143.0,40.0,146.0,13.0,141.0,56.0,148.64,11.0,144.5,3.0,96.0,24.0,1.8554837644106923,120,72.0,-95.0,0.6,144.0,
2025-04-16 07:36:39,143.0,51.0,144.53,15.0,141.0,77.0,158.53,34.0,143.77,1.5300000000000011,128.0,49.0,2.0271975730036007,177,79.0,57.0,0.45,143.0,4.0
2025-04-16 07:36:40,143.0,9.0,145.0,28.0,141.0,63.0,181.67,45.0,144.0,2.0,72.0,73.0,1.7379672033705655,145,-1.0,-32.0,-0.01,143.0,
2025-04-16 07:36:41,143.0,5.0,145.0,35.0,141.0,21.0,502.6,25.0,144.0,2.0,26.0,60.0,1.1809826416978964,86,-34.0,-59.0,-0.4,143.0,
2025-04-16 07:36:42,141.57,14.0,144.14,14.0,140.73,22.0,377.0,35.0,142.86,2.569999999999993,36.0,49.0,0.6023122113918902,85,-13.0,-1.0,-0.15,142.0,2.0
2025-04-16 07:36:43,142.0,55.0,143.89,18.0,141.0,27.0,359.4,40.0,142.94,1.8899999999999864,82.0,58.0,0.569016695705675,140,24.0,55.0,0.17,142.0,2.0
2025-04-16 07:36:44,142.0,37.0,143.75,16.0,141.0,30.0,333.47,38.0,142.88,1.75,67.0,54.0,0.6068607748007858,121,13.0,-19.0,0.11,142.0,3.0
2025-04-16 07:36:45,142.0,34.0,143.82,34.0,141.0,51.0,351.42,67.0,142.91,1.8199999999999927,85.0,101.0,0.4939838053942842,186,-16.0,65.0,-0.09,142.0,
2025-04-16 07:36:46,141.34,56.0,176.04,46.0,137.38,48.0,263.29,35.0,158.69,34.69999999999999,104.0,81.0,7.062685749769102,185,23.0,-1.0,0.12,141.17,6.0
2025-04-16 07:36:47,143.08,51.0,181.0,55.0,141.0,15.0,328.09,33.0,162.04,37.91999999999999,66.0,88.0,9.633606282176537,154,-22.0,-31.0,-0.14,141.17,
2025-04-16 07:36:48,147.0,7.0,223.39,33.0,143.0,35.0,308.65,23.0,185.2,76.38999999999999,42.0,56.0,17.409541349501158,98,-14.0,-56.0,-0.14,141.17,
2025-04-16 07:36:49,147.0,8.0,314.0,24.0,143.0,40.0,347.0,40.0,230.5,167.0,48.0,64.0,34.07443572533505,112,-16.0,14.0,-0.14,141.17,
2025-04-16 07:36:50,128.06,16.0,314.0,21.0,132.0,24.0,347.0,35.0,221.03,185.94,40.0,56.0,33.07982119056856,96,-16.0,-16.0,-0.17,142.0,11.0
2025-04-16 07:36:52,146.0,15.0,282.56,9.0,33.43,21.0,373.23,31.0,214.28,136.56,36.0,40.0,27.877104046152063,76,-4.0,-30.0,-0.05,142.0,
2025-04-16 07:36:53,146.0,18.0,279.33,9.0,65.31,29.0,295.85,13.0,212.67,133.32999999999998,47.0,22.0,26.186117887155163,69,25.0,-7.0,0.36,142.0,
2025-04-16 07:36:54,146.0,24.0,174.44,16.0,116.58,48.0,184.75,20.0,160.22,28.44,72.0,36.0,29.913137080553557,108,36.0,39.0,0.33,142.0,
2025-04-16 07:36:55,146.0,20.0,165.5,10.0,145.0,20.0,166.5,10.0,155.75,19.5,40.0,20.0,29.56411219705386,60,20.0,-48.0,0.33,142.0,
2025-04-16 07:36:56,147.09,22.0,163.57,7.0,145.29,14.0,165.0,7.0,155.33,16.47999999999999,36.0,14.0,30.94250555465715,50,22.0,-10.0,0.44,142.0,
2025-04-16 07:36:57,147.95,74.0,159.12,16.0,145.94,32.0,160.88,16.0,153.54,11.170000000000016,106.0,32.0,25.36917558770857,138,74.0,88.0,0.54,148.0,6.0
2025-04-16 07:36:58,146.0,20.0,156.0,10.0,145.0,20.0,157.3,10.0,151.0,10.0,40.0,20.0,3.38785625432797,60,20.0,-78.0,0.33,148.0,
2025-04-16 07:36:59,146.0,16.0,154.25,8.0,145.0,16.0,155.75,8.0,150.12,8.25,32.0,16.0,2.5232855565688848,48,16.0,-12.0,0.33,148.0,
2025-04-16 07:37:00,146.0,24.0,150.81,16.0,145.0,24.0,151.78,32.0,148.41,4.810000000000002,48.0,48.0,2.75549451097061,96,0.0,48.0,0.0,148.0,
2025-04-16 07:37:01,145.62,32.0,147.19,16.0,144.57,28.0,149.06,16.0,146.41,1.5699999999999932,60.0,32.0,2.6883135977763435,92,28.0,-4.0,0.3,146.0,2.0
2025-04-16 07:37:02,145.0,28.0,146.13,30.0,143.95,148.0,147.57,14.0,145.57,1.1299999999999957,176.0,44.0,2.325912724069687,220,132.0,128.0,0.6,146.0,
2025-04-16 07:37:03,144.07,120.0,146.25,16.0,143.88,128.0,149.0,16.0,145.16,2.180000000000007,248.0,32.0,2.0863436917222757,280,216.0,60.0,0.77,145.0,2.0
2025-04-16 07:37:04,144.0,177.0,147.0,19.0,143.0,30.0,253.07,15.0,145.5,3.0,207.0,34.0,1.3130308450258723,241,173.0,-39.0,0.72,144.0,3.0
2025-04-16 07:37:05,144.76,136.0,146.55,11.0,143.94,94.0,285.45,11.0,145.65,1.7900000000000205,230.0,22.0,0.4599673901369314,252,208.0,11.0,0.83,145.0,1.0
2025-04-16 07:37:06,145.0,47.0,204.4,10.0,144.0,110.0,482.45,22.0,174.7,59.400000000000006,157.0,32.0,13.073386324896424,189,125.0,-63.0,0.66,145.0,10.0
2025-04-16 07:37:07,145.0,22.0,365.18,22.0,144.0,121.0,481.54,37.0,255.09,220.18,143.0,59.0,47.48882552769637,202,84.0,13.0,0.42,145.0,
2025-04-16 07:37:08,145.0,12.0,268.0,24.0,144.0,66.0,463.19,16.0,206.5,123.0,78.0,40.0,46.3368910264811,118,38.0,-84.0,0.32,145.0,
2025-04-16 07:37:09,145.0,14.0,268.0,28.0,144.0,77.0,529.0,9.0,206.5,123.0,91.0,37.0,40.88610362947272,128,54.0,10.0,0.42,145.0,
2025-04-16 07:37:10,145.0,16.0,311.57,28.0,144.0,88.0,430.71,28.0,228.29,166.57,104.0,56.0,29.78820622326865,160,48.0,32.0,0.3,145.0,
2025-04-16 07:37:11,145.62,16.0,316.56,18.0,144.23,43.0,455.14,28.0,231.09,170.94,59.0,46.0,20.22745732908562,105,13.0,-55.0,0.12,145.0,
2025-04-16 07:37:12,146.73,44.0,246.05,57.0,145.0,30.0,375.9,49.0,196.39,99.32000000000002,74.0,106.0,15.154056552619222,180,-32.0,75.0,-0.18,147.0,3.0
2025-04-16 07:37:13,144.31,86.0,159.4,40.0,141.6,30.0,273.16,38.0,151.86,15.090000000000003,116.0,78.0,32.01453779144693,194,38.0,14.0,0.2,146.2,5.0
2025-04-16 07:37:14,144.2,59.0,180.23,13.0,142.79,77.0,210.21,29.0,162.22,36.03,136.0,42.0,36.54766682019503,178,94.0,-16.0,0.53,146.2,
2025-04-16 07:37:15,147.0,10.0,156.3,10.0,144.0,110.0,217.68,31.0,151.65,9.300000000000011,120.0,41.0,34.5735082107672,161,79.0,-17.0,0.49,146.2,
2025-04-16 07:37:16,144.33,46.0,154.33,42.0,143.79,70.0,174.5,16.0,149.33,10.0,116.0,58.0,19.702607695429272,174,58.0,13.0,0.33,144.6,5.0
2025-04-16 07:37:17,144.0,81.0,153.62,24.0,143.0,60.0,154.12,48.0,148.81,9.620000000000005,141.0,72.0,5.452066580663734,213,69.0,39.0,0.32,144.0,3.0
2025-04-16 07:37:18,144.0,16.0,152.75,4.0,143.0,20.0,153.94,16.0,148.38,8.75,36.0,20.0,5.80839650850305,56,16.0,-157.0,0.29,144.0,
2025-04-16 07:37:19,145.41,68.0,149.33,15.0,143.49,49.0,150.67,15.0,147.37,3.920000000000016,117.0,30.0,1.5929908976484062,147,87.0,91.0,0.59,144.0,
2025-04-16 07:37:20,146.0,27.0,147.0,9.0,144.0,36.0,150.0,9.0,146.5,1.0,63.0,18.0,1.1386263654029505,81,45.0,-66.0,0.56,146.0,6.0
2025-04-16 07:37:21,145.57,23.0,149.2,10.0,143.46,56.0,271.0,48.0,147.38,3.629999999999996,79.0,58.0,0.9144779931691952,137,21.0,56.0,0.15,145.33,3.0
2025-04-16 07:37:22,147.82,17.0,279.61,49.0,144.18,33.0,408.44,50.0,213.72,131.79000000000002,50.0,99.0,29.66331741393719,149,-49.0,12.0,-0.33,148.0,2.0
2025-04-16 07:37:23,144.25,8.0,317.38,13.0,143.6,10.0,625.25,16.0,230.82,173.13,18.0,29.0,41.62438371916138,47,-11.0,-102.0,-0.23,145.0,1.0
2025-04-16 07:37:24,144.0,24.0,285.95,39.0,143.0,16.0,673.12,32.0,214.97,141.95,40.0,71.0,40.493294753576,111,-31.0,64.0,-0.28,145.0,
2025-04-16 07:37:25,143.0,10.0,210.73,33.0,142.0,60.0,278.95,38.0,176.86,67.72999999999999,70.0,71.0,33.96219663095992,141,-1.0,30.0,-0.01,143.75,4.0
2025-04-16 07:37:26,143.97,36.0,193.0,16.0,142.54,13.0,208.0,32.0,168.49,49.03,49.0,48.0,26.85994918088984,97,1.0,-44.0,0.01,143.75,
2025-04-16 07:37:27,144.0,33.0,202.56,39.0,143.0,11.0,423.8,40.0,173.28,58.56,44.0,79.0,28.120651308246504,123,-35.0,26.0,-0.28,144.0,2.0
2025-04-16 07:37:28,144.0,24.0,167.12,24.0,143.0,8.0,169.0,32.0,155.56,23.120000000000005,32.0,56.0,22.272244386230764,88,-24.0,-35.0,-0.27,144.0,
2025-04-16 07:37:29,144.0,54.0,166.38,24.0,143.0,8.0,169.0,32.0,155.19,22.379999999999995,62.0,56.0,10.036320540914852,118,6.0,30.0,0.05,144.0,
2025-04-16 07:37:30,144.0,106.0,165.89,27.0,143.0,9.0,392.35,34.0,154.94,21.889999999999983,115.0,61.0,8.743018357523335,176,54.0,58.0,0.31,144.0,5.0
2025-04-16 07:37:31,143.95,65.0,164.54,39.0,142.36,28.0,435.44,50.0,154.25,20.590000000000003,93.0,89.0,8.19573852681932,182,4.0,6.0,0.02,144.0,3.0
2025-04-16 07:37:32,143.0,7.0,162.57,21.0,142.0,42.0,190.28,25.0,152.79,19.569999999999997,49.0,46.0,1.0919386429608169,95,3.0,-87.0,0.03,144.0,
2025-04-16 07:37:33,142.04,56.0,159.73,33.0,141.08,147.0,160.82,33.0,150.88,17.689999999999998,203.0,66.0,1.7888683573676578,269,137.0,169.5,0.51,144.0,
2025-04-16 07:37:34,142.67,36.0,157.4,30.0,141.62,78.0,158.4,30.0,150.03,14.730000000000018,114.0,60.0,2.109210752862652,174,54.0,-95.0,0.31,144.0,
2025-04-16 07:37:35,143.0,30.0,154.9,30.0,142.0,60.0,156.0,30.0,148.95,11.900000000000006,90.0,60.0,2.1332135383012223,150,30.0,-24.0,0.2,144.0,
2025-04-16 07:37:36,145.8,45.0,154.0,24.0,142.78,27.0,155.0,24.0,149.9,8.199999999999989,72.0,48.0,1.4466685867854288,120,24.0,-30.0,0.2,144.0,
2025-04-16 07:37:37,146.0,60.0,153.0,30.0,143.0,60.0,154.7,30.0,149.5,7.0,120.0,60.0,0.7120884776429803,180,60.0,60.0,0.33,144.0,
2025-04-16 07:37:38,146.0,36.0,149.0,18.0,143.0,54.0,150.33,18.0,147.5,3.0,90.0,36.0,1.026951800228257,126,54.0,-54.0,0.43,144.0,
2025-04-16 07:37:39,146.67,82.0,147.91,33.0,143.65,69.0,213.12,25.0,147.29,1.240000000000009,151.0,58.0,1.1773572100225986,209,93.0,83.0,0.44,146.0,3.0
2025-04-16 07:37:40,147.0,65.0,224.34,41.0,146.0,39.0,318.07,28.0,185.67,77.34,104.0,69.0,16.642408779981047,173,35.0,-36.0,0.2,147.0,9.0
2025-04-16 07:37:41,145.5,26.0,427.91,35.0,143.34,41.0,604.5,24.0,286.71,282.41,67.0,59.0,60.04173406889564,126,8.0,-47.0,0.06,146.86,7.0
2025-04-16 07:37:42,145.94,34.0,411.83,23.0,142.45,33.0,473.94,17.0,278.88,265.89,67.0,40.0,69.02264302386556,107,27.0,-19.0,0.25,146.86,
2025-04-16 07:37:43,146.69,39.0,315.0,13.0,142.67,18.0,412.46,13.0,230.85,168.31,57.0,26.0,59.84818710704588,83,31.0,-24.0,0.37,146.86,
2025-04-16 07:37:44,147.0,144.0,288.72,50.0,143.0,48.0,296.07,55.0,217.86,141.72000000000003,192.0,105.0,42.482729785172346,297,87.0,169.5,0.29,146.86,
2025-04-16 07:37:45,147.0,91.0,247.14,29.0,143.0,33.0,250.92,39.0,197.07,100.14,124.0,68.0,39.00163496572892,192,56.0,-105.0,0.29,147.0,8.0
2025-04-16 07:37:46,142.35,40.0,239.5,24.0,141.42,57.0,247.71,28.0,190.93,97.15,97.0,52.0,35.040678789087025,149,45.0,-43.0,0.3,143.6,5.0
2025-04-16 07:37:47,142.36,44.0,236.44,27.0,141.09,53.0,238.11,27.0,189.4,94.07999999999998,97.0,54.0,18.28637115449581,151,43.0,2.0,0.28,143.6,
2025-04-16 07:37:48,146.0,48.0,234.83,36.0,142.0,60.0,237.5,36.0,190.42,88.83000000000001,108.0,72.0,11.968221672411405,180,36.0,29.0,0.2,143.6,
2025-04-16 07:37:49,146.88,164.0,231.64,33.0,143.96,49.0,233.64,33.0,189.26,84.75999999999999,213.0,66.0,3.2368395079117898,279,147.0,99.0,0.53,143.6,
2025-04-16 07:37:50,147.0,198.0,227.71,21.0,146.0,28.0,229.29,21.0,187.36,80.71000000000001,226.0,42.0,1.3725086520597505,268,184.0,-11.0,0.69,143.6,
2025-04-16 07:37:51,147.39,270.0,226.09,33.0,146.51,49.0,227.18,33.0,186.74,78.70000000000002,319.0,66.0,1.531234795836017,385,253.0,117.0,0.66,147.0,3.0
2025-04-16 07:37:52,148.0,168.0,224.45,20.0,147.0,40.0,226.0,24.0,186.22,76.44999999999999,208.0,44.0,1.7754999295913894,252,164.0,-133.0,0.65,147.0,
2025-04-16 07:37:53,148.0,231.0,221.14,29.0,147.0,55.0,224.55,33.0,184.57,73.13999999999999,286.0,62.0,1.7083325203189077,348,224.0,96.0,0.64,147.0,
2025-04-16 07:37:54,148.0,231.0,192.0,27.0,147.0,55.0,209.57,21.0,170.0,44.0,286.0,48.0,7.32850735143109,334,238.0,-14.0,0.71,147.0,
2025-04-16 07:37:55,148.0,147.0,191.0,21.0,147.0,36.0,192.0,21.0,169.5,43.0,183.0,42.0,8.85277809503773,225,141.0,-109.0,0.63,147.0,
2025-04-16 07:37:56,148.0,212.0,188.08,36.0,147.0,48.0,189.25,36.0,168.04,40.08000000000001,260.0,72.0,8.929545341168282,332,188.0,107.0,0.57,148.0,4.0
2025-04-16 07:37:57,148.0,149.0,185.22,27.0,147.0,36.0,186.22,27.0,166.61,37.22,185.0,54.0,7.2914491015147584,239,131.0,-93.0,0.55,148.0,4.0
2025-04-16 07:37:58,148.0,148.0,182.18,51.0,147.0,68.0,184.29,51.0,165.09,34.18000000000001,216.0,102.0,2.033241254740969,318,114.0,79.0,0.36,148.0,5.0
2025-04-16 07:37:59,148.0,88.0,177.1,29.0,147.0,44.0,178.25,36.0,162.55,29.099999999999994,132.0,65.0,2.686702439791319,197,67.0,-121.0,0.34,148.0,
2025-04-16 07:38:00,148.0,112.0,169.29,56.0,147.0,56.0,176.25,28.0,158.64,21.289999999999992,168.0,84.0,3.707456001084924,252,84.0,55.0,0.33,148.0,
2025-04-16 07:38:01,148.0,114.0,166.12,50.0,147.0,64.0,167.45,60.0,157.06,18.120000000000005,178.0,110.0,4.086422640890257,288,68.0,36.0,0.24,148.0,2.0
2025-04-16 07:38:02,148.0,70.0,162.1,30.0,147.0,40.0,163.29,31.0,155.05,14.099999999999994,110.0,61.0,4.08925054257872,171,49.0,-117.0,0.29,148.0,
2025-04-16 07:38:03,148.0,56.0,159.45,22.0,147.0,28.0,160.35,26.0,153.73,11.449999999999989,84.0,48.0,3.433908851437428,132,36.0,-39.0,0.27,148.0,
2025-04-16 07:38:04,148.0,80.0,157.4,30.0,147.0,40.0,159.0,30.0,152.7,9.400000000000006,120.0,60.0,2.421162943707052,180,60.0,48.0,0.33,148.0,
2025-04-16 07:38:05,148.0,72.0,155.33,36.0,147.0,48.0,156.67,36.0,151.67,7.3300000000000125,120.0,72.0,2.100540406652585,192,48.0,12.0,0.25,148.0,
2025-04-16 07:38:06,148.0,111.0,153.77,39.0,147.0,52.0,155.0,39.0,150.88,5.77000000000001,163.0,78.0,1.6507967773109415,241,85.0,49.0,0.35,148.0,
2025-04-16 07:38:07,148.0,113.0,150.94,54.0,147.0,60.0,152.04,49.0,149.47,2.9399999999999977,173.0,103.0,1.640624880946317,276,70.0,35.0,0.25,148.0,2.0
2025-04-16 07:38:08,147.93,55.0,149.41,49.0,146.94,64.0,150.88,59.0,148.67,1.4799999999999898,119.0,108.0,1.628241382590448,227,11.0,-49.0,0.05,148.0,7.0
2025-04-16 07:38:09,146.75,32.0,149.55,22.0,145.86,28.0,151.8,30.0,148.15,2.800000000000012,60.0,52.0,1.4804121047802834,112,8.0,-115.0,0.07,148.0,
2025-04-16 07:38:10,145.83,35.0,147.32,38.0,144.73,22.0,149.2,40.0,146.57,1.489999999999981,57.0,78.0,1.5948416849267293,135,-21.0,23.0,-0.16,146.14,7.0
2025-04-16 07:38:11,145.46,13.0,147.33,24.0,143.33,24.0,201.06,35.0,146.4,1.8700000000000043,37.0,59.0,1.3348857628950248,96,-22.0,-39.0,-0.23,146.0,2.0
2025-04-16 07:38:12,144.23,22.0,147.5,32.0,143.04,46.0,188.67,48.0,145.86,3.2700000000000102,68.0,80.0,1.211548595797843,148,-12.0,52.0,-0.08,145.5,2.0
2025-04-16 07:38:13,143.1,39.0,145.43,53.0,141.2,81.0,146.45,40.0,144.27,2.3300000000000125,120.0,93.0,1.397086253593381,213,27.0,65.0,0.13,144.0,3.0
2025-04-16 07:38:14,143.0,20.0,144.0,10.0,141.0,70.0,145.0,50.0,143.5,1.0,90.0,60.0,1.363396494046922,150,30.0,-63.0,0.2,143.0,1.0
2025-04-16 07:38:15,141.09,47.0,143.17,30.0,140.44,16.0,144.83,30.0,142.13,2.079999999999984,63.0,60.0,1.7397039978051838,123,3.0,-27.0,0.02,142.0,4.0
2025-04-16 07:38:16,141.0,59.0,142.15,65.0,140.0,26.0,144.0,13.0,141.58,1.1500000000000057,85.0,78.0,1.7117739336662463,163,7.0,40.0,0.04,141.0,1.0
2025-04-16 07:38:17,140.82,44.0,142.0,55.0,130.36,22.0,184.43,14.0,141.41,1.1800000000000068,66.0,69.0,1.252385723321335,135,-3.0,-28.0,-0.02,141.0,6.0
2025-04-16 07:38:18,123.58,19.0,140.67,36.0,106.5,24.0,159.25,36.0,132.12,17.08999999999999,43.0,72.0,4.562243965416436,115,-29.0,-20.0,-0.25,138.67,3.0
2025-04-16 07:38:26,146.0,20.0,328.11,9.0,88.36,11.0,483.18,11.0,237.06,182.11,31.0,20.0,61.838300186858135,51,11.0,-71.0,0.22,138.67,
2025-04-16 07:38:27,146.0,44.0,362.11,18.0,131.64,11.0,480.91,22.0,254.06,216.11,55.0,40.0,78.53134998202938,95,15.0,44.0,0.16,138.67,
2025-04-16 07:38:37,148.0,45.0,273.22,23.0,147.0,36.0,412.5,20.0,210.61,125.22000000000004,81.0,43.0,47.8658479502872,124,38.0,-1.0,0.31,138.67,
2025-04-16 07:38:38,147.29,34.0,210.0,18.0,145.71,14.0,331.0,22.0,178.65,62.71000000000001,48.0,40.0,67.05698994139237,88,8.0,-36.0,0.09,148.0,5.0
2025-04-16 07:38:39,147.0,28.0,184.1,20.0,144.0,7.0,197.71,14.0,165.55,37.1,35.0,34.0,77.37781154827256,69,1.0,-19.0,0.01,147.0,4.0
2025-04-16 07:38:40,144.92,52.0,182.5,36.0,143.56,18.0,183.76,34.0,163.71,37.58000000000001,70.0,70.0,62.76101815617688,140,0.0,71.0,0.0,147.0,
2025-04-16 07:38:41,145.0,99.0,179.89,27.0,144.0,11.0,181.07,28.0,162.44,34.889999999999986,110.0,55.0,20.30277370213113,165,55.0,25.0,0.33,147.0,
2025-04-16 07:38:42,145.76,42.0,177.06,36.0,144.88,48.0,178.1,29.0,161.41,31.30000000000001,90.0,65.0,7.0461209186290485,155,25.0,-10.0,0.16,146.6,5.0
2025-04-16 07:38:43,145.0,64.0,171.53,34.0,144.0,16.0,180.28,47.0,158.26,26.53,80.0,81.0,2.723991556510328,161,-1.0,6.0,-0.01,146.6,
2025-04-16 07:38:44,144.47,17.0,160.05,38.0,142.33,24.0,212.06,32.0,152.26,15.580000000000013,41.0,70.0,4.579948689662144,111,-29.0,-50.0,-0.26,144.5,6.0
2025-04-16 07:38:45,143.75,8.0,173.77,26.0,141.75,16.0,174.45,22.0,158.76,30.02000000000001,24.0,48.0,3.9678432428634784,72,-24.0,-39.0,-0.33,144.5,
2025-04-16 07:38:46,144.0,12.0,171.0,26.0,143.0,12.0,172.35,46.0,157.5,27.0,24.0,72.0,3.347225716908965,96,-48.0,24.0,-0.5,144.5,
2025-04-16 07:38:47,144.0,13.0,167.93,30.0,142.41,17.0,169.33,48.0,155.97,23.930000000000007,30.0,78.0,2.6196946386813966,108,-48.0,12.0,-0.44,144.5,
2025-04-16 07:38:48,141.52,29.0,165.21,28.0,140.19,89.0,167.24,50.0,153.37,23.69,118.0,78.0,2.732081623951863,196,40.0,88.0,0.2,142.25,4.0
2025-04-16 07:38:49,141.0,77.0,161.26,38.0,140.0,118.0,162.22,46.0,151.13,20.25999999999999,195.0,84.0,3.09692266612121,279,111.0,83.0,0.4,142.25,
2025-04-16 07:38:50,141.37,109.0,159.0,24.0,140.64,86.0,162.0,48.0,150.18,17.629999999999995,195.0,72.0,3.109364886907657,267,123.0,-12.0,0.46,141.0,3.0
2025-04-16 07:38:51,145.71,73.0,158.07,30.0,144.44,64.0,162.0,60.0,151.89,12.359999999999983,137.0,90.0,2.2599159276251,227,47.0,-40.0,0.21,141.0,
2025-04-16 07:38:52,147.22,37.0,157.0,18.0,145.0,36.0,162.0,36.0,152.11,9.78,73.0,54.0,1.1855294175739173,127,19.0,-100.0,0.15,147.0,1.0
2025-04-16 07:38:53,148.0,32.0,156.0,28.0,145.0,32.0,157.8,20.0,152.0,8.0,64.0,48.0,0.8133695346722696,112,16.0,-15.0,0.14,147.0,
2025-04-16 07:38:54,148.0,27.0,152.85,47.0,145.0,60.0,153.77,52.0,150.43,4.849999999999994,87.0,99.0,0.9358258384618906,186,-12.0,74.0,-0.06,148.0,3.0
2025-04-16 07:38:55,148.0,48.0,149.72,40.0,145.0,60.0,150.93,45.0,148.86,1.7199999999999989,108.0,85.0,1.40640321385183,193,23.0,7.0,0.12,148.0,
2025-04-16 07:38:56,147.25,32.0,149.0,24.0,144.77,26.0,150.0,16.0,148.12,1.75,58.0,40.0,1.8033940223734723,98,18.0,-95.0,0.18,148.0,4.0
2025-04-16 07:38:57,143.67,72.0,147.71,35.0,141.0,24.0,148.78,37.0,145.69,4.0400000000000205,96.0,72.0,2.387100751944016,168,24.0,70.0,0.14,145.12,8.0
2025-04-16 07:38:58,141.0,131.0,144.04,23.0,140.0,81.0,145.44,32.0,142.52,3.039999999999992,212.0,55.0,3.08984303807339,267,157.0,99.0,0.59,141.0,1.0
2025-04-16 07:38:59,141.0,109.0,142.2,30.0,140.0,66.0,257.35,40.0,141.6,1.1999999999999886,175.0,70.0,3.247294258290975,245,105.0,-22.0,0.43,141.0,2.0
2025-04-16 07:39:00,141.0,60.0,202.1,50.0,140.0,60.0,333.33,24.0,171.55,61.1,120.0,74.0,12.37910861087876,194,46.0,-51.0,0.24,141.0,3.0
2025-04-16 07:39:01,141.0,56.0,275.95,37.0,140.0,60.0,390.44,32.0,208.47,134.95,116.0,69.0,28.776310222124398,185,47.0,-9.0,0.25,141.0,1.0
2025-04-16 07:39:02,147.0,55.0,202.55,44.0,141.02,58.0,416.6,40.0,174.77,55.55000000000001,113.0,84.0,27.578112154386943,197,29.0,12.0,0.15,141.0,
2025-04-16 07:39:03,147.0,55.0,314.45,44.0,145.74,91.0,649.96,54.0,230.73,167.45,146.0,98.0,34.67812826552144,244,48.0,47.0,0.2,141.0,
2025-04-16 07:39:04,147.0,55.0,256.78,46.0,146.0,187.0,367.29,42.0,201.89,109.77999999999996,242.0,88.0,24.667284406678515,330,154.0,86.0,0.47,141.0,
2025-04-16 07:39:05,146.08,182.0,297.1,58.0,145.29,62.0,323.48,62.0,221.59,151.02,244.0,120.0,21.458252491756465,364,124.0,34.0,0.34,146.71,7.0
2025-04-16 07:39:06,146.0,195.0,168.28,32.0,142.0,13.0,182.52,44.0,157.14,22.28,208.0,76.0,31.020294647213856,284,132.0,-80.0,0.46,146.71,
2025-04-16 07:39:07,146.0,99.0,165.53,30.0,142.0,9.0,166.87,15.0,155.77,19.53,108.0,45.0,35.32381179884132,153,63.0,-131.0,0.41,146.0,4.0
2025-04-16 07:39:08,146.0,143.0,162.05,22.0,142.0,19.0,163.14,43.0,154.02,16.05000000000001,162.0,65.0,31.524353601619623,227,97.0,74.0,0.43,146.0,
2025-04-16 07:39:09,146.0,154.0,157.38,26.0,142.0,29.0,162.0,44.0,151.69,11.379999999999995,183.0,70.0,30.00353429181202,253,113.0,26.0,0.45,146.0,
2025-04-16 07:39:10,145.96,103.0,155.73,15.0,141.86,14.0,156.96,46.0,150.85,9.769999999999982,117.0,61.0,2.654963276568558,178,56.0,-75.0,0.31,146.0,
2025-04-16 07:39:11,146.0,35.0,154.86,14.0,142.0,7.0,156.0,7.0,150.43,8.860000000000014,42.0,21.0,2.2722939950469785,63,21.0,-115.0,0.33,146.0,
2025-04-16 07:39:12,146.0,60.0,152.1,31.0,142.0,12.0,152.54,26.0,149.05,6.099999999999994,72.0,57.0,1.839162853019128,129,15.0,66.0,0.12,146.0,
2025-04-16 07:39:13,146.63,41.0,149.91,33.0,145.75,48.0,318.72,43.0,148.27,3.280000000000001,89.0,76.0,1.3822156126757197,165,13.0,36.0,0.08,147.0,3.0
2025-04-16 07:39:14,147.0,38.0,150.0,40.0,146.0,50.0,511.0,40.0,148.5,3.0,88.0,80.0,1.158749325749107,168,8.0,3.0,0.05,147.0,3.0
2025-04-16 07:39:15,147.04,23.0,264.36,42.0,146.04,57.0,498.95,44.0,205.7,117.32000000000002,80.0,86.0,25.342946750524742,166,-6.0,-2.0,-0.04,148.0,1.0
2025-04-16 07:39:16,146.67,12.0,257.6,15.0,145.77,26.0,380.6,15.0,202.13,110.93000000000004,38.0,30.0,30.32122936161957,68,8.0,-98.0,0.12,146.67,3.0
2025-04-16 07:39:17,145.09,44.0,257.0,27.0,142.09,22.0,366.78,27.0,201.05,111.91,66.0,54.0,29.941558910650425,120,12.0,52.0,0.1,145.8,5.0
2025-04-16 07:39:18,145.0,45.0,244.14,28.0,142.2,30.0,271.22,27.0,194.57,99.14,75.0,55.0,23.75975483880164,130,20.0,10.0,0.15,145.8,
2025-04-16 07:39:19,145.0,33.0,249.08,37.0,143.0,72.0,316.58,36.0,197.04,104.08,105.0,73.0,4.368291428003245,178,32.0,48.0,0.18,145.0,3.0
2025-04-16 07:39:20,142.42,24.0,184.55,33.0,141.1,40.0,186.35,34.0,163.48,42.13000000000002,64.0,67.0,16.0414908908106,131,-3.0,-47.0,-0.02,143.5,8.0
2025-04-16 07:39:21,142.73,11.0,179.03,31.0,141.0,22.0,181.66,29.0,160.88,36.30000000000001,33.0,60.0,19.533930224098597,93,-27.0,-38.0,-0.29,143.5,
2025-04-16 07:39:22,145.55,11.0,173.0,33.0,141.88,17.0,175.0,33.0,159.27,27.44999999999999,28.0,66.0,19.02795758876777,94,-38.0,1.0,-0.4,148.0,1.0
2025-04-16 07:39:23,143.05,19.0,172.86,21.0,141.5,16.0,174.71,21.0,157.95,29.81,35.0,42.0,16.51727065831211,77,-7.0,-17.0,-0.09,143.5,2.0
2025-04-16 07:39:24,142.52,25.0,170.38,24.0,136.47,15.0,171.5,24.0,156.45,27.859999999999985,40.0,48.0,2.7132323895919104,88,-8.0,11.0,-0.09,142.2,5.0
2025-04-16 07:39:25,140.0,20.0,168.8,15.0,36.48,29.0,170.0,15.0,154.4,28.80000000000001,49.0,30.0,2.5025886597539237,79,19.0,-9.0,0.24,142.2,
2025-04-16 07:39:26,144.4,75.0,166.73,33.0,52.57,53.0,167.9,30.0,155.56,22.329999999999984,128.0,63.0,1.924585669677488,191,65.0,112.0,0.34,142.2,
2025-04-16 07:39:27,146.0,99.0,164.34,29.0,141.0,18.0,165.55,33.0,155.17,18.340000000000003,117.0,62.0,1.360452130700363,179,55.0,-12.0,0.31,142.2,
2025-04-16 07:39:28,146.0,120.0,161.68,34.0,141.59,17.0,162.7,40.0,153.84,15.680000000000009,137.0,74.0,1.0143125750607582,211,63.0,32.0,0.3,146.0,1.0
2025-04-16 07:39:29,146.0,96.0,157.95,43.0,143.0,12.0,158.76,38.0,151.98,11.949999999999989,108.0,81.0,1.404279174496864,189,27.0,-22.0,0.14,146.0,7.0
2025-04-16 07:39:30,146.0,30.0,152.95,37.0,143.0,10.0,154.39,33.0,149.47,6.949999999999989,40.0,70.0,2.513032033207036,110,-30.0,-79.0,-0.27,146.0,
2025-04-16 07:39:31,145.33,27.0,148.08,48.0,141.74,19.0,150.33,43.0,146.71,2.75,46.0,91.0,3.399195493042891,137,-45.0,27.0,-0.33,146.0,3.0
2025-04-16 07:39:32,143.0,9.0,146.62,32.0,141.0,18.0,148.45,31.0,144.81,3.620000000000005,27.0,63.0,3.697021774336925,90,-36.0,-47.0,-0.4,146.0,
2025-04-16 07:39:33,141.26,23.0,144.18,44.0,140.23,26.0,144.95,42.0,142.72,2.920000000000016,49.0,86.0,3.6743938275475263,135,-37.0,45.0,-0.27,143.5,2.0
2025-04-16 07:39:34,140.31,26.0,142.39,36.0,134.6,35.0,181.43,47.0,141.35,2.079999999999984,61.0,83.0,3.219521703594725,144,-22.0,9.0,-0.15,141.0,2.0
2025-04-16 07:39:35,141.07,90.0,143.0,46.0,140.62,48.0,296.03,30.0,142.03,1.9300000000000068,138.0,76.0,2.202789141047342,214,62.0,70.0,0.29,143.0,2.0
2025-04-16 07:39:36,141.0,63.0,191.54,26.0,140.0,22.0,365.4,30.0,166.27,50.53999999999999,85.0,56.0,10.608019607821234,141,29.0,-73.0,0.21,141.0,7.0
2025-04-16 07:39:37,141.09,45.0,265.86,42.0,134.2,41.0,436.42,33.0,203.47,124.77,86.0,75.0,26.901833023047526,161,11.0,20.0,0.07,143.8,5.0
2025-04-16 07:39:38,140.0,16.0,432.29,14.0,126.54,59.0,453.87,15.0,286.14,292.29,75.0,29.0,60.4820785026437,104,46.0,-57.0,0.44,143.8,
2025-04-16 07:39:39,141.42,24.0,396.24,21.0,137.6,42.0,475.0,41.0,268.83,254.82,66.0,62.0,62.80345866271999,128,4.0,24.0,0.03,143.8,
2025-04-16 07:39:40,144.89,9.0,210.21,19.0,143.0,27.0,221.08,13.0,177.55,65.32000000000002,36.0,32.0,54.12948198532834,68,4.0,-60.0,0.06,143.8,
2025-04-16 07:39:41,146.0,12.0,176.54,35.0,143.08,36.0,187.88,24.0,161.27,30.539999999999992,48.0,59.0,55.41169389217392,107,-11.0,39.0,-0.1,143.8,
2025-04-16 07:39:42,147.92,24.0,156.0,30.0,144.0,30.0,157.0,20.0,151.96,8.080000000000013,54.0,50.0,63.34609893276756,104,4.0,-3.0,0.04,148.0,2.0
2025-04-16 07:39:43,147.92,24.0,155.81,26.0,144.35,31.0,232.17,35.0,151.86,7.890000000000015,55.0,61.0,49.49589205176478,116,-6.0,12.0,-0.05,148.0,2.0
2025-04-16 07:39:44,146.4,20.0,153.5,34.0,140.44,36.0,155.21,14.0,149.95,7.099999999999994,56.0,48.0,11.516699614035756,104,8.0,-12.0,0.08,148.0,
2025-04-16 07:39:45,146.7,71.0,151.3,43.0,142.89,36.0,152.53,17.0,149.0,4.600000000000023,107.0,60.0,4.896230182490022,167,47.0,63.0,0.28,148.0,
2025-04-16 07:39:46,147.0,91.0,149.38,26.0,144.0,14.0,149.6,30.0,148.19,2.3799999999999955,105.0,56.0,1.687859591294243,161,49.0,-6.0,0.3,147.0,3.0
2025-04-16 07:39:47,146.61,23.0,188.64,11.0,143.4,20.0,277.0,18.0,167.62,42.02999999999997,43.0,29.0,8.10798556979023,72,14.0,-89.0,0.19,147.0,5.0
2025-04-16 07:39:48,143.56,9.0,292.73,15.0,141.67,36.0,389.33,12.0,218.14,149.17000000000002,45.0,27.0,29.93042181460089,72,18.0,0.0,0.25,143.25,4.0
2025-04-16 07:39:49,140.5,18.0,178.0,8.0,125.93,30.0,333.86,14.0,159.25,37.5,48.0,22.0,28.910182462238776,70,26.0,-2.0,0.37,141.5,2.0
2025-04-16 07:39:50,140.97,104.0,266.67,18.0,138.69,26.0,320.89,27.0,203.82,125.70000000000002,130.0,45.0,30.06650511782086,175,85.0,105.0,0.49,141.5,
2025-04-16 07:39:51,141.0,143.0,307.92,24.0,140.0,33.0,483.55,11.0,224.46,166.92000000000002,176.0,35.0,29.61539160639212,211,141.0,36.0,0.67,141.5,
2025-04-16 07:39:52,141.97,124.0,191.55,11.0,140.46,56.0,308.47,19.0,166.76,49.58000000000001,180.0,30.0,29.81351505609429,210,150.0,-1.0,0.71,141.5,
2025-04-16 07:39:53,141.1,78.0,169.0,8.0,140.55,40.0,398.88,16.0,155.05,27.90000000000001,118.0,24.0,30.63902527822892,142,94.0,-68.0,0.66,141.0,2.0
2025-04-16 07:39:54,143.0,38.0,259.42,12.0,141.0,132.0,455.71,14.0,201.21,116.42000000000002,170.0,26.0,28.57188390708525,196,144.0,54.0,0.73,143.0,2.0
2025-04-16 07:39:55,143.0,27.0,406.3,10.0,140.97,102.0,440.6,10.0,274.65,263.3,129.0,20.0,47.95787453588793,149,109.0,-47.0,0.73,142.5,4.0
2025-04-16 07:39:56,141.0,81.0,257.22,9.0,140.0,27.0,374.56,9.0,199.11,116.22000000000004,108.0,18.0,46.63208423392593,126,90.0,-23.0,0.71,142.5,
2025-04-16 07:39:57,144.23,117.0,180.31,16.0,140.72,75.0,227.23,13.0,162.27,36.08000000000001,192.0,29.0,47.45272721351179,221,163.0,95.0,0.74,145.2,5.0
2025-04-16 07:39:58,148.0,99.0,188.73,15.0,141.0,99.0,191.82,39.0,168.37,40.72999999999999,198.0,54.0,44.70065458133655,252,144.0,31.0,0.57,145.2,
2025-04-16 07:39:59,148.0,126.0,184.53,59.0,141.0,126.0,187.36,22.0,166.26,36.53,252.0,81.0,47.33826380424148,333,171.0,81.0,0.51,145.2,
2025-04-16 07:40:00,148.0,80.0,181.0,16.0,141.0,90.0,185.95,42.0,164.5,33.0,170.0,58.0,15.263907428962678,228,112.0,-105.0,0.49,148.0,1.0
2025-04-16 07:40:01,148.0,114.0,183.73,41.0,141.8,65.0,184.19,37.0,165.87,35.72999999999999,179.0,78.0,2.2568628668877446,257,101.0,29.0,0.39,148.0,
2025-04-16 07:40:02,148.0,99.0,179.0,41.0,146.0,11.0,179.94,33.0,163.5,31.0,110.0,74.0,1.8541440073351816,184,36.0,-73.0,0.2,148.0,
2025-04-16 07:40:03,148.0,79.0,176.27,37.0,146.0,11.0,177.12,51.0,162.14,28.27000000000001,90.0,88.0,1.6980518248675358,178,2.0,-6.0,0.01,148.0,2.0
2025-04-16 07:40:04,148.0,98.0,170.53,36.0,146.0,14.0,172.65,46.0,159.26,22.53,112.0,82.0,2.5223758641278824,194,30.0,16.0,0.15,148.0,
2025-04-16 07:40:05,148.0,82.0,163.0,40.0,146.0,16.0,164.14,50.0,155.5,15.0,98.0,90.0,4.006916520210202,188,8.0,-6.0,0.04,148.0,3.0
2025-04-16 07:40:06,145.39,46.0,159.7,10.0,143.43,28.0,161.0,30.0,152.55,14.310000000000002,74.0,40.0,4.560405683700877,114,34.0,-74.0,0.3,147.6,5.0
2025-04-16 07:40:07,144.0,62.0,157.68,28.0,143.0,64.0,158.48,62.0,150.84,13.680000000000009,126.0,90.0,4.66606043680633,216,36.0,102.0,0.17,144.0,2.0
2025-04-16 07:40:08,145.09,33.0,153.61,23.0,143.46,59.0,155.72,61.0,149.35,8.52000000000001,92.0,84.0,3.9489935426545446,176,8.0,-40.0,0.05,144.0,
2025-04-16 07:40:09,148.0,8.0,152.0,8.0,144.0,24.0,154.0,32.0,150.0,4.0,32.0,40.0,2.464806280405392,72,-8.0,-104.0,-0.11,144.0,
2025-04-16 07:40:10,147.08,13.0,150.71,21.0,143.88,34.0,151.85,26.0,148.9,3.629999999999996,47.0,47.0,1.4407185706878414,94,0.0,22.0,0.0,148.0,1.0
2025-04-16 07:40:11,143.55,33.0,150.14,42.0,142.66,29.0,151.36,33.0,146.84,6.589999999999975,62.0,75.0,1.50089306745148,137,-13.0,43.0,-0.09,143.75,4.0
2025-04-16 07:40:12,141.29,21.0,148.32,71.0,140.01,178.0,149.66,62.0,144.8,7.030000000000001,199.0,133.0,2.133991565101174,332,66.0,169.5,0.2,143.75,
2025-04-16 07:40:13,141.0,7.0,146.0,28.0,140.0,68.0,148.0,21.0,143.5,5.0,75.0,49.0,2.717594524560661,124,26.0,-170.5,0.21,143.75,
2025-04-16 07:40:14,141.0,9.0,145.0,21.0,140.0,81.0,145.5,30.0,143.0,4.0,90.0,51.0,2.452207169046103,141,39.0,17.0,0.28,143.75,
2025-04-16 07:40:15,142.31,32.0,279.8,20.0,138.86,56.0,259.94,17.0,211.06,137.49,88.0,37.0,29.787880085698102,125,51.0,-16.0,0.41,143.33,6.0
2025-04-16 07:40:16,147.93,85.0,352.71,31.0,145.25,55.0,585.78,27.0,250.32,204.78,140.0,58.0,49.59636962520487,198,82.0,73.0,0.41,147.33,3.0
2025-04-16 07:40:17,148.0,121.0,164.21,28.0,147.0,33.0,282.94,32.0,156.11,16.210000000000008,154.0,60.0,47.90204609408607,214,94.0,16.0,0.44,147.33,
2025-04-16 07:40:18,148.0,132.0,151.0,24.0,147.0,36.0,302.54,26.0,149.5,3.0,168.0,50.0,46.79649580898069,218,118.0,4.0,0.54,147.33,
2025-04-16 07:40:19,148.0,85.0,151.0,20.0,147.0,30.0,319.0,20.0,149.5,3.0,115.0,40.0,45.51503619684322,155,75.0,-63.0,0.48,148.0,5.0
2025-04-16 07:40:20,148.0,48.0,151.0,16.0,147.0,24.0,319.0,16.0,149.5,3.0,72.0,32.0,44.44131951236303,104,40.0,-51.0,0.38,148.0,
2025-04-16 07:40:21,148.0,44.0,300.32,19.0,147.0,24.0,389.88,17.0,224.16,152.32,68.0,36.0,32.775162547269474,104,32.0,0.0,0.31,148.0,2.0
2025-04-16 07:40:25,146.0,48.0,393.31,29.0,145.0,112.0,418.14,43.0,269.66,247.31,160.0,72.0,47.85873514835124,232,88.0,80.0,0.38,148.0,
2025-04-16 07:40:26,146.0,27.0,325.41,17.0,145.0,72.0,364.2,10.0,235.71,179.41000000000005,99.0,27.0,43.75282482309036,126,72.0,-106.0,0.57,148.0,
2025-04-16 07:40:27,145.22,54.0,320.04,46.0,144.64,50.0,322.18,11.0,232.63,174.82000000000002,104.0,57.0,48.06464417843971,161,47.0,35.0,0.29,145.75,4.0
2025-04-16 07:40:28,145.0,71.0,263.83,24.0,144.0,33.0,283.62,42.0,204.42,118.82999999999998,104.0,66.0,39.16612911687848,170,38.0,9.0,0.22,145.0,2.0
2025-04-16 07:40:29,145.0,50.0,257.65,26.0,144.0,30.0,257.9,29.0,201.33,112.64999999999998,80.0,55.0,27.75306019162537,135,25.0,-35.0,0.19,145.0,
2025-04-16 07:40:30,145.0,35.0,253.14,14.0,144.0,21.0,256.0,7.0,199.07,108.14,56.0,21.0,17.969516409741498,77,35.0,-58.0,0.45,145.0,
2025-04-16 07:40:31,145.0,55.0,253.0,22.0,144.0,33.0,256.0,11.0,199.0,108.0,88.0,33.0,14.336723823801698,121,55.0,44.0,0.45,145.0,
2025-04-16 07:40:32,145.39,41.0,251.82,22.0,144.57,35.0,252.31,32.0,198.6,106.43,76.0,54.0,2.447392489969218,130,22.0,9.0,0.17,145.0,
2025-04-16 07:40:33,147.0,36.0,248.48,21.0,145.31,51.0,251.73,33.0,197.74,101.48,87.0,54.0,1.3296503299577185,141,33.0,11.0,0.23,145.0,
2025-04-16 07:40:34,146.13,60.0,245.97,31.0,145.13,63.0,246.95,42.0,196.05,99.84,123.0,73.0,1.258240835434849,196,50.0,55.0,0.26,147.0,8.0
2025-04-16 07:40:35,146.5,32.0,242.04,25.0,145.18,40.0,242.75,16.0,194.27,95.54,72.0,41.0,1.9606044986062368,113,31.0,-83.0,0.27,147.0,
2025-04-16 07:40:36,148.0,20.0,237.93,15.0,146.0,40.0,239.2,15.0,192.97,89.93,60.0,30.0,2.341821940275158,90,30.0,-23.0,0.33,147.0,
2025-04-16 07:40:37,148.0,13.0,233.98,41.0,146.0,36.0,234.62,13.0,190.99,85.97999999999999,49.0,54.0,2.625258082542166,103,-5.0,13.0,-0.05,148.0,1.0
2025-04-16 07:40:38,148.0,7.0,233.0,7.0,146.0,28.0,234.0,35.0,190.5,85.0,35.0,42.0,2.301994787125276,77,-7.0,-26.0,-0.09,148.0,
2025-04-16 07:40:39,146.22,18.0,230.3,20.0,145.33,24.0,233.05,40.0,188.26,84.08000000000001,42.0,60.0,2.320532266517944,102,-18.0,25.0,-0.18,146.17,6.0
2025-04-16 07:40:40,145.0,7.0,227.35,26.0,144.0,21.0,228.73,15.0,186.17,82.35,28.0,41.0,2.622073606890135,69,-13.0,-33.0,-0.19,146.17,
2025-04-16 07:40:41,145.0,10.0,223.0,27.0,144.0,30.0,224.43,23.0,184.0,78.0,40.0,50.0,2.941314332054412,90,-10.0,21.0,-0.11,146.17,
2025-04-16 07:40:42,147.06,70.0,217.12,52.0,146.33,72.0,218.4,35.0,182.09,70.06,142.0,87.0,3.334161063888117,229,55.0,139.0,0.24,146.17,
2025-04-16 07:40:43,147.02,106.0,211.51,47.0,145.82,22.0,212.43,49.0,179.26,64.48999999999998,128.0,96.0,3.49866117249815,224,32.0,-5.0,0.14,147.67,3.0
2025-04-16 07:40:44,147.0,64.0,207.82,28.0,145.0,8.0,209.54,37.0,177.41,60.81999999999999,72.0,65.0,3.526461399185402,137,7.0,-87.0,0.05,147.67,
2025-04-16 07:40:45,147.0,79.0,202.03,33.0,145.0,10.0,202.44,39.0,174.52,55.03,89.0,72.0,3.747483155391504,161,17.0,24.0,0.11,147.0,1.0
2025-04-16 07:40:46,147.0,98.0,197.76,25.0,144.57,49.0,199.4,55.0,172.38,50.75999999999999,147.0,80.0,3.8272535844834574,227,67.0,66.0,0.3,147.0,
2025-04-16 07:40:47,146.62,53.0,193.11,61.0,144.98,133.0,193.59,49.0,169.87,46.49000000000001,186.0,110.0,3.770964067707315,296,76.0,69.0,0.26,147.0,
2025-04-16 07:40:48,147.0,11.0,187.59,34.0,145.0,110.0,190.0,30.0,167.29,40.59,121.0,64.0,3.938645706323169,185,57.0,-111.0,0.31,147.0,
2025-04-16 07:40:49,147.0,10.0,183.29,34.0,145.0,88.0,184.73,30.0,165.15,36.28999999999999,98.0,64.0,3.770062333693711,162,34.0,-23.0,0.21,147.0,
2025-04-16 07:40:50,147.0,8.0,180.29,34.0,145.0,64.0,183.16,38.0,163.65,33.28999999999999,72.0,72.0,3.524176499543457,144,0.0,-18.0,0.0,147.0,
2025-04-16 07:40:51,145.38,45.0,176.12,49.0,144.82,50.0,177.32,44.0,160.75,30.74000000000001,95.0,93.0,3.47432295561777,188,2.0,44.0,0.01,146.25,4.0
2025-04-16 07:40:52,145.0,46.0,169.38,47.0,144.0,51.0,171.67,67.0,157.19,24.379999999999995,97.0,114.0,3.939527890487733,211,-17.0,23.0,-0.08,145.0,4.0
2025-04-16 07:40:53,145.0,24.0,161.91,23.0,144.0,36.0,163.46,41.0,153.46,16.909999999999997,60.0,64.0,4.7714568005933655,124,-4.0,-87.0,-0.03,145.0,
2025-04-16 07:40:54,144.37,38.0,156.45,55.0,143.17,125.0,157.52,56.0,150.41,12.079999999999984,163.0,111.0,5.344120133373369,274,52.0,150.0,0.19,145.0,2.0
2025-04-16 07:40:55,144.0,22.0,152.73,26.0,143.0,143.0,154.84,25.0,148.37,8.72999999999999,165.0,51.0,5.015194911459018,216,114.0,-58.0,0.53,144.0,1.0
2025-04-16 07:40:56,143.13,60.0,150.35,46.0,142.59,98.0,151.14,28.0,146.74,7.219999999999999,158.0,74.0,4.168528517345471,232,84.0,16.0,0.36,144.0,
2025-04-16 07:40:57,144.0,16.0,149.57,67.0,143.0,168.0,150.64,56.0,146.78,5.569999999999993,184.0,123.0,2.837123543295396,307,61.0,75.0,0.2,144.0,
2025-04-16 07:40:58,143.08,88.0,145.42,31.0,142.15,110.0,146.82,22.0,144.25,2.339999999999975,198.0,53.0,2.2750274723439543,251,145.0,-56.0,0.58,144.0,2.0
2025-04-16 07:40:59,143.13,152.0,148.9,50.0,141.55,83.0,195.44,34.0,146.02,5.77000000000001,235.0,84.0,1.4918679565963988,319,151.0,68.0,0.47,148.0,3.0
2025-04-16 07:41:00,143.45,66.0,162.55,47.0,142.57,94.0,493.46,13.0,153.0,19.100000000000023,160.0,60.0,3.3165524268311763,220,100.0,-99.0,0.45,148.0,1.0
2025-04-16 07:41:02,142.0,25.0,363.21,29.0,141.0,40.0,403.6,20.0,252.6,221.21,65.0,49.0,71.14315462502317,114,16.0,-151.0,0.14,142.0,3.0
2025-04-16 07:41:03,146.0,84.0,178.9,39.0,142.0,24.0,209.52,44.0,162.45,32.900000000000006,108.0,83.0,68.07825974567768,191,25.0,77.0,0.13,142.0,
2025-04-16 07:41:04,146.0,70.0,158.0,40.0,142.0,20.0,159.0,40.0,152.0,12.0,90.0,80.0,66.88977448010989,170,10.0,-21.0,0.06,142.0,
2025-04-16 07:41:05,146.0,63.0,157.11,36.0,142.18,17.0,159.0,36.0,151.56,11.110000000000014,80.0,72.0,67.1627945368562,152,8.0,-18.0,0.05,142.0,
2025-04-16 07:41:06,147.6,35.0,155.39,72.0,145.99,120.0,165.79,63.0,151.49,7.789999999999992,155.0,135.0,44.17469354732344,290,20.0,138.0,0.07,148.0,1.0
2025-04-16 07:41:07,148.0,13.0,151.77,52.0,146.0,91.0,221.91,22.0,149.88,3.77000000000001,104.0,74.0,5.08079029285069,178,30.0,-112.0,0.17,148.0,
2025-04-16 07:41:08,146.21,47.0,148.78,41.0,145.71,41.0,182.15,39.0,147.5,2.569999999999993,88.0,80.0,1.853181048878853,168,8.0,-10.0,0.05,148.0,1.0
2025-04-16 07:41:09,145.43,56.0,285.09,33.0,142.86,22.0,374.69,45.0,215.26,139.65999999999997,78.0,78.0,29.18368756685716,156,0.0,-12.0,0.0,145.0,11.0
2025-04-16 07:41:10,143.47,15.0,379.64,28.0,142.64,22.0,600.88,17.0,261.55,236.17,37.0,45.0,51.32753189078888,82,-8.0,-74.0,-0.1,145.0,
2025-04-16 07:41:11,144.0,3.0,420.0,6.0,143.0,6.0,421.0,3.0,282.0,276.0,9.0,9.0,62.012239275807225,18,0.0,-64.0,0.0,145.0,
2025-04-16 07:41:12,144.92,13.0,407.52,23.0,143.0,26.0,445.79,19.0,276.22,262.6,39.0,42.0,56.23070406815111,81,-3.0,63.0,-0.04,145.0,
2025-04-16 07:41:13,145.9,20.0,321.04,27.0,144.2,10.0,390.07,14.0,233.47,175.14,30.0,41.0,28.5330921913486,71,-11.0,-10.0,-0.15,145.0,
2025-04-16 07:41:14,146.73,45.0,189.4,20.0,142.54,13.0,255.14,14.0,168.07,42.670000000000016,58.0,34.0,46.54576640254183,92,24.0,21.0,0.26,145.2,5.0
2025-04-16 07:41:15,147.0,42.0,188.14,14.0,143.0,7.0,322.0,11.0,167.57,41.13999999999999,49.0,25.0,55.86227107807181,74,24.0,-18.0,0.32,145.2,
2025-04-16 07:41:16,147.16,25.0,188.0,12.0,145.4,10.0,342.0,6.0,167.58,40.84,35.0,18.0,50.04668290706151,53,17.0,-21.0,0.32,147.0,3.0
2025-04-16 07:41:17,148.0,28.0,172.87,23.0,147.0,42.0,196.19,32.0,160.43,24.870000000000005,70.0,55.0,30.378664881787408,125,15.0,72.0,0.12,147.0,
2025-04-16 07:41:18,145.12,16.0,162.12,17.0,142.19,94.0,163.26,19.0,153.62,17.0,110.0,36.0,6.34674956177818,146,74.0,21.0,0.51,147.4,5.0
2025-04-16 07:41:19,143.0,12.0,147.13,46.0,142.0,132.0,157.15,26.0,145.07,4.129999999999996,144.0,72.0,9.643507142110076,216,72.0,70.0,0.33,147.4,
2025-04-16 07:41:20,142.08,72.0,144.14,14.0,141.69,96.0,252.26,38.0,143.11,2.059999999999974,168.0,52.0,10.298488724076185,220,116.0,4.0,0.53,143.0,1.0
2025-04-16 07:41:21,142.0,74.0,261.43,21.0,141.0,35.0,394.43,14.0,201.71,119.43,109.0,35.0,23.90442260335793,144,74.0,-76.0,0.51,142.25,4.0
2025-04-16 07:41:22,142.0,80.0,190.74,27.0,141.0,50.0,214.27,26.0,166.37,48.74000000000001,130.0,53.0,24.029458587324235,183,77.0,39.0,0.42,142.25,
2025-04-16 07:41:23,142.31,70.0,158.08,13.0,141.17,48.0,170.0,12.0,150.2,15.77000000000001,118.0,25.0,24.372995712466903,143,93.0,-40.0,0.65,142.25,
2025-04-16 07:41:24,143.0,85.0,148.35,20.0,141.0,50.0,151.46,13.0,145.68,5.349999999999994,135.0,33.0,24.27281668863196,168,102.0,25.0,0.61,143.0,3.0
2025-04-16 07:41:25,142.23,13.0,144.67,6.0,140.77,26.0,190.92,12.0,143.45,2.4399999999999977,39.0,18.0,24.209111301324764,57,21.0,-111.0,0.37,143.0,7.0
2025-04-16 07:41:26,141.65,37.0,270.48,21.0,140.6,30.0,290.88,33.0,206.06,128.83,67.0,54.0,26.0261689458885,121,13.0,64.0,0.11,141.0,2.0
2025-04-16 07:41:27,142.67,36.0,329.38,42.0,141.0,27.0,598.33,12.0,236.02,186.71,63.0,54.0,42.27898792544519,117,9.0,-4.0,0.08,141.0,
2025-04-16 07:41:29,144.0,28.0,288.32,38.0,141.0,27.0,408.26,31.0,216.16,144.32,55.0,69.0,57.92940557264478,124,-14.0,-2.0,-0.11,144.0,2.0
2025-04-16 07:41:30,146.62,32.0,310.24,41.0,143.1,20.0,348.0,40.0,228.43,163.62,52.0,81.0,38.68731794787508,133,-29.0,9.0,-0.22,144.0,
2025-04-16 07:41:31,147.22,51.0,291.69,35.0,144.5,24.0,419.14,43.0,219.45,144.47,75.0,78.0,36.29660108054167,153,-3.0,20.0,-0.02,144.0,
2025-04-16 07:41:32,148.0,88.0,182.0,16.0,147.0,32.0,407.14,35.0,165.0,34.0,120.0,51.0,49.984345849475424,171,69.0,18.0,0.4,144.0,
2025-04-16 07:41:33,148.0,88.0,310.5,30.0,147.0,32.0,361.07,28.0,229.25,162.5,120.0,58.0,26.68675083257536,178,62.0,7.0,0.35,144.0,
2025-04-16 07:41:34,148.0,139.0,201.6,30.0,147.0,44.0,253.22,36.0,174.8,53.6,183.0,66.0,31.00340674829068,249,117.0,71.0,0.47,144.0,
2025-04-16 07:41:35,148.0,154.0,180.55,22.0,147.0,44.0,250.8,30.0,164.27,32.55000000000001,198.0,52.0,31.322529112444723,250,146.0,1.0,0.58,144.0,
2025-04-16 07:41:36,148.0,98.0,151.0,14.0,147.0,28.0,180.0,14.0,149.5,3.0,126.0,28.0,30.80687796580396,154,98.0,-96.0,0.64,144.0,
2025-04-16 07:41:37,148.0,157.0,172.69,26.0,147.0,52.0,280.25,40.0,160.35,24.69,209.0,66.0,31.3093361475445,275,143.0,121.0,0.52,148.0,3.0
2025-04-16 07:41:38,148.0,107.0,176.85,27.0,147.0,44.0,210.93,30.0,162.43,28.849999999999994,151.0,57.0,9.052427851130696,208,94.0,-67.0,0.45,148.0,2.0
2025-04-16 07:41:39,148.0,90.0,153.63,38.0,147.0,40.0,162.25,32.0,150.82,5.629999999999996,130.0,70.0,6.835190560615191,200,60.0,-8.0,0.3,148.0,
2025-04-16 07:41:40,148.0,51.0,151.71,14.0,147.0,28.0,154.0,35.0,149.86,3.710000000000008,79.0,49.0,6.267716490072028,128,30.0,-72.0,0.23,148.0,4.0
2025-04-16 07:41:41,148.0,52.0,151.86,36.0,147.0,48.0,159.31,52.0,149.93,3.8600000000000136,100.0,88.0,6.182755858023252,188,12.0,60.0,0.06,148.0,2.0
2025-04-16 07:41:42,148.0,33.0,175.64,33.0,147.0,44.0,430.0,34.0,161.82,27.639999999999983,77.0,67.0,6.544277653027957,144,10.0,-44.0,0.07,148.0,
2025-04-16 07:41:43,148.0,30.0,173.8,30.0,147.0,40.0,719.17,41.0,160.9,25.80000000000001,70.0,71.0,6.131099412007671,141,-1.0,-3.0,-0.01,148.0,
2025-04-16 07:41:44,146.82,44.0,172.23,39.0,146.09,119.0,361.85,41.0,159.52,25.41,163.0,80.0,5.999856664948104,243,83.0,102.0,0.34,147.14,7.0
2025-04-16 07:41:45,148.0,16.0,170.62,39.0,146.23,43.0,272.0,65.0,159.31,22.620000000000005,59.0,104.0,4.788416230855843,163,-45.0,-80.0,-0.28,147.14,
2025-04-16 07:41:46,148.0,24.0,323.57,58.0,145.94,62.0,514.71,42.0,235.78,175.57,86.0,100.0,33.732223170137125,186,-14.0,23.0,-0.08,147.14,
2025-04-16 07:41:47,145.12,16.0,214.55,55.0,142.76,21.0,599.18,55.0,179.84,69.43,37.0,110.0,32.86117009480853,147,-73.0,-39.0,-0.5,145.43,7.0
2025-04-16 07:41:48,143.0,33.0,158.29,49.0,141.0,66.0,355.45,55.0,150.64,15.289999999999992,99.0,104.0,34.55607211475195,203,-5.0,56.0,-0.02,145.43,
2025-04-16 07:41:49,143.0,12.0,154.0,8.0,141.0,24.0,277.5,20.0,148.5,11.0,36.0,28.0,36.26050440906656,64,8.0,-139.0,0.12,145.43,
2025-04-16 07:41:50,141.57,21.0,153.0,10.0,133.94,35.0,400.0,25.0,147.29,11.430000000000009,56.0,35.0,37.906454595489855,91,21.0,27.0,0.23,142.5,4.0
2025-04-16 07:41:51,145.98,93.0,150.83,24.0,133.58,62.0,440.49,49.0,148.41,4.850000000000023,155.0,73.0,13.974413404501878,228,82.0,137.0,0.36,142.5,
2025-04-16 07:41:52,148.0,122.0,149.36,42.0,144.79,56.0,151.0,28.0,148.68,1.3600000000000136,178.0,70.0,1.2120354779944618,248,108.0,20.0,0.44,148.0,5.0
2025-04-16 07:41:53,148.0,78.0,149.0,36.0,145.0,48.0,151.0,24.0,148.5,1.0,126.0,60.0,0.5598481936355458,186,66.0,-62.0,0.35,148.0,3.0
2025-04-16 07:41:54,148.0,50.0,149.0,30.0,145.0,40.0,151.0,20.0,148.5,1.0,90.0,50.0,0.5598481936355458,140,40.0,-46.0,0.29,148.0,3.0
2025-04-16 07:41:55,147.36,22.0,151.0,24.0,144.62,58.0,402.64,44.0,149.18,3.6399999999999855,80.0,68.0,0.3099677401234427,148,12.0,8.0,0.08,146.5,4.0
2025-04-16 07:41:56,147.0,10.0,150.2,20.0,145.0,20.0,348.0,50.0,148.6,3.1999999999999886,30.0,70.0,0.28305476487291,100,-40.0,-48.0,-0.4,146.5,
2025-04-16 07:41:57,147.0,10.0,150.0,20.0,145.0,20.0,476.0,50.0,148.5,3.0,30.0,70.0,0.2961080882333943,100,-40.0,0.0,-0.4,146.5,
2025-04-16 07:41:58,145.6,10.0,150.0,20.0,144.07,83.0,474.76,42.0,147.8,4.400000000000006,93.0,62.0,0.4901836389733334,155,31.0,55.0,0.2,146.0,2.0
2025-04-16 07:41:59,145.0,8.0,149.38,16.0,144.0,88.0,293.25,16.0,147.19,4.379999999999996,96.0,32.0,0.7707009795744179,128,64.0,-27.0,0.5,146.0,
2025-04-16 07:42:00,144.38,26.0,149.0,24.0,143.92,120.0,263.5,20.0,146.69,4.6200000000000045,146.0,44.0,0.8253060038050356,190,102.0,62.0,0.54,144.25,4.0
2025-04-16 07:42:01,144.0,48.0,149.0,12.0,143.0,30.0,393.67,30.0,146.5,5.0,78.0,42.0,0.8227575584073142,120,36.0,-70.0,0.3,144.25,
2025-04-16 07:42:02,144.0,71.0,147.3,20.0,143.0,50.0,212.92,26.0,145.65,3.300000000000012,121.0,46.0,0.801704434262394,167,75.0,47.0,0.45,144.0,1.0
2025-04-16 07:42:03,144.0,35.0,145.38,26.0,143.0,55.0,152.0,31.0,144.69,1.3799999999999957,90.0,57.0,0.9845201876627782,147,33.0,-20.0,0.22,144.0,6.0
2025-04-16 07:42:04,143.14,29.0,154.38,29.0,141.57,70.0,179.79,29.0,148.76,11.240000000000007,99.0,58.0,1.5110823934900983,157,41.0,10.0,0.26,144.0,1.0
2025-04-16 07:42:05,143.0,40.0,156.12,8.0,141.0,80.0,316.0,8.0,149.56,13.120000000000005,120.0,16.0,2.064865613040276,136,104.0,-21.0,0.76,144.0,
2025-04-16 07:42:06,143.0,35.0,154.73,15.0,141.0,110.0,390.0,27.0,148.87,11.72999999999999,145.0,42.0,2.18096996767873,187,103.0,51.0,0.55,143.0,2.0
2025-04-16 07:42:07,146.56,108.0,153.97,40.0,141.31,95.0,154.81,16.0,150.27,7.409999999999997,203.0,56.0,2.176729197653512,259,147.0,72.0,0.57,144.0,8.0
2025-04-16 07:42:08,148.0,246.0,152.0,36.0,147.0,24.0,153.0,12.0,150.0,4.0,270.0,48.0,0.6690814598523267,318,222.0,59.0,0.7,148.0,3.0
2025-04-16 07:42:09,148.0,228.0,151.42,36.0,147.0,24.0,232.89,36.0,149.71,3.4199999999999875,252.0,72.0,0.529594184180932,324,180.0,6.0,0.56,148.0,
