DateTime,Bid1_Price,Bid1_Volume,Ask1_Price,Ask1_Volume,Bid2_Price,Bid2_Volume,Ask2_Price,Ask2_Volume,Mid-Price,Bid_Ask_Spread,Market_Depth_Bid,Market_Depth_Ask,Historical_Volatility,Total_volume,Cumulative_Volume_Difference,Total_Volume_Change_Corrected,Order_imbalance,Weighted_Avg_Price,Trade_Volume
2025-03-13 07:30:05,178.73,85.0,186.3,10.0,164.4,89.0,214.73,22.0,182.51,7.570000000000022,174.0,32.0,195.7226641705043,206,142.0,159.0,0.69,,
2025-03-13 07:30:06,180.07,41.0,374.77,13.0,175.69,39.0,292.43,7.0,277.42,194.7,80.0,20.0,138.46284927734226,100,60.0,-106.0,0.6,186.75,4.0
2025-03-13 07:30:07,191.0,12.0,235.0,20.0,177.0,35.0,236.0,12.0,213.0,44.0,47.0,32.0,143.45400179151503,79,15.0,-21.0,0.19,186.75,
2025-03-13 07:30:08,191.0,37.0,234.08,48.0,177.0,90.0,235.69,32.0,212.54,43.08000000000001,127.0,80.0,121.06109296549413,207,47.0,128.0,0.23,186.75,
2025-03-13 07:30:09,191.0,20.0,225.04,23.0,177.0,45.0,232.59,17.0,208.02,34.03999999999999,65.0,40.0,35.15057780463946,105,25.0,-102.0,0.24,186.75,
2025-03-13 07:30:10,191.0,32.0,223.1,39.0,179.0,55.0,224.77,31.0,207.05,32.099999999999994,87.0,70.0,30.19898475114704,157,17.0,52.0,0.11,186.75,
2025-03-13 07:30:11,191.0,44.0,208.85,52.0,190.0,88.0,214.92,48.0,199.92,17.849999999999994,132.0,100.0,5.285468758777487,232,32.0,75.0,0.14,186.75,
2025-03-13 07:30:12,191.0,44.0,195.82,55.0,190.0,88.0,198.0,55.0,193.41,4.819999999999993,132.0,110.0,7.53346334696156,242,22.0,10.0,0.09,186.75,
2025-03-13 07:30:13,191.0,32.0,193.0,40.0,190.0,64.0,194.0,40.0,192.0,2.0,96.0,80.0,7.440184809533547,176,16.0,-66.0,0.09,186.75,
2025-03-13 07:30:14,190.18,60.0,192.39,18.0,188.29,51.0,194.16,49.0,191.29,2.2099999999999795,111.0,67.0,6.702001939720256,178,44.0,2.0,0.25,190.57,7.0
2025-03-13 07:30:15,190.05,37.0,193.0,45.0,189.11,87.0,206.0,63.0,191.53,2.9499999999999886,124.0,108.0,3.610920935165188,232,16.0,54.0,0.07,190.57,
2025-03-13 07:30:16,190.21,28.0,199.62,47.0,189.31,80.0,218.94,47.0,194.92,9.409999999999997,108.0,94.0,1.521101574522335,202,14.0,-30.0,0.07,191.67,3.0
2025-03-13 07:30:17,190.0,28.0,203.0,37.0,189.0,77.0,204.0,21.0,196.5,13.0,105.0,58.0,2.329907723497713,163,47.0,-39.0,0.29,191.67,
2025-03-13 07:30:18,190.0,28.0,202.59,58.0,189.0,110.0,207.22,32.0,196.29,12.590000000000003,138.0,90.0,2.5362038561626385,228,48.0,65.0,0.21,190.0,3.0
2025-03-13 07:30:19,189.99,79.0,201.53,45.0,188.49,99.0,218.29,70.0,195.76,11.539999999999992,178.0,115.0,2.033408468560649,293,63.0,65.0,0.22,189.33,3.0
2025-03-13 07:30:20,193.22,54.0,201.0,59.0,189.19,85.0,203.96,47.0,197.11,7.780000000000001,139.0,106.0,0.8250636339180708,245,33.0,-48.0,0.13,189.33,
2025-03-13 07:30:21,195.0,34.0,201.0,98.0,194.0,14.0,206.0,42.0,198.0,6.0,48.0,140.0,0.8580034965045463,188,-92.0,-57.0,-0.49,195.0,2.0
2025-03-13 07:30:22,195.45,22.0,201.0,77.0,194.31,16.0,206.0,33.0,198.23,5.550000000000011,38.0,110.0,1.064927227567222,148,-72.0,-40.0,-0.49,195.0,
2025-03-13 07:30:23,195.67,24.0,201.0,75.0,194.57,28.0,206.0,36.0,198.33,5.3300000000000125,52.0,111.0,1.078253217020012,163,-59.0,15.0,-0.36,195.0,
2025-03-13 07:30:24,194.73,22.0,200.94,67.0,193.92,26.0,204.97,34.0,197.83,6.210000000000008,48.0,101.0,0.4829078587204584,149,-53.0,-14.0,-0.36,195.0,2.0
2025-03-13 07:30:25,195.5,12.0,200.0,40.0,193.96,28.0,201.0,70.0,197.75,4.5,40.0,110.0,0.2496397404540843,150,-70.0,1.0,-0.47,195.0,
2025-03-13 07:30:26,196.0,7.0,200.0,28.0,194.0,21.0,201.0,49.0,198.0,4.0,28.0,77.0,0.2496397404540843,105,-49.0,-45.0,-0.47,195.0,
2025-03-13 07:30:27,196.0,16.0,200.0,64.0,194.0,48.0,201.0,112.0,198.0,4.0,64.0,176.0,0.2228676737752311,240,-112.0,135.0,-0.47,195.0,
2025-03-13 07:30:28,196.0,7.0,200.0,28.0,194.0,21.0,201.0,49.0,198.0,4.0,28.0,77.0,0.1184483010176979,105,-49.0,-135.0,-0.47,195.0,
2025-03-13 07:30:29,196.0,12.0,200.0,48.0,194.0,36.0,201.0,69.0,198.0,4.0,48.0,117.0,0.1118033989375102,165,-69.0,60.0,-0.42,195.0,
2025-03-13 07:30:30,196.0,17.0,198.61,36.0,194.0,51.0,200.06,137.0,197.31,2.6100000000000136,68.0,173.0,0.308577380917622,241,-105.0,76.0,-0.44,195.0,
2025-03-13 07:30:31,194.15,39.0,199.42,52.0,193.43,21.0,200.39,97.0,196.79,5.269999999999982,60.0,149.0,0.5518604896293746,209,-89.0,-32.0,-0.43,196.0,1.0
2025-03-13 07:30:32,194.0,21.0,196.54,13.0,193.0,7.0,198.82,22.0,195.27,2.539999999999992,28.0,35.0,1.1297920162640285,63,-7.0,-146.0,-0.11,196.0,
2025-03-13 07:30:33,193.71,41.0,195.07,60.0,191.56,25.0,198.04,23.0,194.39,1.3599999999999852,66.0,83.0,1.4870843957267232,149,-17.0,86.0,-0.11,192.83,6.0
2025-03-13 07:30:34,191.8,20.0,195.0,40.0,190.57,28.0,199.0,30.0,193.4,3.1999999999999886,48.0,70.0,1.628809381116728,118,-22.0,-31.0,-0.19,192.83,
2025-03-13 07:30:35,192.08,26.0,194.38,52.0,191.0,26.0,199.0,39.0,193.23,2.299999999999983,52.0,91.0,1.4666901513318455,143,-39.0,25.0,-0.27,192.83,
2025-03-13 07:30:36,193.0,32.0,194.0,64.0,191.0,32.0,198.38,48.0,193.5,1.0,64.0,112.0,0.8600988315384609,176,-48.0,33.0,-0.27,192.83,
2025-03-13 07:30:37,191.06,108.0,196.12,33.0,190.03,108.0,198.78,67.0,193.59,5.060000000000002,216.0,100.0,0.4496331838441373,316,116.0,140.0,0.37,191.83,6.0
2025-03-13 07:30:38,192.0,60.0,195.08,12.0,190.0,60.0,196.43,14.0,193.54,3.0800000000000125,120.0,26.0,0.1423727502502322,146,94.0,-170.0,0.64,191.83,
2025-03-13 07:30:39,193.68,77.0,195.17,18.0,190.0,90.0,196.95,44.0,194.42,1.489999999999981,167.0,62.0,0.4492549387751021,229,105.0,83.0,0.46,194.0,1.0
2025-03-13 07:30:40,193.0,20.0,195.25,12.0,189.98,46.0,197.1,30.0,194.12,2.25,66.0,42.0,0.4131343607276255,108,24.0,-121.0,0.22,194.0,4.0
2025-03-13 07:30:41,190.48,66.0,196.0,42.0,189.67,30.0,200.21,29.0,193.24,5.52000000000001,96.0,71.0,0.4770953783194964,167,25.0,59.0,0.15,194.0,
2025-03-13 07:30:42,189.94,53.0,196.0,39.0,187.2,25.0,200.86,42.0,192.97,6.060000000000002,78.0,81.0,0.6033406997823274,159,-3.0,-8.0,-0.02,190.0,5.0
2025-03-13 07:30:43,189.0,9.0,196.0,27.0,186.0,45.0,200.0,36.0,192.5,7.0,54.0,63.0,0.8010617953777589,117,-9.0,-42.0,-0.08,190.0,
2025-03-13 07:30:44,186.67,18.0,196.0,33.0,185.26,76.0,200.0,44.0,191.33,9.330000000000013,94.0,77.0,1.0259970760259869,171,17.0,54.0,0.1,186.75,4.0
2025-03-13 07:30:45,186.0,16.0,194.5,18.0,185.0,64.0,198.76,29.0,190.25,8.5,80.0,47.0,1.24730509500038,127,33.0,-44.0,0.26,186.75,
2025-03-13 07:30:46,186.0,14.0,196.0,21.0,185.0,56.0,198.57,28.0,191.0,10.0,70.0,49.0,1.1115079846829343,119,21.0,-8.0,0.18,186.75,
2025-03-13 07:30:47,186.0,16.0,196.0,24.0,185.0,64.0,198.0,32.0,191.0,10.0,80.0,56.0,0.8197743592074163,136,24.0,17.0,0.18,186.75,
2025-03-13 07:30:48,192.12,32.0,195.6,60.0,189.0,34.0,197.59,66.0,193.86,3.4799999999999898,66.0,126.0,1.3838605421117942,192,-60.0,56.0,-0.31,186.75,
2025-03-13 07:30:49,193.0,24.0,195.0,48.0,190.0,24.0,197.0,36.0,194.0,2.0,48.0,84.0,1.7691579918181286,132,-36.0,-60.0,-0.27,186.75,
2025-03-13 07:30:50,193.0,18.0,195.0,36.0,190.0,18.0,197.0,27.0,194.0,2.0,36.0,63.0,1.61861669335701,99,-27.0,-33.0,-0.27,186.75,
2025-03-13 07:30:51,192.29,34.0,194.57,63.0,189.32,82.0,197.5,54.0,193.43,2.280000000000001,116.0,117.0,1.2837133636501563,233,-1.0,134.0,-0.0,193.0,2.0
2025-03-13 07:30:52,190.09,46.0,195.33,30.0,189.09,182.0,197.85,52.0,192.71,5.240000000000009,228.0,82.0,0.5496817261052162,310,146.0,77.0,0.47,193.0,
2025-03-13 07:30:53,192.27,45.0,194.38,42.0,190.35,37.0,196.03,70.0,193.32,2.109999999999985,82.0,112.0,0.5387671111101783,194,-30.0,-116.0,-0.15,194.0,2.0
2025-03-13 07:30:54,190.58,26.0,193.53,40.0,189.27,131.0,194.99,74.0,192.05,2.9499999999999886,157.0,114.0,0.7452985978881104,271,43.0,77.0,0.16,192.0,2.0
2025-03-13 07:30:55,189.03,158.0,190.92,13.0,187.28,50.0,196.45,22.0,189.97,1.8899999999999864,208.0,35.0,1.4121543824999896,243,173.0,-28.0,0.71,190.0,2.0
2025-03-13 07:30:56,189.0,191.0,195.42,31.0,186.0,34.0,197.89,19.0,192.21,6.419999999999988,225.0,50.0,1.264958497348392,275,175.0,32.0,0.64,189.0,4.0
2025-03-13 07:30:57,189.57,84.0,197.64,33.0,188.56,82.0,198.28,25.0,193.6,8.069999999999993,166.0,58.0,1.432253469192486,224,108.0,-51.0,0.48,189.0,
2025-03-13 07:30:58,191.0,44.0,196.69,26.0,189.0,110.0,197.84,25.0,193.85,5.689999999999998,154.0,51.0,1.5480245476134813,205,103.0,-19.0,0.5,189.0,
2025-03-13 07:30:59,191.0,37.0,194.06,32.0,189.0,160.0,197.0,16.0,192.53,3.0600000000000023,197.0,48.0,1.540720610628006,245,149.0,40.0,0.61,191.0,3.0
2025-03-13 07:31:00,189.19,54.0,191.54,13.0,187.56,78.0,197.0,12.0,190.36,2.3499999999999943,132.0,25.0,1.3871373399969906,157,107.0,-88.0,0.68,190.0,5.0
2025-03-13 07:31:01,189.0,81.0,194.69,13.0,185.0,52.0,198.66,29.0,191.85,5.689999999999998,133.0,42.0,1.4156517933495945,175,91.0,18.0,0.52,189.67,3.0
2025-03-13 07:31:02,194.7,54.0,197.0,13.0,188.49,63.0,199.0,39.0,195.85,2.300000000000012,117.0,52.0,2.0793797152069105,169,65.0,-6.0,0.38,189.67,
2025-03-13 07:31:03,196.0,32.0,197.0,24.0,192.91,23.0,199.0,16.0,196.5,1.0,55.0,40.0,2.646312528786812,95,15.0,-74.0,0.16,196.0,1.0
2025-03-13 07:31:04,196.0,21.0,197.0,21.0,194.0,14.0,199.0,7.0,196.5,1.0,35.0,28.0,2.8969760095682826,63,7.0,-32.0,0.11,196.0,
2025-03-13 07:31:05,192.89,57.0,197.0,45.0,187.17,105.0,199.0,15.0,194.95,4.110000000000014,162.0,60.0,1.9405540446002447,222,102.0,159.0,0.46,195.2,5.0
2025-03-13 07:31:06,193.0,12.0,197.0,9.0,189.0,15.0,200.0,12.0,195.0,4.0,27.0,21.0,0.7643624794654095,48,6.0,-172.0,0.12,195.2,
2025-03-13 07:31:07,191.86,28.0,197.0,21.0,188.27,33.0,199.12,34.0,194.43,5.139999999999986,61.0,55.0,0.9610567100928252,116,6.0,68.0,0.05,192.2,5.0
2025-03-13 07:31:08,189.0,24.0,197.0,18.0,186.0,24.0,199.0,30.0,193.0,8.0,48.0,48.0,1.2576287210517576,96,0.0,-20.0,0.0,192.2,
2025-03-13 07:31:09,193.74,46.0,197.0,27.0,189.25,32.0,199.0,45.0,195.37,3.259999999999991,78.0,72.0,0.9289510213214794,150,6.0,54.0,0.04,192.2,
2025-03-13 07:31:10,196.0,90.0,197.0,27.0,194.0,27.0,199.0,45.0,196.5,1.0,117.0,72.0,1.2858654673076415,189,45.0,39.0,0.24,192.2,
2025-03-13 07:31:11,196.0,70.0,197.0,21.0,194.0,21.0,199.0,35.0,196.5,1.0,91.0,56.0,1.4860854618811026,147,35.0,-42.0,0.24,192.2,
2025-03-13 07:31:12,196.0,94.0,197.0,24.0,194.0,24.0,199.0,40.0,196.5,1.0,118.0,64.0,1.519828937747426,182,54.0,35.0,0.3,192.2,
2025-03-13 07:31:13,196.0,144.0,197.0,30.0,194.0,36.0,199.0,60.0,196.5,1.0,180.0,90.0,0.5053513629294544,270,90.0,88.0,0.33,192.2,
2025-03-13 07:31:14,196.0,108.0,197.0,63.0,194.0,27.0,199.0,45.0,196.5,1.0,135.0,108.0,0.0,243,27.0,-27.0,0.11,192.2,
2025-03-13 07:31:15,196.0,132.0,197.0,77.0,194.0,33.0,199.0,55.0,196.5,1.0,165.0,132.0,0.0,297,33.0,54.0,0.11,192.2,
2025-03-13 07:31:16,196.0,82.0,197.0,56.0,194.0,24.0,199.0,40.0,196.5,1.0,106.0,96.0,0.0,202,10.0,-95.0,0.05,196.0,2.0
2025-03-13 07:31:17,196.0,56.0,197.0,42.0,194.0,18.0,199.0,30.0,196.5,1.0,74.0,72.0,0.0,146,2.0,-56.0,0.01,196.0,1.0
2025-03-13 07:31:18,196.0,77.0,197.0,91.0,194.0,39.0,199.0,65.0,196.5,1.0,116.0,156.0,0.0,272,-40.0,126.0,-0.15,196.0,6.0
2025-03-13 07:31:19,196.0,18.0,197.0,42.0,194.54,26.0,199.0,30.0,196.5,1.0,44.0,72.0,0.0,116,-28.0,-156.0,-0.24,196.0,
2025-03-13 07:31:20,195.03,94.0,196.63,30.0,194.15,46.0,198.07,70.0,195.83,1.5999999999999943,140.0,100.0,0.2996331090094749,240,40.0,124.0,0.17,196.0,3.0
2025-03-13 07:31:21,195.0,51.0,196.21,14.0,194.0,36.0,197.89,56.0,195.61,1.210000000000008,87.0,70.0,0.4342464738079449,157,17.0,-83.0,0.11,195.0,5.0
2025-03-13 07:31:22,194.45,11.0,197.0,27.0,191.69,39.0,198.0,45.0,195.73,2.550000000000012,50.0,72.0,0.4324696521313349,122,-22.0,-35.0,-0.18,194.5,4.0
2025-03-13 07:31:23,194.0,8.0,197.0,24.0,191.0,47.0,198.0,40.0,195.5,3.0,55.0,64.0,0.3924665591035087,119,-9.0,-3.0,-0.08,194.5,
2025-03-13 07:31:24,194.0,8.0,197.0,24.0,191.0,48.0,198.0,40.0,195.5,3.0,56.0,64.0,0.1450172404043364,120,-8.0,1.0,-0.07,194.5,
2025-03-13 07:31:25,194.0,6.0,197.0,18.0,191.0,36.0,198.0,30.0,195.5,3.0,42.0,48.0,0.1023230180089818,90,-6.0,-30.0,-0.07,194.5,
2025-03-13 07:31:26,194.0,10.0,197.0,30.0,191.0,60.0,198.0,50.0,195.5,3.0,70.0,80.0,0.1028591270352757,150,-10.0,60.0,-0.07,194.5,
2025-03-13 07:31:27,194.0,8.0,197.43,23.0,191.0,48.0,198.25,40.0,195.72,3.430000000000007,56.0,63.0,0.0983869910834674,119,-7.0,-31.0,-0.06,194.5,
2025-03-13 07:31:28,194.0,8.0,196.88,16.0,191.0,48.0,197.96,57.0,195.44,2.8799999999999955,56.0,73.0,0.1082589488885572,129,-17.0,10.0,-0.13,194.5,
2025-03-13 07:31:29,191.92,26.0,195.27,22.0,191.66,29.0,198.5,50.0,193.6,3.3500000000000227,55.0,72.0,0.874139576963752,127,-17.0,-2.0,-0.13,193.33,3.0
2025-03-13 07:31:30,191.0,48.0,193.75,16.0,190.0,24.0,199.0,56.0,192.38,2.75,72.0,72.0,1.472453734422317,144,0.0,17.0,0.0,193.33,
2025-03-13 07:31:31,191.0,28.0,192.0,24.0,190.0,36.0,199.0,64.0,191.5,1.0,64.0,88.0,1.850437786042544,152,-24.0,8.0,-0.16,191.0,4.0
2025-03-13 07:31:32,191.8,40.0,198.3,40.0,190.57,28.0,233.17,30.0,195.05,6.5,68.0,70.0,1.6871810809791583,138,-2.0,-14.0,-0.01,192.0,2.0
2025-03-13 07:31:33,192.0,36.0,199.0,54.0,191.0,18.0,200.0,27.0,195.5,7.0,54.0,81.0,1.7037253299795736,135,-27.0,-3.0,-0.2,192.0,
2025-03-13 07:31:34,193.33,48.0,199.0,60.0,192.03,31.0,200.0,42.0,196.17,5.669999999999988,79.0,102.0,2.0532778672196548,181,-23.0,46.0,-0.13,192.0,
2025-03-13 07:31:35,194.0,54.0,199.0,54.0,193.0,36.0,200.0,45.0,196.5,5.0,90.0,99.0,2.006596621150915,189,-9.0,8.0,-0.05,192.0,
2025-03-13 07:31:36,195.0,84.0,197.03,71.0,193.0,56.0,198.67,51.0,196.01,2.030000000000001,140.0,122.0,0.5729136060650618,262,18.0,73.0,0.07,192.0,
2025-03-13 07:31:37,195.0,9.0,196.0,45.0,193.0,36.0,197.27,22.0,195.5,1.0,45.0,67.0,0.4354652684365268,112,-22.0,-150.0,-0.2,195.0,5.0
2025-03-13 07:31:38,193.35,23.0,196.74,19.0,191.42,57.0,197.93,30.0,195.04,3.390000000000015,80.0,49.0,0.5763939625069634,129,31.0,17.0,0.24,195.5,2.0
2025-03-13 07:31:39,194.79,56.0,196.21,28.0,191.0,160.0,197.16,74.0,195.5,1.420000000000016,216.0,102.0,0.559285258177299,318,114.0,172.0,0.36,195.5,
2025-03-13 07:31:40,192.27,142.0,195.79,24.0,190.89,158.0,197.06,72.0,194.03,3.519999999999982,300.0,96.0,0.7465453770631229,396,204.0,78.0,0.52,194.5,8.0
2025-03-13 07:31:41,191.09,134.0,194.0,11.0,190.32,44.0,197.0,22.0,192.54,2.9099999999999966,178.0,33.0,1.26012697773445,211,145.0,-172.0,0.69,193.4,5.0
2025-03-13 07:31:42,191.0,157.0,197.56,45.0,190.0,39.0,198.17,48.0,194.28,6.560000000000002,196.0,93.0,1.1353501662544925,289,103.0,78.0,0.36,191.0,1.0
2025-03-13 07:31:43,191.0,132.0,198.0,66.0,190.0,33.0,199.0,22.0,194.5,7.0,165.0,88.0,1.0684568311420368,253,77.0,-36.0,0.3,191.0,
2025-03-13 07:31:44,191.03,147.0,197.9,60.0,190.32,50.0,198.33,54.0,194.47,6.8700000000000045,197.0,114.0,0.8178202736628825,311,83.0,58.0,0.27,191.0,
2025-03-13 07:31:45,193.0,13.0,195.47,19.0,192.0,13.0,197.91,68.0,194.24,2.469999999999999,26.0,87.0,0.8273934976865878,113,-61.0,-172.0,-0.54,191.0,
2025-03-13 07:31:46,191.09,134.0,195.87,62.0,190.8,120.0,197.11,19.0,193.48,4.780000000000001,254.0,81.0,0.4150662597876313,335,173.0,172.0,0.52,194.2,5.0
2025-03-13 07:31:47,196.0,8.0,198.0,52.0,191.24,68.0,199.0,16.0,197.0,2.0,76.0,68.0,1.3300075187810994,144,8.0,-172.0,0.06,194.2,
2025-03-13 07:31:48,191.15,132.0,198.0,45.0,190.54,37.0,199.0,30.0,194.58,6.849999999999994,169.0,75.0,1.3269061760404386,244,94.0,100.0,0.39,192.8,5.0
2025-03-13 07:31:49,191.0,48.0,198.0,18.0,190.0,18.0,199.0,12.0,194.5,7.0,66.0,30.0,1.3253678734654244,96,36.0,-148.0,0.38,192.8,
2025-03-13 07:31:50,191.0,108.0,198.05,38.0,190.0,39.0,199.08,25.0,194.53,7.050000000000011,147.0,63.0,1.3030809644892678,210,84.0,114.0,0.4,192.8,
2025-03-13 07:31:51,191.36,88.0,199.0,20.0,190.43,42.0,201.0,10.0,195.18,7.639999999999986,130.0,30.0,1.0671082419391134,160,100.0,-50.0,0.62,192.8,
2025-03-13 07:31:52,193.0,88.0,198.06,32.0,191.0,99.0,200.06,17.0,195.53,5.060000000000002,187.0,49.0,0.4658647872658878,236,138.0,76.0,0.58,192.8,
2025-03-13 07:31:53,193.22,46.0,198.0,21.0,191.14,58.0,199.73,22.0,195.61,4.780000000000001,104.0,43.0,0.5319304465946239,147,61.0,-89.0,0.41,193.0,4.0
2025-03-13 07:31:54,194.48,54.0,198.0,33.0,193.81,86.0,199.0,44.0,196.24,3.5200000000000102,140.0,77.0,0.6265540679099104,217,63.0,70.0,0.29,193.0,
2025-03-13 07:31:55,196.0,16.0,198.0,24.0,194.0,80.0,199.0,32.0,197.0,2.0,96.0,56.0,0.7183801222295801,152,40.0,-65.0,0.26,193.0,
2025-03-13 07:31:56,196.0,20.0,198.0,30.0,194.0,100.0,199.0,40.0,197.0,2.0,120.0,70.0,0.7158421613838412,190,50.0,38.0,0.26,193.0,
2025-03-13 07:31:57,196.0,6.0,198.0,9.0,193.56,18.0,199.0,12.0,197.0,2.0,24.0,21.0,0.6295236294332169,45,3.0,-145.0,0.07,193.0,
2025-03-13 07:31:58,194.59,17.0,197.0,50.0,191.91,70.0,198.0,30.0,195.79,2.4099999999999966,87.0,80.0,0.5624766661958395,167,7.0,122.0,0.04,196.0,2.0
2025-03-13 07:31:59,193.0,40.0,195.4,40.0,191.0,120.0,197.0,50.0,194.2,2.4000000000000057,160.0,90.0,1.2337017467826898,250,70.0,83.0,0.28,196.0,
2025-03-13 07:32:00,193.0,36.0,194.33,36.0,191.0,81.0,197.0,45.0,193.67,1.3300000000000125,117.0,81.0,1.5506353536581226,198,36.0,-52.0,0.18,196.0,
2025-03-13 07:32:01,191.0,64.0,192.8,35.0,190.0,36.0,194.62,37.0,191.9,1.8000000000000114,100.0,72.0,1.9654694095849308,172,28.0,-26.0,0.16,191.91,11.0
2025-03-13 07:32:02,191.0,19.0,199.91,69.0,190.0,52.0,200.36,36.0,195.46,8.909999999999997,71.0,105.0,1.5561587322680346,176,-34.0,4.0,-0.19,191.0,3.0
2025-03-13 07:32:03,190.33,9.0,199.4,47.0,189.15,20.0,201.31,52.0,194.87,9.069999999999991,29.0,99.0,1.3643130139429205,128,-70.0,-48.0,-0.55,190.25,4.0
2025-03-13 07:32:04,186.48,27.0,196.79,78.0,185.52,23.0,199.17,107.0,191.64,10.310000000000002,50.0,185.0,1.7151297327065098,235,-135.0,107.0,-0.57,188.0,2.0
2025-03-13 07:32:05,186.75,8.0,197.0,40.0,184.6,20.0,198.0,49.0,191.88,10.25,28.0,89.0,1.85404962177764,117,-61.0,-118.0,-0.52,186.5,4.0
2025-03-13 07:32:06,185.23,31.0,197.52,27.0,150.79,33.0,416.72,53.0,191.37,12.29000000000002,64.0,80.0,1.9557428256327016,144,-16.0,27.0,-0.11,197.62,13.0
2025-03-13 07:32:07,191.0,33.0,199.0,11.0,190.0,33.0,476.36,33.0,195.0,8.0,66.0,44.0,1.8197719637398917,110,22.0,-34.0,0.2,197.62,
2025-03-13 07:32:08,191.87,38.0,199.0,10.0,191.2,25.0,525.2,30.0,195.43,7.129999999999996,63.0,40.0,1.9777082696934285,103,23.0,-7.0,0.22,193.6,5.0
2025-03-13 07:32:09,190.0,135.0,198.0,9.0,187.48,42.0,199.0,9.0,194.0,8.0,177.0,18.0,1.8289149788915453,195,159.0,92.0,0.82,193.6,
2025-03-13 07:32:10,190.15,65.0,197.36,11.0,189.58,95.0,241.14,14.0,193.76,7.210000000000008,160.0,25.0,1.5796107115406426,185,135.0,-10.0,0.73,193.6,
2025-03-13 07:32:11,192.0,41.0,196.67,9.0,190.0,123.0,198.0,9.0,194.33,4.669999999999988,164.0,18.0,0.696656299773467,182,146.0,-3.0,0.8,193.6,
2025-03-13 07:32:12,192.0,45.0,195.0,10.0,190.0,30.0,198.0,10.0,193.5,3.0,75.0,20.0,0.7505531293745996,95,55.0,-87.0,0.58,193.6,
2025-03-13 07:32:13,192.0,33.0,196.5,10.0,190.0,30.0,333.58,31.0,194.25,4.5,63.0,41.0,0.3441947123561801,104,22.0,9.0,0.21,192.0,1.0
2025-03-13 07:32:14,192.0,23.0,198.0,9.0,190.0,27.0,314.6,25.0,195.0,6.0,50.0,34.0,0.5783338136526407,84,16.0,-20.0,0.19,192.0,1.0
2025-03-13 07:32:15,194.0,24.0,196.59,32.0,191.14,28.0,199.75,12.0,195.3,2.5900000000000034,52.0,44.0,0.7032993672783264,96,8.0,12.0,0.08,192.0,
2025-03-13 07:32:16,192.0,18.0,198.0,9.0,190.0,29.0,201.56,9.0,195.0,6.0,47.0,18.0,0.7317786550686872,65,29.0,-31.0,0.45,195.0,2.0
2025-03-13 07:32:17,192.0,30.0,197.47,17.0,190.0,45.0,200.68,19.0,194.74,5.469999999999999,75.0,36.0,0.393471727083681,111,39.0,46.0,0.35,195.0,
2025-03-13 07:32:18,192.0,36.0,195.43,63.0,190.0,54.0,196.91,35.0,193.71,3.430000000000007,90.0,98.0,0.6142475071289992,188,-8.0,77.0,-0.04,195.0,
2025-03-13 07:32:19,191.14,28.0,193.08,12.0,189.22,108.0,195.1,60.0,192.11,1.940000000000026,136.0,72.0,1.298641597983849,208,64.0,20.0,0.31,192.0,2.0
2025-03-13 07:32:20,190.0,48.0,191.38,13.0,189.0,273.0,196.14,29.0,190.69,1.3799999999999957,321.0,42.0,1.8267046833064728,363,279.0,155.0,0.77,190.0,6.0
2025-03-13 07:32:21,189.05,125.0,191.0,13.0,187.54,245.0,197.0,39.0,190.02,1.9499999999999889,370.0,52.0,1.9847997380122508,422,318.0,59.0,0.75,189.2,5.0
2025-03-13 07:32:22,189.09,218.0,194.72,36.0,186.8,301.0,197.12,48.0,191.91,5.629999999999996,519.0,84.0,1.4225048330368917,603,435.0,172.0,0.72,190.0,2.0
2025-03-13 07:32:23,193.0,11.0,196.0,44.0,189.0,176.0,198.74,47.0,194.5,3.0,187.0,91.0,1.7166915855835512,278,96.0,-172.0,0.35,190.0,
2025-03-13 07:32:24,193.0,9.0,195.11,36.0,189.0,144.0,199.0,81.0,194.06,2.1100000000000136,153.0,117.0,1.9912131980311636,270,36.0,-8.0,0.13,190.0,
2025-03-13 07:32:25,187.35,85.0,197.82,61.0,172.79,152.0,200.03,80.0,192.59,10.47,237.0,141.0,1.7939425854841655,378,96.0,108.0,0.25,193.0,1.0
2025-03-13 07:32:26,188.4,30.0,198.67,45.0,187.0,120.0,200.0,115.0,193.53,10.269999999999982,150.0,160.0,1.061258686661198,310,-10.0,-68.0,-0.03,193.0,
2025-03-13 07:32:27,188.29,65.0,197.34,70.0,182.89,135.0,199.79,190.0,192.82,9.050000000000011,200.0,260.0,0.8070006195870681,460,-60.0,150.0,-0.13,192.67,9.0
2025-03-13 07:32:28,190.37,27.0,196.0,75.0,185.22,76.0,198.0,60.0,193.19,5.629999999999996,103.0,135.0,0.5826405409974811,238,-32.0,-172.0,-0.13,192.67,
2025-03-13 07:32:29,194.0,12.0,196.0,60.0,190.0,72.0,197.17,48.0,195.0,2.0,84.0,108.0,0.9500157893497856,192,-24.0,-46.0,-0.12,192.67,
2025-03-13 07:32:30,194.0,13.0,196.0,65.0,190.25,72.0,197.0,52.0,195.0,2.0,85.0,117.0,1.0279931906457584,202,-32.0,10.0,-0.16,192.67,
2025-03-13 07:32:31,191.75,32.0,195.15,65.0,190.44,86.0,196.12,68.0,193.45,3.4000000000000057,118.0,133.0,1.0359391874111346,251,-15.0,49.0,-0.06,194.0,1.0
2025-03-13 07:32:32,191.0,32.0,194.12,32.0,190.0,72.0,196.0,40.0,192.56,3.1200000000000045,104.0,72.0,1.1072714211131889,176,32.0,-75.0,0.18,194.0,
2025-03-13 07:32:33,191.0,32.0,193.0,27.0,190.0,72.0,196.0,40.0,192.0,2.0,104.0,67.0,1.3769604206417618,171,37.0,-5.0,0.22,193.0,1.0
2025-03-13 07:32:34,191.0,52.0,192.38,39.0,190.0,117.0,196.79,61.0,191.69,1.3799999999999957,169.0,100.0,1.331746972969606,269,69.0,98.0,0.26,193.0,
2025-03-13 07:32:35,191.0,17.0,198.0,42.0,190.0,99.0,199.92,98.0,194.5,7.0,116.0,140.0,1.1439187034110725,256,-24.0,-13.0,-0.09,191.0,3.0
2025-03-13 07:32:36,191.0,14.0,199.0,56.0,190.0,126.0,200.0,140.0,195.0,8.0,140.0,196.0,1.5039281897796108,336,-56.0,80.0,-0.17,191.0,
2025-03-13 07:32:37,191.0,8.0,199.0,32.0,190.0,72.0,200.0,80.0,195.0,8.0,80.0,112.0,1.6530940687129507,192,-32.0,-144.0,-0.17,191.0,
2025-03-13 07:32:38,191.75,12.0,199.0,24.0,190.1,30.0,200.0,60.0,195.38,7.25,42.0,84.0,1.4997933190990522,126,-42.0,-66.0,-0.33,191.0,
2025-03-13 07:32:39,192.0,24.0,198.8,20.0,191.0,8.0,199.68,59.0,195.4,6.800000000000011,32.0,79.0,0.3669877382343529,111,-47.0,-15.0,-0.42,191.0,
2025-03-13 07:32:40,192.15,39.0,197.31,13.0,191.35,17.0,198.71,83.0,194.73,5.159999999999997,56.0,96.0,0.285166617987412,152,-40.0,41.0,-0.26,193.0,3.0
2025-03-13 07:32:41,190.15,79.0,197.0,13.0,188.13,46.0,198.0,56.0,193.58,6.849999999999994,125.0,69.0,0.7463377251715828,194,56.0,42.0,0.29,190.7,10.0
2025-03-13 07:32:42,188.82,17.0,197.0,9.0,187.22,27.0,198.0,45.0,192.91,8.180000000000007,44.0,54.0,1.1137549102087874,98,-10.0,-96.0,-0.1,189.2,5.0
2025-03-13 07:32:43,193.07,54.0,196.3,10.0,191.47,17.0,198.0,34.0,194.69,3.230000000000018,71.0,44.0,0.9987842609964118,115,27.0,17.0,0.23,189.2,
2025-03-13 07:32:44,194.0,80.0,195.31,16.0,193.0,96.0,198.0,16.0,194.66,1.3100000000000025,176.0,32.0,0.8282692798927773,208,144.0,93.0,0.69,189.2,
2025-03-13 07:32:45,193.36,56.0,195.0,10.0,192.8,30.0,198.0,10.0,194.18,1.6399999999999864,86.0,20.0,0.7596907265552696,106,66.0,-102.0,0.62,194.0,5.0
2025-03-13 07:32:46,193.0,71.0,195.67,15.0,192.0,12.0,198.28,58.0,194.33,2.6699999999999875,83.0,73.0,0.7284435462093918,156,10.0,50.0,0.06,193.0,1.0
2025-03-13 07:32:47,193.0,70.0,197.92,60.0,192.0,14.0,200.21,67.0,195.46,4.919999999999988,84.0,127.0,0.4950050504936598,211,-43.0,55.0,-0.2,193.0,
2025-03-13 07:32:48,193.0,20.0,197.0,32.0,192.0,4.0,198.0,16.0,195.0,4.0,24.0,48.0,0.5179575272300272,72,-24.0,-139.0,-0.33,193.0,
2025-03-13 07:32:49,193.0,34.0,197.0,96.0,192.0,8.0,202.0,32.0,195.0,4.0,42.0,128.0,0.5293203189130926,170,-86.0,98.0,-0.51,193.0,2.0
2025-03-13 07:32:50,191.67,18.0,197.0,120.0,190.09,22.0,202.0,40.0,194.33,5.3300000000000125,40.0,160.0,0.4884976970408998,200,-120.0,30.0,-0.6,192.75,4.0
2025-03-13 07:32:51,191.0,24.0,197.0,96.0,190.0,32.0,211.45,22.0,194.0,6.0,56.0,118.0,0.5847392581435364,174,-62.0,-26.0,-0.36,192.75,
2025-03-13 07:32:52,191.0,30.0,197.0,120.0,190.0,40.0,598.3,20.0,194.0,6.0,70.0,140.0,0.5057469723233073,210,-70.0,36.0,-0.33,192.75,
2025-03-13 07:32:53,191.0,48.0,197.0,192.0,190.0,64.0,451.56,36.0,194.0,6.0,112.0,228.0,0.4344882046893227,340,-116.0,130.0,-0.34,192.75,
2025-03-13 07:32:54,191.0,21.0,197.0,84.0,190.0,28.0,273.53,17.0,194.0,6.0,49.0,101.0,0.1475804865627585,150,-52.0,-172.0,-0.35,192.75,
2025-03-13 07:32:55,191.0,10.0,197.0,96.0,190.0,32.0,202.0,24.0,194.0,6.0,42.0,120.0,0.0,162,-78.0,12.0,-0.48,191.0,2.0
2025-03-13 07:32:56,191.0,13.0,196.19,84.0,190.0,52.0,197.5,120.0,193.6,5.189999999999998,65.0,204.0,0.1788854382392742,269,-139.0,107.0,-0.52,191.0,
2025-03-13 07:32:57,191.0,7.0,193.92,26.0,190.0,28.0,196.79,58.0,192.46,2.9199999999999875,35.0,84.0,0.6668733013203897,119,-49.0,-150.0,-0.41,191.0,
2025-03-13 07:32:58,190.41,41.0,194.71,56.0,189.16,75.0,195.55,31.0,192.56,4.300000000000011,116.0,87.0,0.761629831357638,203,29.0,84.0,0.14,192.14,7.0
2025-03-13 07:32:59,192.33,33.0,196.67,36.0,189.46,52.0,197.53,34.0,194.5,4.339999999999975,85.0,70.0,0.8939127474277896,155,15.0,-48.0,0.1,195.0,3.0
2025-03-13 07:33:00,192.0,16.0,197.0,32.0,190.0,32.0,198.0,59.0,194.5,5.0,48.0,91.0,0.9965339934061128,139,-43.0,-16.0,-0.31,195.0,
2025-03-13 07:33:01,194.0,26.0,197.82,88.0,190.0,52.0,198.66,95.0,195.91,3.819999999999993,78.0,183.0,1.4656329690663008,261,-105.0,122.0,-0.4,195.0,
2025-03-13 07:33:02,194.3,20.0,197.88,52.0,190.0,40.0,198.57,74.0,196.09,3.579999999999984,60.0,126.0,1.4190736415050444,186,-66.0,-75.0,-0.35,195.0,
2025-03-13 07:33:03,195.0,24.0,198.29,42.0,190.0,56.0,198.73,66.0,196.64,3.289999999999992,80.0,108.0,0.9762018234026708,188,-28.0,2.0,-0.15,195.0,1.0
2025-03-13 07:33:04,190.12,80.0,198.45,73.0,189.15,65.0,199.46,52.0,194.29,8.329999999999984,145.0,125.0,1.0342775256258292,270,20.0,82.0,0.07,194.5,2.0
2025-03-13 07:33:05,190.0,32.0,196.12,40.0,189.0,56.0,198.75,40.0,193.06,6.1200000000000045,88.0,80.0,1.4813406090479628,168,8.0,-102.0,0.05,194.5,
2025-03-13 07:33:06,190.08,52.0,193.92,65.0,189.05,88.0,197.0,65.0,192.0,3.839999999999975,140.0,130.0,1.9646959052266453,270,10.0,102.0,0.04,194.5,
2025-03-13 07:33:07,190.29,28.0,192.33,15.0,189.19,43.0,197.0,35.0,191.31,2.0400000000000205,71.0,50.0,2.10448330951188,121,21.0,-149.0,0.17,192.0,4.0
2025-03-13 07:33:08,190.0,36.0,192.0,9.0,189.0,63.0,197.0,45.0,191.0,2.0,99.0,54.0,1.3502481253509735,153,45.0,32.0,0.29,192.0,
2025-03-13 07:33:09,190.0,46.0,194.7,20.0,189.0,84.0,197.69,54.0,192.35,4.699999999999989,130.0,74.0,0.82257522453192,204,56.0,51.0,0.27,190.0,1.0
2025-03-13 07:33:10,190.0,6.0,198.0,10.0,189.0,14.0,200.0,4.0,194.0,8.0,20.0,14.0,1.173827074152658,34,6.0,-170.0,0.18,190.0,
2025-03-13 07:33:11,189.08,76.0,197.86,56.0,188.06,82.0,198.91,55.0,193.47,8.780000000000001,158.0,111.0,1.308827719760656,269,47.0,172.0,0.17,189.6,5.0
2025-03-13 07:33:12,188.86,57.0,195.38,13.0,186.6,45.0,198.0,65.0,192.12,6.519999999999982,102.0,78.0,1.1799449139743476,180,24.0,-89.0,0.13,189.0,3.0
2025-03-13 07:33:13,188.0,56.0,193.64,14.0,185.0,42.0,197.79,38.0,190.82,5.639999999999986,98.0,52.0,1.2416400444629376,150,46.0,-30.0,0.31,189.0,
2025-03-13 07:33:14,188.26,57.0,191.57,21.0,186.11,54.0,196.42,95.0,189.92,3.3100000000000023,111.0,116.0,1.7228116554092034,227,-5.0,77.0,-0.02,189.0,
2025-03-13 07:33:15,189.8,10.0,191.6,10.0,188.5,16.0,195.54,26.0,190.7,1.799999999999983,26.0,36.0,1.3982059934121391,62,-10.0,-165.0,-0.16,190.0,1.0
2025-03-13 07:33:16,188.67,12.0,194.0,12.0,185.35,68.0,196.0,60.0,191.33,5.3300000000000125,80.0,72.0,0.8138918847202729,152,8.0,90.0,0.05,188.25,4.0
2025-03-13 07:33:17,190.22,18.0,194.0,10.0,183.14,74.0,199.0,20.0,192.11,3.780000000000001,92.0,30.0,0.8103887955873506,122,62.0,-30.0,0.51,188.25,
2025-03-13 07:33:18,192.0,9.0,194.0,5.0,188.0,5.0,197.12,16.0,193.0,2.0,14.0,21.0,1.198820253421505,35,-7.0,-87.0,-0.2,192.0,4.0
2025-03-13 07:33:19,192.0,6.0,194.0,6.0,188.0,6.0,196.0,30.0,193.0,2.0,12.0,36.0,1.0182190334175174,48,-24.0,13.0,-0.5,192.0,
2025-03-13 07:33:20,194.25,16.0,196.0,50.0,190.4,10.0,199.0,20.0,195.12,1.75,26.0,70.0,1.4174519392253926,96,-44.0,48.0,-0.46,194.0,1.0
2025-03-13 07:33:21,194.75,24.0,196.0,65.0,191.44,43.0,199.0,26.0,195.38,1.25,67.0,91.0,1.4443406800384475,158,-24.0,62.0,-0.15,194.0,4.0
2025-03-13 07:33:22,190.02,82.0,195.6,50.0,189.1,20.0,197.0,32.0,192.81,5.579999999999984,102.0,82.0,1.272760778785219,184,20.0,26.0,0.11,190.67,3.0
2025-03-13 07:33:23,191.0,54.0,194.91,110.0,189.91,85.0,197.33,54.0,192.95,3.9099999999999966,139.0,164.0,1.281393772426714,303,-25.0,119.0,-0.08,190.67,
2025-03-13 07:33:24,190.65,46.0,193.97,39.0,189.84,49.0,195.1,42.0,192.31,3.319999999999993,95.0,81.0,1.4251771819721055,176,14.0,-127.0,0.08,193.0,2.0
2025-03-13 07:33:25,190.0,81.0,192.11,27.0,188.0,9.0,196.29,49.0,191.06,2.1100000000000136,90.0,76.0,1.572790513709271,166,14.0,-10.0,0.08,193.0,
2025-03-13 07:33:26,190.0,55.0,191.67,27.0,188.0,9.0,196.69,54.0,190.83,1.6699999999999875,64.0,81.0,0.988291454993805,145,-17.0,-21.0,-0.12,190.0,7.0
2025-03-13 07:33:27,188.89,9.0,192.82,22.0,185.86,14.0,196.42,24.0,190.85,3.930000000000007,23.0,46.0,0.9712878049341206,69,-23.0,-76.0,-0.33,190.0,2.0
2025-03-13 07:33:28,188.0,9.0,195.78,18.0,185.0,18.0,196.96,54.0,191.89,7.780000000000001,27.0,72.0,0.6727703917487213,99,-45.0,30.0,-0.45,194.0,2.0
2025-03-13 07:33:29,188.0,6.0,196.0,12.0,185.0,12.0,197.0,54.0,192.0,8.0,18.0,66.0,0.5735241930500627,84,-48.0,-15.0,-0.57,194.0,
2025-03-13 07:33:30,188.0,5.0,195.43,14.0,185.0,10.0,196.75,36.0,191.71,7.430000000000007,15.0,50.0,0.5718216505290254,65,-35.0,-19.0,-0.54,194.0,
2025-03-13 07:33:31,191.3,70.0,194.33,43.0,190.5,42.0,195.94,72.0,192.81,3.030000000000001,112.0,115.0,0.7009422230211115,227,-3.0,162.0,-0.01,193.0,5.0
2025-03-13 07:33:32,191.8,70.0,193.94,16.0,190.94,100.0,195.0,52.0,192.87,2.1399999999999864,170.0,68.0,0.543488730346641,238,102.0,11.0,0.43,193.0,
2025-03-13 07:33:33,192.51,55.0,193.94,48.0,191.18,68.0,195.23,35.0,193.22,1.4300000000000068,123.0,83.0,0.6370007849397208,206,40.0,-32.0,0.19,192.0,1.0
2025-03-13 07:33:34,194.77,79.0,196.0,18.0,191.65,23.0,266.83,29.0,195.39,1.2299999999999898,102.0,47.0,1.3488513632027337,149,55.0,-57.0,0.37,194.29,7.0
2025-03-13 07:33:35,195.0,135.0,196.67,36.0,193.45,33.0,215.49,35.0,195.83,1.6699999999999875,168.0,71.0,1.4645408836949538,239,97.0,90.0,0.41,194.29,
2025-03-13 07:33:36,195.0,36.0,196.0,16.0,194.0,8.0,198.0,16.0,195.5,1.0,44.0,32.0,1.3997392614390975,76,12.0,-163.0,0.16,194.29,
2025-03-13 07:33:37,195.0,63.0,196.0,28.0,194.0,14.0,198.0,7.0,195.5,1.0,77.0,35.0,1.0571991297830914,112,42.0,36.0,0.38,194.29,
2025-03-13 07:33:38,195.0,81.0,196.0,32.0,194.0,16.0,198.0,8.0,195.5,1.0,97.0,40.0,0.1668232598115941,137,57.0,25.0,0.42,194.29,
2025-03-13 07:33:39,195.0,160.0,196.0,56.0,194.0,28.0,198.0,14.0,195.5,1.0,188.0,70.0,0.1475804865629876,258,118.0,121.0,0.46,195.0,2.0
2025-03-13 07:33:40,195.0,66.0,196.0,36.0,194.0,18.0,198.0,9.0,195.5,1.0,84.0,45.0,0.0,129,39.0,-129.0,0.3,195.0,3.0
2025-03-13 07:33:41,195.0,35.0,196.0,20.0,194.0,10.0,198.0,5.0,195.5,1.0,45.0,25.0,0.0,70,20.0,-59.0,0.29,195.0,
2025-03-13 07:33:42,195.0,32.0,196.0,24.0,194.0,12.0,198.0,6.0,195.5,1.0,44.0,30.0,0.0,74,14.0,4.0,0.19,195.0,2.0
2025-03-13 07:33:43,195.0,30.0,196.0,24.0,194.0,12.0,198.0,6.0,195.5,1.0,42.0,30.0,0.0,72,12.0,-2.0,0.17,195.0,
2025-03-13 07:33:44,195.0,50.0,196.0,40.0,194.0,20.0,198.0,10.0,195.5,1.0,70.0,50.0,0.0,120,20.0,48.0,0.17,195.0,
2025-03-13 07:33:45,194.15,33.0,195.92,48.0,191.58,38.0,196.81,27.0,195.03,1.7699999999999818,71.0,75.0,0.2101903899186562,146,-4.0,26.0,-0.03,194.71,7.0
2025-03-13 07:33:46,190.5,24.0,194.0,10.0,189.04,56.0,196.0,40.0,192.25,3.5,80.0,50.0,1.4156023452983224,130,30.0,-16.0,0.23,194.71,
2025-03-13 07:33:47,192.0,66.0,193.91,44.0,190.0,24.0,195.33,48.0,192.95,1.9099999999999968,90.0,92.0,1.5348713301166603,182,-2.0,52.0,-0.01,192.0,2.0
2025-03-13 07:33:48,192.0,40.0,193.0,10.0,190.0,20.0,194.0,40.0,192.5,1.0,60.0,50.0,1.5082539574004306,110,10.0,-72.0,0.09,192.0,
2025-03-13 07:33:49,192.0,28.0,193.8,20.0,190.0,14.0,195.5,32.0,192.9,1.8000000000000114,42.0,52.0,1.103009519457578,94,-10.0,-16.0,-0.11,192.0,1.0
2025-03-13 07:33:50,192.0,21.0,194.0,28.0,190.0,14.0,197.0,28.0,193.0,2.0,35.0,56.0,0.3290136775485411,91,-21.0,-3.0,-0.23,192.0,
2025-03-13 07:33:51,192.0,26.0,193.35,37.0,190.0,18.0,194.88,41.0,192.68,1.3499999999999943,44.0,78.0,0.2101903899183323,122,-34.0,31.0,-0.28,192.0,1.0
2025-03-13 07:33:52,190.91,22.0,194.23,39.0,188.5,40.0,196.0,44.0,192.57,3.319999999999993,62.0,83.0,0.2137755832971096,145,-21.0,23.0,-0.14,192.33,3.0
2025-03-13 07:33:53,190.0,12.0,194.42,12.0,188.09,22.0,196.14,28.0,192.21,4.419999999999988,34.0,40.0,0.3096288100516768,74,-6.0,-71.0,-0.08,192.33,
2025-03-13 07:33:54,189.83,24.0,192.07,14.0,188.33,30.0,197.0,72.0,190.95,2.2399999999999807,54.0,86.0,0.7962851248227816,140,-32.0,66.0,-0.23,190.0,2.0
2025-03-13 07:33:55,189.0,7.0,195.08,13.0,188.0,35.0,197.29,28.0,192.04,6.0800000000000125,42.0,41.0,0.688294994907009,83,1.0,-57.0,0.01,192.0,1.0
2025-03-13 07:33:56,189.0,7.0,197.0,28.0,188.0,35.0,198.0,28.0,193.0,8.0,42.0,56.0,0.7672222624598684,98,-14.0,15.0,-0.14,192.0,
2025-03-13 07:33:57,194.25,48.0,197.0,48.0,190.6,20.0,198.0,48.0,195.62,2.75,68.0,96.0,1.7559982915749184,164,-28.0,66.0,-0.17,192.0,
2025-03-13 07:33:58,194.64,33.0,197.0,52.0,189.55,33.0,198.0,52.0,195.82,2.3600000000000136,66.0,104.0,2.165636165198122,170,-38.0,6.0,-0.22,195.0,7.0
2025-03-13 07:33:59,190.04,23.0,195.27,11.0,188.83,29.0,197.0,46.0,192.66,5.230000000000018,52.0,57.0,1.762532269212119,109,-5.0,-61.0,-0.05,195.0,
2025-03-13 07:34:00,190.1,48.0,194.54,24.0,189.43,28.0,197.07,58.0,192.32,4.439999999999998,76.0,82.0,1.6946622082332583,158,-6.0,49.0,-0.04,191.67,3.0
2025-03-13 07:34:01,193.0,16.0,197.0,45.0,190.0,18.0,198.11,9.0,195.0,4.0,34.0,54.0,1.6696945828546037,88,-20.0,-70.0,-0.23,193.0,1.0
2025-03-13 07:34:02,193.0,6.0,197.0,30.0,190.0,26.0,198.0,6.0,195.0,4.0,32.0,36.0,1.5654392354907964,68,-4.0,-20.0,-0.06,193.0,
2025-03-13 07:34:03,193.0,11.0,197.0,55.0,190.0,99.0,198.0,11.0,195.0,4.0,110.0,66.0,1.3800289852079273,176,44.0,108.0,0.25,193.0,
2025-03-13 07:34:04,193.0,8.0,197.0,60.0,191.4,60.0,198.0,8.0,195.0,4.0,68.0,68.0,1.1985324359457192,136,0.0,-40.0,0.0,193.0,
2025-03-13 07:34:05,192.17,24.0,197.0,80.0,190.88,64.0,199.85,26.0,194.58,4.8300000000000125,88.0,106.0,0.1878297101470921,194,-18.0,58.0,-0.09,192.33,3.0
2025-03-13 07:34:06,192.0,40.0,197.0,80.0,190.0,72.0,198.21,39.0,194.5,5.0,112.0,119.0,0.2535350074722389,231,-7.0,37.0,-0.03,192.33,
2025-03-13 07:34:07,192.0,45.0,197.0,90.0,190.0,67.0,198.0,45.0,194.5,5.0,112.0,135.0,0.2613044201959781,247,-23.0,16.0,-0.09,192.33,
2025-03-13 07:34:08,192.0,45.0,197.0,90.0,190.0,72.0,198.0,45.0,194.5,5.0,117.0,135.0,0.2174396468309424,252,-18.0,5.0,-0.07,192.33,
2025-03-13 07:34:09,192.46,56.0,196.85,52.0,190.19,53.0,197.56,45.0,194.66,4.389999999999986,109.0,97.0,0.0715541753776214,206,12.0,-46.0,0.06,193.0,1.0
2025-03-13 07:34:10,193.0,122.0,197.0,50.0,192.0,25.0,198.0,25.0,195.0,4.0,147.0,75.0,0.2170714168516186,222,72.0,16.0,0.32,193.0,2.0
2025-03-13 07:34:11,193.0,72.0,197.0,30.0,192.0,15.0,198.0,15.0,195.0,4.0,87.0,45.0,0.2532192725958366,132,42.0,-90.0,0.32,193.0,
2025-03-13 07:34:12,193.0,240.0,196.43,28.0,192.0,50.0,197.11,90.0,194.71,3.430000000000007,290.0,118.0,0.2204087112932745,408,172.0,172.0,0.42,193.0,
2025-03-13 07:34:13,193.0,138.0,197.0,40.0,192.0,30.0,198.0,30.0,195.0,4.0,168.0,70.0,0.1734358671496632,238,98.0,-170.0,0.41,193.0,1.0
2025-03-13 07:34:14,193.22,181.0,196.67,45.0,192.72,127.0,197.92,65.0,194.94,3.4499999999999886,308.0,110.0,0.1256980509552611,418,198.0,172.0,0.47,193.0,
2025-03-13 07:34:15,194.97,64.0,196.23,44.0,193.05,217.0,197.93,70.0,195.6,1.259999999999991,281.0,114.0,0.3298484500705399,395,167.0,-23.0,0.42,195.0,5.0
2025-03-13 07:34:16,194.0,18.0,197.0,9.0,193.0,207.0,198.88,80.0,195.5,3.0,225.0,89.0,0.3824918299963117,314,136.0,-81.0,0.43,195.0,
2025-03-13 07:34:17,194.0,20.0,196.1,10.0,193.0,230.0,199.0,104.0,195.05,2.0999999999999943,250.0,114.0,0.307603641093409,364,136.0,50.0,0.37,195.0,
2025-03-13 07:34:18,193.15,81.0,197.93,58.0,192.93,222.0,199.68,128.0,195.54,4.780000000000001,303.0,186.0,0.3067246322255654,489,117.0,125.0,0.24,194.0,2.0
2025-03-13 07:34:19,193.07,246.0,198.45,55.0,192.65,142.0,199.19,63.0,195.76,5.379999999999996,388.0,118.0,0.2651414716974379,506,270.0,17.0,0.53,195.0,1.0
2025-03-13 07:34:20,193.22,108.0,197.21,57.0,192.89,188.0,198.97,60.0,195.22,3.990000000000009,296.0,117.0,0.2797856322506525,413,179.0,-93.0,0.43,193.0,2.0
2025-03-13 07:34:21,194.0,24.0,196.88,40.0,193.0,168.0,200.0,44.0,195.44,2.8799999999999955,192.0,84.0,0.2764416756097018,276,108.0,-137.0,0.39,193.0,
2025-03-13 07:34:22,194.0,39.0,196.0,65.0,193.0,273.0,200.0,65.0,195.0,2.0,312.0,130.0,0.292779780746391,442,182.0,166.0,0.41,193.0,
2025-03-13 07:34:23,193.09,138.0,195.16,32.0,192.74,114.0,200.0,50.0,194.12,2.069999999999993,252.0,82.0,0.619612782319703,334,170.0,-108.0,0.51,195.0,3.0
2025-03-13 07:34:24,193.0,242.0,197.44,39.0,192.0,60.0,200.14,44.0,195.22,4.439999999999998,302.0,83.0,0.5159457335941356,385,219.0,51.0,0.57,193.0,2.0
2025-03-13 07:34:25,193.14,86.0,199.0,40.0,192.66,73.0,200.0,16.0,196.07,5.860000000000014,159.0,56.0,0.7100704190528955,215,103.0,-170.0,0.48,193.0,3.0
2025-03-13 07:34:26,193.0,76.0,199.0,25.0,192.0,25.0,200.0,10.0,196.0,6.0,101.0,35.0,0.8015734526629092,136,66.0,-79.0,0.49,193.0,2.0
2025-03-13 07:34:27,193.0,126.0,199.0,45.0,192.0,45.0,200.0,18.0,196.0,6.0,171.0,63.0,0.8375679077029556,234,108.0,98.0,0.46,193.0,
2025-03-13 07:34:28,193.0,42.0,199.0,15.0,192.0,15.0,200.0,6.0,196.0,6.0,57.0,21.0,0.3579385422301642,78,36.0,-156.0,0.46,193.0,
2025-03-13 07:34:29,193.25,56.0,199.0,50.0,192.87,113.0,200.0,20.0,196.12,5.75,169.0,70.0,0.0549545267819538,239,99.0,161.0,0.41,193.0,
2025-03-13 07:34:30,194.68,31.0,198.72,36.0,193.17,84.0,199.29,42.0,196.7,4.039999999999992,115.0,78.0,0.3041052449626655,193,37.0,-46.0,0.19,193.0,
2025-03-13 07:34:31,195.0,70.0,196.3,10.0,194.0,20.0,200.0,55.0,195.65,1.3000000000000114,90.0,65.0,0.3816804946729863,155,25.0,-38.0,0.16,193.0,
2025-03-13 07:34:32,195.0,103.0,198.94,34.0,194.0,28.0,200.1,50.0,196.97,3.9399999999999977,131.0,84.0,0.5369078133290486,215,47.0,60.0,0.22,195.0,5.0
2025-03-13 07:34:33,195.0,15.0,200.0,25.0,194.0,10.0,201.0,5.0,197.5,5.0,25.0,30.0,0.7226825029110217,55,-5.0,-160.0,-0.09,195.0,
2025-03-13 07:34:34,195.0,24.0,199.97,36.0,194.0,16.0,200.58,12.0,197.49,4.969999999999999,40.0,48.0,0.7596512357744879,88,-8.0,33.0,-0.09,195.0,
2025-03-13 07:34:35,195.0,22.0,198.98,41.0,194.0,22.0,200.03,31.0,196.99,3.9799999999999898,44.0,72.0,0.7552483035490374,116,-28.0,28.0,-0.24,195.0,1.0
2025-03-13 07:34:36,195.0,20.0,197.25,20.0,194.0,20.0,198.83,30.0,196.12,2.25,40.0,50.0,0.5622543908354076,90,-10.0,-26.0,-0.11,195.0,
2025-03-13 07:34:37,194.18,22.0,196.0,11.0,193.18,22.0,198.8,60.0,195.09,1.8199999999999927,44.0,71.0,1.0316830908829298,115,-27.0,25.0,-0.23,195.0,2.0
2025-03-13 07:34:38,194.0,18.0,195.54,13.0,193.0,26.0,198.51,59.0,194.77,1.539999999999992,44.0,72.0,1.1740187392089754,116,-28.0,1.0,-0.24,194.0,1.0
2025-03-13 07:34:39,193.43,14.0,195.0,10.0,192.75,16.0,198.67,12.0,194.21,1.5699999999999932,30.0,22.0,1.1123308860289436,52,8.0,-64.0,0.15,194.0,1.0
2025-03-13 07:34:40,193.0,13.0,196.0,18.0,192.0,12.0,198.14,21.0,194.5,3.0,25.0,39.0,0.7365935107058703,64,-14.0,12.0,-0.22,193.5,2.0
2025-03-13 07:34:41,191.17,23.0,195.36,44.0,189.66,41.0,198.0,23.0,193.27,4.190000000000026,64.0,67.0,0.6947805409005334,131,-3.0,67.0,-0.02,191.0,5.0
2025-03-13 07:34:42,192.54,91.0,194.95,59.0,189.74,123.0,197.67,36.0,193.74,2.4099999999999966,214.0,95.0,0.5998916568965175,309,119.0,172.0,0.39,193.0,3.0
2025-03-13 07:34:43,193.0,60.0,194.08,48.0,190.0,94.0,198.0,12.0,193.54,1.0800000000000125,154.0,60.0,0.4991693099681223,214,94.0,-95.0,0.44,193.0,
2025-03-13 07:34:44,193.0,35.0,194.0,27.0,190.0,70.0,198.0,7.0,193.5,1.0,105.0,34.0,0.4721228653793917,139,71.0,-75.0,0.51,194.0,1.0
2025-03-13 07:34:45,192.08,65.0,194.1,31.0,189.74,122.0,198.81,27.0,193.09,2.019999999999982,187.0,58.0,0.2521309184016074,245,129.0,106.0,0.53,193.0,5.0
2025-03-13 07:34:46,193.21,28.0,197.2,30.0,190.16,86.0,198.4,30.0,195.21,3.9899999999999807,114.0,60.0,0.8142665411362816,174,54.0,-71.0,0.31,193.0,
2025-03-13 07:34:47,195.0,32.0,196.25,80.0,190.0,160.0,199.65,79.0,195.62,1.25,192.0,159.0,1.1395042781903195,351,33.0,172.0,0.09,193.0,
2025-03-13 07:34:48,190.51,82.0,195.31,65.0,189.9,67.0,199.71,51.0,192.91,4.800000000000011,149.0,116.0,1.2582646780443465,265,33.0,-86.0,0.12,195.0,2.0
2025-03-13 07:34:49,192.0,18.0,193.56,45.0,190.0,90.0,198.92,51.0,192.78,1.5600000000000025,108.0,96.0,1.3750163635441004,204,12.0,-61.0,0.06,195.0,
2025-03-13 07:34:50,192.0,11.0,193.0,40.0,190.0,80.0,198.0,16.0,192.5,1.0,91.0,56.0,1.485170023941382,147,35.0,-57.0,0.24,192.0,1.0
2025-03-13 07:34:51,192.0,8.0,193.0,40.0,190.0,80.0,198.0,16.0,192.5,1.0,88.0,56.0,1.330195474362333,144,32.0,-3.0,0.22,192.0,
2025-03-13 07:34:52,190.52,27.0,193.69,29.0,189.97,72.0,198.42,24.0,192.1,3.1699999999999875,99.0,53.0,0.3121217711311412,152,46.0,8.0,0.3,192.67,3.0
2025-03-13 07:34:53,190.0,120.0,196.75,24.0,189.0,12.0,197.96,27.0,193.38,6.75,132.0,51.0,0.4736243237145191,183,81.0,31.0,0.44,192.67,
2025-03-13 07:34:54,190.0,67.0,196.0,14.0,189.0,7.0,197.0,14.0,193.0,6.0,74.0,28.0,0.4980762993899992,102,46.0,-81.0,0.45,190.0,1.0
2025-03-13 07:34:55,190.0,36.0,196.0,8.0,189.0,4.0,197.0,11.0,193.0,6.0,40.0,19.0,0.499079152053095,59,21.0,-43.0,0.36,190.0,
2025-03-13 07:34:56,190.0,54.0,196.0,12.0,189.0,6.0,197.0,30.0,193.0,6.0,60.0,42.0,0.4744259689498837,102,18.0,43.0,0.18,190.0,
2025-03-13 07:34:57,190.0,37.0,195.0,27.0,189.0,9.0,196.0,18.0,192.5,5.0,46.0,45.0,0.3128577951946087,91,1.0,-11.0,0.01,190.0,4.0
2025-03-13 07:34:58,190.0,70.0,194.45,33.0,189.0,14.0,195.27,37.0,192.23,4.449999999999989,84.0,70.0,0.3606660505426692,154,14.0,63.0,0.09,190.0,
2025-03-13 07:34:59,190.0,50.0,194.0,20.0,189.0,10.0,195.0,30.0,192.0,4.0,60.0,50.0,0.450643983665651,110,10.0,-44.0,0.09,190.0,
2025-03-13 07:35:00,190.0,65.0,192.34,38.0,189.0,13.0,194.11,27.0,191.17,2.3400000000000034,78.0,65.0,0.6763505008603582,143,13.0,33.0,0.09,190.0,
2025-03-13 07:35:01,190.71,34.0,192.0,39.0,189.93,59.0,194.89,56.0,191.35,1.289999999999992,93.0,95.0,0.5704822521464378,188,-2.0,45.0,-0.01,191.0,2.0
2025-03-13 07:35:02,188.28,67.0,191.75,24.0,187.82,22.0,194.9,62.0,190.02,3.469999999999999,89.0,86.0,0.8657540066405054,175,3.0,-13.0,0.02,189.29,7.0
2025-03-13 07:35:03,188.44,90.0,194.45,33.0,188.27,33.0,193.77,35.0,191.45,6.009999999999991,123.0,68.0,0.7277156038000682,191,55.0,16.0,0.29,192.56,9.0
2025-03-13 07:35:04,190.0,20.0,196.0,30.0,189.0,70.0,197.0,20.0,193.0,6.0,90.0,50.0,1.0632826529263522,140,40.0,-51.0,0.29,192.56,
2025-03-13 07:35:05,192.08,26.0,196.0,30.0,189.3,40.0,197.0,20.0,194.04,3.919999999999988,66.0,50.0,1.5654935324089054,116,16.0,-24.0,0.14,192.56,
2025-03-13 07:35:06,193.0,42.0,196.0,42.0,190.0,28.0,197.0,28.0,194.5,3.0,70.0,70.0,1.8589297996466,140,0.0,24.0,0.0,192.56,
2025-03-13 07:35:07,193.0,39.0,196.0,39.0,190.26,23.0,197.0,26.0,194.5,3.0,62.0,65.0,1.2984683284601937,127,-3.0,-13.0,-0.02,192.56,
2025-03-13 07:35:08,192.75,16.0,196.0,24.0,190.67,12.0,197.0,16.0,194.38,3.25,28.0,40.0,0.6345707210502285,68,-12.0,-59.0,-0.18,193.0,3.0
2025-03-13 07:35:09,192.0,12.0,196.0,36.0,190.0,24.0,197.0,24.0,194.0,4.0,36.0,60.0,0.2463331078320654,96,-24.0,28.0,-0.25,193.0,
2025-03-13 07:35:10,192.0,7.0,196.0,21.0,190.0,14.0,197.0,14.0,194.0,4.0,21.0,35.0,0.2566709956621559,56,-14.0,-40.0,-0.25,193.0,
2025-03-13 07:35:11,189.09,68.0,196.0,39.0,185.37,19.0,197.0,26.0,192.54,6.909999999999997,87.0,65.0,0.7840153059821129,152,22.0,96.0,0.14,190.25,4.0
2025-03-13 07:35:12,189.0,37.0,196.0,27.0,182.0,7.0,197.71,14.0,192.5,7.0,44.0,41.0,0.8936889839391772,85,3.0,-67.0,0.04,189.0,5.0
2025-03-13 07:35:13,189.0,10.0,196.0,35.0,182.0,10.0,198.0,20.0,192.5,7.0,20.0,55.0,0.8144445960372331,75,-35.0,-10.0,-0.47,196.0,1.0
2025-03-13 07:35:14,189.0,12.0,193.75,48.0,185.94,132.0,197.54,52.0,191.38,4.75,144.0,100.0,0.9314934245684466,244,44.0,169.0,0.18,196.0,
2025-03-13 07:35:15,189.7,10.0,191.4,40.0,186.46,46.0,195.8,40.0,190.55,1.700000000000017,56.0,80.0,0.8975410854185227,136,-24.0,-108.0,-0.18,196.0,
2025-03-13 07:35:16,193.6,25.0,196.0,56.0,189.46,13.0,250.4,30.0,194.8,2.4000000000000057,38.0,86.0,1.5990872396508795,124,-48.0,-12.0,-0.39,193.11,9.0
2025-03-13 07:35:17,195.0,45.0,196.44,54.0,190.0,15.0,344.54,39.0,195.72,1.4399999999999975,60.0,93.0,2.2087779426674508,153,-33.0,29.0,-0.22,193.11,
2025-03-13 07:35:18,195.0,30.0,196.0,40.0,189.44,9.0,198.0,16.0,195.5,1.0,39.0,56.0,2.437970467420442,95,-17.0,-58.0,-0.18,193.11,
2025-03-13 07:35:19,195.0,26.0,196.0,40.0,190.38,16.0,198.0,16.0,195.5,1.0,42.0,56.0,2.1876882776150315,98,-14.0,3.0,-0.14,195.0,2.0
2025-03-13 07:35:20,195.0,24.0,196.0,60.0,190.0,24.0,198.0,24.0,195.5,1.0,48.0,84.0,0.3508275930057438,132,-36.0,34.0,-0.27,195.0,2.0
2025-03-13 07:35:21,190.0,18.0,195.09,23.0,189.0,9.0,195.31,26.0,192.54,5.090000000000003,27.0,49.0,1.3517100280808194,76,-22.0,-56.0,-0.29,195.0,
2025-03-13 07:35:22,190.0,24.0,192.42,12.0,189.0,12.0,194.0,36.0,191.21,2.4199999999999875,36.0,48.0,2.0404166241271224,84,-12.0,8.0,-0.14,195.0,
2025-03-13 07:35:23,190.0,22.0,192.0,11.0,188.03,65.0,194.71,63.0,191.0,2.0,87.0,74.0,2.225039325498409,161,13.0,77.0,0.08,192.0,1.0
2025-03-13 07:35:24,190.0,18.0,195.0,53.0,188.82,39.0,284.94,32.0,192.5,5.0,57.0,85.0,1.79605122421786,142,-28.0,-19.0,-0.2,192.0,
2025-03-13 07:35:25,191.49,35.0,195.0,55.0,189.56,25.0,198.0,33.0,193.24,3.509999999999991,60.0,88.0,0.9559393286263136,148,-28.0,6.0,-0.19,192.0,
2025-03-13 07:35:26,192.38,32.0,195.0,55.0,192.25,20.0,198.0,33.0,193.69,2.6200000000000045,52.0,88.0,1.1968583876192256,140,-36.0,-8.0,-0.26,192.0,
2025-03-13 07:35:27,194.0,10.0,195.0,50.0,193.0,20.0,198.0,30.0,194.5,1.0,30.0,80.0,1.3259638004162884,110,-50.0,-30.0,-0.45,192.0,
2025-03-13 07:35:28,193.5,12.0,195.0,42.0,192.44,27.0,198.0,27.0,194.25,1.5,39.0,69.0,0.8021408853900418,108,-30.0,-2.0,-0.28,195.0,1.0
2025-03-13 07:35:29,192.0,21.0,195.0,28.0,190.0,14.0,198.0,21.0,193.5,3.0,35.0,49.0,0.5248142528688547,84,-14.0,-24.0,-0.17,192.5,4.0
2025-03-13 07:35:30,192.0,27.0,195.0,36.0,190.0,18.0,198.0,27.0,193.5,3.0,45.0,63.0,0.4598586739578674,108,-18.0,24.0,-0.17,192.5,
2025-03-13 07:35:31,192.0,30.0,195.0,66.0,190.0,20.0,198.0,30.0,193.5,3.0,50.0,96.0,0.4873397172551156,146,-46.0,38.0,-0.32,192.0,1.0
2025-03-13 07:35:32,192.0,24.0,195.0,96.0,190.0,24.0,198.0,36.0,193.5,3.0,48.0,132.0,0.3354101966463441,180,-84.0,34.0,-0.47,192.0,
2025-03-13 07:35:33,192.0,28.0,195.0,64.0,189.73,44.0,198.0,42.0,193.5,3.0,72.0,106.0,0.0,178,-34.0,-2.0,-0.19,195.0,4.0
2025-03-13 07:35:34,192.0,18.0,195.0,36.0,190.0,63.0,197.75,24.0,193.5,3.0,81.0,60.0,0.0,141,21.0,-37.0,0.15,195.0,
2025-03-13 07:35:35,190.0,24.0,195.0,24.0,189.0,24.0,197.0,12.0,192.5,5.0,48.0,36.0,0.4472135955160802,84,12.0,-57.0,0.14,190.8,5.0
2025-03-13 07:35:36,190.0,59.0,194.1,40.0,189.0,56.0,195.09,44.0,192.05,4.099999999999994,115.0,84.0,0.6895650803328751,199,31.0,115.0,0.16,190.0,1.0
2025-03-13 07:35:37,190.0,98.0,193.68,38.0,189.0,56.0,194.88,34.0,191.84,3.680000000000007,154.0,72.0,0.7873499857208174,226,82.0,27.0,0.36,190.0,
2025-03-13 07:35:38,190.0,105.0,192.0,30.0,189.0,60.0,194.0,15.0,191.0,2.0,165.0,45.0,0.917834407730888,210,120.0,-16.0,0.57,190.0,
2025-03-13 07:35:39,190.0,123.0,191.28,36.0,189.0,72.0,194.63,38.0,190.64,1.2800000000000011,195.0,74.0,0.7667333304447351,269,121.0,59.0,0.45,190.0,1.0
2025-03-13 07:35:40,190.0,48.0,191.0,16.0,189.0,32.0,195.0,48.0,190.5,1.0,80.0,64.0,0.7027659638990653,144,16.0,-125.0,0.11,190.0,
2025-03-13 07:35:41,190.0,40.0,191.0,20.0,189.0,40.0,195.0,60.0,190.5,1.0,80.0,80.0,0.5659328582217621,160,0.0,16.0,0.0,190.0,4.0
2025-03-13 07:35:42,189.16,38.0,191.0,28.0,188.6,40.0,195.0,84.0,190.08,1.8400000000000036,78.0,112.0,0.3302726146914764,190,-34.0,30.0,-0.18,190.0,2.0
2025-03-13 07:35:43,190.08,25.0,193.45,44.0,189.07,56.0,195.08,65.0,191.77,3.369999999999976,81.0,109.0,0.6349960629918149,190,-28.0,0.0,-0.15,191.0,2.0
2025-03-13 07:35:44,191.0,15.0,194.35,23.0,190.0,30.0,195.11,37.0,192.67,3.3499999999999943,45.0,60.0,1.0809856613364346,105,-15.0,-85.0,-0.14,191.0,
2025-03-13 07:35:45,191.0,12.0,193.36,14.0,190.0,23.0,195.18,40.0,192.18,2.3600000000000136,35.0,54.0,1.107090782192165,89,-19.0,-16.0,-0.21,191.0,3.0
2025-03-13 07:35:46,189.0,32.0,194.18,34.0,188.0,18.0,195.4,35.0,191.59,5.180000000000007,50.0,69.0,0.975176907035222,119,-19.0,30.0,-0.16,189.0,2.0
2025-03-13 07:35:47,189.0,16.0,193.88,32.0,188.0,16.0,195.0,24.0,191.44,4.879999999999996,32.0,56.0,0.4978453575305189,88,-24.0,-31.0,-0.27,189.0,
2025-03-13 07:35:48,189.0,21.0,194.72,58.0,188.0,24.0,195.83,60.0,191.86,5.719999999999999,45.0,118.0,0.4922093050874633,163,-73.0,75.0,-0.45,192.2,5.0
2025-03-13 07:35:49,189.0,10.0,195.0,20.0,188.0,8.0,196.0,20.0,192.0,6.0,18.0,40.0,0.3002998501743532,58,-22.0,-105.0,-0.38,192.2,
2025-03-13 07:35:50,188.7,20.0,195.0,45.0,186.71,21.0,196.0,45.0,191.85,6.300000000000011,41.0,90.0,0.2270902904458038,131,-49.0,73.0,-0.37,189.0,1.0
2025-03-13 07:35:51,186.47,86.0,195.0,80.0,184.91,44.0,196.0,80.0,190.73,8.530000000000001,130.0,160.0,0.5171363456718376,290,-30.0,159.0,-0.1,189.0,
2025-03-13 07:35:52,187.0,78.0,195.0,65.0,185.45,44.0,196.0,65.0,191.0,8.0,122.0,130.0,0.5797154474523291,252,-8.0,-38.0,-0.03,189.0,
2025-03-13 07:35:53,187.85,120.0,195.0,70.0,186.74,78.0,196.0,70.0,191.43,7.150000000000006,198.0,140.0,0.5413594000429678,338,58.0,86.0,0.17,188.0,4.0
2025-03-13 07:35:54,188.14,58.0,195.0,65.0,187.31,78.0,196.0,65.0,191.57,6.860000000000014,136.0,130.0,0.4488652359171023,266,6.0,-72.0,0.02,188.0,
2025-03-13 07:35:55,190.63,19.0,195.0,37.0,188.09,44.0,196.0,45.0,192.82,4.3700000000000045,63.0,82.0,0.8053881052106794,145,-19.0,-121.0,-0.13,195.0,2.0
2025-03-13 07:35:56,191.5,84.0,195.0,42.0,190.0,14.0,196.0,70.0,193.25,3.5,98.0,112.0,0.9674347523294198,210,-14.0,65.0,-0.07,195.0,
2025-03-13 07:35:57,192.4,45.0,194.13,47.0,187.69,78.0,195.87,69.0,193.26,1.7299999999999898,123.0,116.0,0.9009051004487334,239,7.0,29.0,0.03,194.0,6.0
2025-03-13 07:35:58,190.0,8.0,194.0,16.0,189.0,24.0,196.0,40.0,192.0,4.0,32.0,56.0,0.7624631138714246,88,-24.0,-151.0,-0.27,194.0,
2025-03-13 07:35:59,190.0,9.0,195.41,32.0,189.0,27.0,197.38,39.0,192.7,5.409999999999997,36.0,71.0,0.5158294291860928,107,-35.0,19.0,-0.33,194.0,
2025-03-13 07:36:00,190.0,11.0,195.0,33.0,189.0,33.0,196.0,55.0,192.5,5.0,44.0,88.0,0.5332166539170232,132,-44.0,25.0,-0.33,194.0,
2025-03-13 07:36:01,190.0,13.0,193.06,35.0,189.0,39.0,194.35,17.0,191.53,3.0600000000000023,52.0,52.0,0.662661301129434,104,0.0,-28.0,0.0,194.0,
2025-03-13 07:36:02,192.46,13.0,193.75,16.0,189.67,18.0,195.96,102.0,193.11,1.289999999999992,31.0,118.0,0.6156053931006237,149,-87.0,45.0,-0.58,192.0,3.0
2025-03-13 07:36:03,192.0,20.0,195.0,15.0,188.48,62.0,196.0,95.0,193.5,3.0,82.0,110.0,0.7436195263805844,192,-28.0,43.0,-0.15,192.0,5.0
2025-03-13 07:36:04,189.0,16.0,195.0,44.0,188.0,112.0,196.0,40.0,192.0,6.0,128.0,84.0,0.7998562370917182,212,44.0,20.0,0.21,195.0,1.0
2025-03-13 07:36:05,188.91,33.0,195.0,45.0,187.59,66.0,196.0,45.0,191.95,6.090000000000003,99.0,90.0,0.8414095316874879,189,9.0,-23.0,0.05,195.0,
2025-03-13 07:36:06,190.0,36.0,195.0,45.0,188.55,33.0,196.0,45.0,192.5,5.0,69.0,90.0,0.6822536185426203,159,-21.0,-30.0,-0.13,195.0,
2025-03-13 07:36:07,190.0,57.0,195.0,40.0,189.0,24.0,196.0,40.0,192.5,5.0,81.0,80.0,0.6228964601075675,161,1.0,2.0,0.01,195.0,
2025-03-13 07:36:08,190.0,36.0,195.0,60.0,189.0,36.0,196.0,60.0,192.5,5.0,72.0,120.0,0.2880972058431212,192,-48.0,31.0,-0.25,190.0,3.0
2025-03-13 07:36:09,190.0,12.0,194.83,30.0,189.0,18.0,195.83,30.0,192.42,4.8300000000000125,30.0,60.0,0.2395412282146521,90,-30.0,-102.0,-0.33,190.0,
2025-03-13 07:36:10,190.0,30.0,192.91,47.0,189.0,30.0,194.6,50.0,191.46,2.9099999999999966,60.0,97.0,0.4574713105918412,157,-37.0,67.0,-0.24,190.0,
2025-03-13 07:36:11,190.0,31.0,191.08,60.0,189.0,36.0,192.08,60.0,190.54,1.0800000000000125,67.0,120.0,0.8706778968222272,187,-53.0,30.0,-0.28,190.0,2.0
2025-03-13 07:36:12,186.2,61.0,189.56,45.0,184.73,26.0,190.89,45.0,187.88,3.3600000000000136,87.0,90.0,1.898420396017472,177,-3.0,-10.0,-0.02,188.3,10.0
2025-03-13 07:36:13,185.96,25.0,191.92,60.0,183.0,26.0,197.0,60.0,188.94,5.95999999999998,51.0,120.0,1.8432362843692631,171,-69.0,-6.0,-0.4,186.0,8.0
2025-03-13 07:36:14,185.57,14.0,194.46,41.0,181.08,36.0,196.0,65.0,190.02,8.890000000000015,50.0,106.0,1.3939583924980046,156,-56.0,-15.0,-0.36,186.0,
2025-03-13 07:36:15,184.4,10.0,193.0,12.0,175.36,22.0,195.0,35.0,188.7,8.599999999999994,32.0,47.0,1.063804493323769,79,-15.0,-77.0,-0.19,186.0,
2025-03-13 07:36:16,179.62,13.0,193.0,18.0,178.05,19.0,195.0,54.0,186.31,13.379999999999995,32.0,72.0,1.3820274961143724,104,-40.0,25.0,-0.38,184.0,4.0
2025-03-13 07:36:22,158.0,32.0,184.0,28.0,152.94,34.0,190.0,8.0,171.0,26.0,66.0,36.0,11.273978002463307,102,30.0,-68.0,0.29,184.0,4.0
2025-03-13 07:36:23,177.23,60.0,190.54,13.0,155.8,60.0,195.18,28.0,183.89,13.310000000000002,120.0,41.0,17.18710068627123,161,79.0,59.0,0.49,187.0,2.0
2025-03-13 07:36:24,190.0,32.0,194.5,8.0,183.25,24.0,195.8,20.0,192.25,4.5,56.0,28.0,21.541647337193663,84,28.0,-77.0,0.33,187.0,
2025-03-13 07:36:25,186.55,22.0,191.4,10.0,162.29,34.0,192.7,10.0,188.97,4.849999999999994,56.0,20.0,21.613995003238543,76,36.0,-8.0,0.47,190.0,4.0
2025-03-13 07:36:26,183.0,32.0,186.81,16.0,181.0,48.0,189.31,16.0,184.91,3.8100000000000014,80.0,32.0,8.099313551160886,112,48.0,36.0,0.43,190.0,
2025-03-13 07:36:27,183.0,14.0,184.8,10.0,181.0,45.0,186.0,7.0,183.9,1.8000000000000114,59.0,17.0,3.703387638368085,76,42.0,-36.0,0.55,184.5,2.0
2025-03-13 07:36:28,183.0,16.0,185.86,28.0,181.0,36.0,188.21,14.0,184.43,2.8600000000000136,52.0,42.0,3.6044444786981353,94,10.0,18.0,0.11,184.5,
2025-03-13 07:36:29,183.0,16.0,184.5,16.0,181.0,24.0,186.0,32.0,183.75,1.5,40.0,48.0,2.1611385888040764,88,-8.0,-6.0,-0.09,184.5,
2025-03-13 07:36:30,183.0,14.0,184.33,12.0,181.0,21.0,186.45,22.0,183.67,1.3300000000000125,35.0,34.0,0.5261368643408872,69,1.0,-19.0,0.01,185.2,5.0
2025-03-13 07:36:31,183.0,16.0,184.59,17.0,181.0,24.0,189.1,10.0,183.79,1.5900000000000034,40.0,27.0,0.3033479850246939,67,13.0,-2.0,0.19,185.2,
2025-03-13 07:36:32,183.0,10.0,184.0,20.0,181.0,15.0,186.0,5.0,183.5,1.0,25.0,25.0,0.3544291184687989,50,0.0,-17.0,0.0,185.2,
2025-03-13 07:36:33,183.0,8.0,184.0,16.0,181.0,12.0,186.0,4.0,183.5,1.0,20.0,20.0,0.1366382084873568,40,0.0,-10.0,0.0,185.2,
2025-03-13 07:36:34,183.0,14.0,185.79,19.0,181.0,21.0,195.69,13.0,184.39,2.789999999999992,35.0,32.0,0.3676275289183086,67,3.0,27.0,0.04,186.5,8.0
2025-03-13 07:36:35,185.9,40.0,326.67,24.0,183.4,45.0,557.7,27.0,256.28,140.77,85.0,51.0,32.41831380562555,136,34.0,69.0,0.25,191.0,1.0
2025-03-13 07:36:36,191.52,60.0,411.32,22.0,187.55,22.0,560.05,40.0,301.42,219.8,82.0,62.0,54.4552598010514,144,20.0,8.0,0.14,191.0,
2025-03-13 07:36:37,193.3,66.0,311.39,44.0,191.4,30.0,462.25,28.0,252.34,118.08999999999996,96.0,72.0,50.93386771098381,168,24.0,24.0,0.14,195.0,5.0
2025-03-13 07:36:38,193.0,37.0,365.68,19.0,192.0,12.0,415.73,22.0,279.34,172.68,49.0,41.0,43.9927139421972,90,8.0,-78.0,0.09,193.38,8.0
2025-03-13 07:36:39,193.33,12.0,244.0,6.0,192.0,12.0,366.73,15.0,218.67,50.66999999999999,24.0,21.0,31.05388220496737,45,3.0,-45.0,0.07,193.38,
2025-03-13 07:36:40,195.0,45.0,386.06,17.0,194.0,10.0,433.38,13.0,290.53,191.06,55.0,30.0,33.28182461945238,85,25.0,40.0,0.29,193.38,
2025-03-13 07:36:41,195.0,179.0,384.5,52.0,194.0,22.0,472.78,27.0,289.75,189.5,201.0,79.0,30.701726824398445,280,122.0,172.0,0.44,193.38,
2025-03-13 07:36:42,195.0,171.0,376.44,36.0,194.0,18.0,390.9,29.0,285.72,181.44,189.0,65.0,30.58353429543396,254,124.0,-26.0,0.49,193.38,
2025-03-13 07:36:43,195.0,152.0,320.97,33.0,194.0,16.0,346.9,31.0,257.98,125.97000000000004,168.0,64.0,30.93180644579276,232,104.0,-22.0,0.45,193.38,
2025-03-13 07:36:44,195.0,112.0,288.86,28.0,194.0,14.0,406.3,27.0,241.93,93.86,126.0,55.0,22.025221224768305,181,71.0,-51.0,0.39,195.0,3.0
2025-03-13 07:36:45,195.0,104.0,269.9,40.0,194.0,18.0,421.54,41.0,232.45,74.89999999999998,122.0,81.0,25.61214028541909,203,41.0,22.0,0.2,195.0,
2025-03-13 07:36:46,195.0,85.0,255.75,32.0,194.0,16.0,525.18,38.0,225.38,60.75,101.0,70.0,24.032874776022744,171,31.0,-32.0,0.18,195.0,1.0
2025-03-13 07:36:47,195.0,50.0,253.43,28.0,194.0,14.0,461.0,29.0,224.21,58.43000000000001,64.0,57.0,13.981378687382415,121,7.0,-50.0,0.06,195.0,4.0
2025-03-13 07:36:48,195.0,24.0,253.0,16.0,194.0,8.0,473.5,18.0,224.0,58.0,32.0,34.0,7.71964571725878,66,-2.0,-55.0,-0.03,195.0,
2025-03-13 07:36:49,195.0,12.0,241.0,6.0,194.0,4.0,253.0,8.0,218.0,46.0,16.0,14.0,5.14991941684453,30,2.0,-36.0,0.07,195.0,
2025-03-13 07:36:50,195.0,31.0,247.27,37.0,194.0,20.0,265.36,33.0,221.14,52.27000000000001,51.0,70.0,2.981506330698067,121,-19.0,91.0,-0.16,195.0,4.0
2025-03-13 07:36:51,195.0,18.0,239.17,24.0,194.0,12.0,344.0,18.0,217.08,44.16999999999999,30.0,42.0,3.302465745468504,72,-12.0,-49.0,-0.17,195.0,
2025-03-13 07:36:52,195.0,18.0,239.0,24.0,194.0,12.0,279.54,28.0,217.0,44.0,30.0,52.0,3.0528806069011294,82,-22.0,10.0,-0.27,195.0,
2025-03-13 07:36:53,195.0,18.0,239.0,52.0,194.0,26.0,311.39,49.0,217.0,44.0,44.0,101.0,1.7815947911893926,145,-57.0,63.0,-0.39,195.0,1.0
2025-03-13 07:36:54,195.0,13.0,225.54,65.0,194.0,26.0,229.34,59.0,210.27,30.539999999999992,39.0,124.0,3.910846455691316,163,-85.0,18.0,-0.52,195.0,
2025-03-13 07:36:55,195.0,8.0,213.62,40.0,194.0,16.0,219.5,40.0,204.31,18.620000000000005,24.0,80.0,5.734288970743783,104,-56.0,-59.0,-0.54,195.0,
2025-03-13 07:36:56,195.0,10.0,209.4,50.0,194.0,20.0,211.6,50.0,202.2,14.400000000000006,30.0,100.0,6.913163530540432,130,-70.0,26.0,-0.54,195.0,
2025-03-13 07:36:57,193.25,8.0,207.88,40.0,192.44,9.0,211.0,40.0,200.56,14.629999999999995,17.0,80.0,6.75195305078425,97,-63.0,-33.0,-0.65,193.8,5.0
2025-03-13 07:36:58,193.5,12.0,204.47,45.0,192.25,12.0,205.73,48.0,198.98,10.97,24.0,93.0,4.386756204759414,117,-69.0,20.0,-0.59,193.8,
2025-03-13 07:36:59,193.15,26.0,200.44,45.0,190.0,42.0,202.0,18.0,196.8,7.289999999999992,68.0,63.0,2.8890136725179096,131,5.0,14.0,0.04,192.33,3.0
2025-03-13 07:37:00,194.0,20.0,199.2,20.0,193.0,133.0,200.28,29.0,196.6,5.199999999999989,153.0,49.0,2.411953565057916,202,104.0,71.0,0.51,194.0,1.0
2025-03-13 07:37:01,193.23,94.0,195.94,35.0,192.5,191.0,197.54,56.0,194.59,2.710000000000008,285.0,91.0,2.308783229321413,376,194.0,172.0,0.52,193.83,6.0
2025-03-13 07:37:02,193.0,126.0,194.22,37.0,189.09,66.0,223.3,33.0,193.61,1.2199999999999989,192.0,70.0,2.0924459371739967,262,122.0,-114.0,0.47,193.0,16.0
2025-03-13 07:37:03,191.71,14.0,242.94,17.0,189.31,26.0,624.56,27.0,217.33,51.22999999999999,40.0,44.0,9.899496451840143,84,-4.0,-172.0,-0.05,193.0,2.0
2025-03-13 07:37:05,191.6,10.0,323.82,34.0,190.11,18.0,488.31,26.0,257.71,132.22,28.0,60.0,75.36628835228645,88,-32.0,-4.0,-0.36,194.0,1.0
2025-03-13 07:37:07,189.68,19.0,409.77,31.0,188.86,56.0,590.71,28.0,299.73,220.09,75.0,59.0,76.2678377823836,134,16.0,55.0,0.12,194.0,
2025-03-13 07:37:08,191.07,14.0,250.7,30.0,189.02,55.0,254.03,32.0,220.89,59.63,69.0,62.0,75.20313504103389,131,7.0,-3.0,0.05,194.0,
2025-03-13 07:37:09,193.0,40.0,246.12,24.0,190.0,8.0,250.0,24.0,219.56,53.120000000000005,48.0,48.0,74.0879558362895,96,0.0,-35.0,0.0,194.0,
2025-03-13 07:37:10,193.0,45.0,246.0,27.0,190.0,18.0,250.0,27.0,219.5,53.0,63.0,54.0,78.68424473806674,117,9.0,21.0,0.08,194.0,
2025-03-13 07:37:11,193.0,55.0,245.84,25.0,190.0,11.0,385.35,37.0,219.42,52.84,66.0,62.0,35.73192899914563,128,4.0,11.0,0.03,194.0,
2025-03-13 07:37:12,193.0,26.0,238.2,25.0,190.0,10.0,245.33,18.0,215.6,45.19999999999999,36.0,43.0,1.9919789155471683,79,-7.0,-49.0,-0.09,193.0,4.0
2025-03-13 07:37:13,190.6,10.0,205.93,15.0,188.15,52.0,220.66,32.0,198.27,15.330000000000013,62.0,47.0,9.211791356733212,109,15.0,30.0,0.14,191.5,2.0
2025-03-13 07:37:14,189.0,7.0,190.3,20.0,188.0,56.0,199.94,17.0,189.65,1.3000000000000114,63.0,37.0,13.698823672125467,100,26.0,-9.0,0.26,191.5,
2025-03-13 07:37:15,188.19,26.0,189.9,29.0,179.19,53.0,345.81,32.0,189.04,1.710000000000008,79.0,61.0,14.335526847660176,140,18.0,40.0,0.13,188.56,9.0
2025-03-13 07:37:16,188.77,35.0,457.45,33.0,159.59,22.0,668.0,36.0,323.11,268.67999999999995,57.0,69.0,56.90729153632234,126,-12.0,-14.0,-0.1,190.0,2.0
2025-03-13 07:37:17,190.84,37.0,450.32,37.0,181.69,29.0,600.0,43.0,320.58,259.48,66.0,80.0,71.04322803758274,146,-14.0,20.0,-0.1,190.0,
2025-03-13 07:37:18,191.32,37.0,302.67,24.0,169.93,42.0,365.06,35.0,247.0,111.35000000000002,79.0,59.0,66.36779286672099,138,20.0,-8.0,0.14,190.0,
2025-03-13 07:37:19,191.76,21.0,259.62,37.0,190.31,13.0,346.04,25.0,225.69,67.86000000000001,34.0,62.0,59.22083864654385,96,-28.0,-42.0,-0.29,191.0,2.0
2025-03-13 07:37:20,195.0,11.0,252.6,20.0,194.0,11.0,257.2,35.0,223.8,57.6,22.0,55.0,49.966333965981335,77,-33.0,-19.0,-0.43,191.0,
2025-03-13 07:37:21,195.25,12.0,251.25,12.0,194.08,12.0,281.58,48.0,223.25,56.0,24.0,60.0,41.72761232085994,84,-36.0,7.0,-0.43,191.0,
2025-03-13 07:37:22,195.0,10.0,249.2,10.0,194.0,10.0,299.74,38.0,222.1,54.19999999999999,20.0,48.0,10.496088318987471,68,-28.0,-16.0,-0.41,191.0,
2025-03-13 07:37:23,195.0,11.0,248.91,11.0,194.0,11.0,360.09,44.0,221.95,53.91,22.0,55.0,1.517422156153624,77,-33.0,9.0,-0.43,191.0,
2025-03-13 07:37:24,194.7,10.0,248.0,10.0,193.27,11.0,374.7,37.0,221.35,53.30000000000001,21.0,47.0,1.0046143538622505,68,-26.0,-9.0,-0.38,194.5,2.0
2025-03-13 07:37:25,192.6,20.0,248.0,11.0,190.32,19.0,401.0,44.0,220.3,55.400000000000006,39.0,55.0,1.0801620248769013,94,-16.0,26.0,-0.17,194.5,
2025-03-13 07:37:26,193.0,36.0,248.0,9.0,190.44,18.0,326.41,34.0,220.5,55.0,54.0,43.0,0.8196035626974002,97,11.0,3.0,0.11,194.5,
2025-03-13 07:37:27,193.0,20.0,248.0,8.0,192.0,16.0,279.0,32.0,220.5,55.0,36.0,40.0,0.7040951640128843,76,-4.0,-21.0,-0.05,193.0,2.0
2025-03-13 07:37:28,191.5,20.0,248.13,31.0,191.0,15.0,317.42,19.0,219.81,56.63,35.0,50.0,0.5563901508711399,85,-15.0,9.0,-0.18,192.0,5.0
2025-03-13 07:37:29,190.0,8.0,242.4,10.0,189.0,4.0,254.69,13.0,216.2,52.400000000000006,12.0,23.0,1.8451883372671256,35,-11.0,-50.0,-0.31,192.0,
2025-03-13 07:37:30,190.0,28.0,237.91,46.0,189.0,14.0,238.04,52.0,213.96,47.91,42.0,98.0,2.9643515311087545,140,-56.0,105.0,-0.4,192.0,
2025-03-13 07:37:31,189.62,16.0,203.14,29.0,188.06,87.0,230.27,37.0,196.38,13.519999999999982,103.0,66.0,9.86569308259626,169,37.0,29.0,0.22,190.0,2.0
2025-03-13 07:37:32,192.82,28.0,231.0,33.0,189.76,63.0,329.79,47.0,211.91,38.18000000000001,91.0,80.0,9.025861177748524,171,11.0,2.0,0.06,191.0,3.0
2025-03-13 07:37:33,193.8,15.0,233.8,30.0,192.69,39.0,334.0,45.0,213.8,40.0,54.0,75.0,8.010954999248728,129,-21.0,-42.0,-0.16,193.33,3.0
2025-03-13 07:37:34,193.0,19.0,231.47,49.0,188.25,56.0,244.75,48.0,212.23,38.47,75.0,97.0,7.477555081708751,172,-22.0,43.0,-0.13,193.33,
2025-03-13 07:37:35,193.0,11.0,228.21,29.0,189.22,18.0,229.92,26.0,210.6,35.21000000000001,29.0,55.0,7.137298508538682,84,-26.0,-88.0,-0.31,193.33,
2025-03-13 07:37:36,193.0,11.0,224.9,30.0,190.0,11.0,226.15,26.0,208.95,31.90000000000001,22.0,56.0,1.8236967949711531,78,-34.0,-6.0,-0.44,193.33,
2025-03-13 07:37:37,193.0,10.0,212.25,28.0,190.0,10.0,215.96,24.0,202.62,19.25,20.0,52.0,4.321220892292856,72,-32.0,-6.0,-0.44,193.33,
2025-03-13 07:37:38,193.0,15.0,204.73,37.0,190.0,15.0,206.19,31.0,198.86,11.72999999999999,30.0,68.0,5.67789309515321,98,-38.0,26.0,-0.39,193.33,
2025-03-13 07:37:39,194.99,203.0,199.25,48.0,192.82,17.0,200.06,33.0,197.12,4.259999999999991,220.0,81.0,5.979891303359021,301,139.0,172.0,0.46,195.0,3.0
2025-03-13 07:37:40,195.0,83.0,197.15,26.0,193.0,10.0,281.57,21.0,196.08,2.1500000000000057,93.0,47.0,5.227138796702192,140,46.0,-161.0,0.33,195.0,4.0
2025-03-13 07:37:41,194.71,35.0,198.67,24.0,190.95,22.0,377.45,22.0,196.69,3.95999999999998,57.0,46.0,2.6403370996881543,103,11.0,-37.0,0.11,195.0,6.0
2025-03-13 07:37:42,193.58,38.0,197.92,26.0,191.93,15.0,511.2,30.0,195.75,4.339999999999975,53.0,56.0,1.217476899160642,109,-3.0,6.0,-0.03,193.17,6.0
2025-03-13 07:37:43,190.0,20.0,195.11,36.0,189.0,20.0,290.91,22.0,192.56,5.110000000000014,40.0,58.0,1.801735274669911,98,-18.0,-11.0,-0.18,193.17,
2025-03-13 07:37:44,190.0,43.0,194.86,56.0,189.0,28.0,196.0,28.0,192.43,4.860000000000014,71.0,84.0,2.0432498623491604,155,-13.0,57.0,-0.08,190.0,5.0
2025-03-13 07:37:45,190.0,52.0,193.47,38.0,189.0,26.0,194.6,40.0,191.74,3.469999999999999,78.0,78.0,2.2252483007497914,156,0.0,1.0,0.0,190.0,
2025-03-13 07:37:46,189.55,22.0,191.06,34.0,188.25,40.0,209.61,23.0,190.3,1.509999999999991,62.0,57.0,1.9983067832517207,119,5.0,-37.0,0.04,190.0,4.0
2025-03-13 07:37:47,189.0,12.0,190.6,15.0,188.0,36.0,191.8,15.0,189.8,1.5999999999999943,48.0,30.0,1.2536267387025029,78,18.0,-41.0,0.23,190.0,2.0
2025-03-13 07:37:48,190.08,24.0,191.94,33.0,188.32,44.0,275.32,53.0,191.01,1.8599999999999848,68.0,86.0,1.0614753883109511,154,-18.0,76.0,-0.12,192.0,2.0
2025-03-13 07:37:49,189.0,18.0,190.0,18.0,188.0,54.0,192.78,9.0,189.5,1.0,72.0,27.0,0.91148230920292,99,45.0,-55.0,0.45,192.0,
2025-03-13 07:37:50,188.12,48.0,197.08,25.0,129.32,50.0,286.24,29.0,192.6,8.960000000000008,98.0,54.0,1.2348360214983511,152,44.0,53.0,0.29,190.33,3.0
2025-03-13 07:37:51,189.71,14.0,204.6,25.0,169.03,31.0,622.8,10.0,197.16,14.889999999999986,45.0,35.0,3.124688784501572,80,10.0,-72.0,0.12,190.33,
2025-03-13 07:37:52,193.1,40.0,227.29,56.0,188.84,50.0,337.2,35.0,210.19,34.19,90.0,91.0,8.387035829182448,181,-1.0,101.0,-0.01,190.33,
2025-03-13 07:37:53,194.0,56.0,286.46,56.0,191.0,28.0,445.64,28.0,240.23,92.45999999999998,84.0,84.0,20.731522616537124,168,0.0,-13.0,0.0,190.33,
2025-03-13 07:37:54,194.0,47.0,367.75,32.0,191.0,16.0,370.0,16.0,280.88,173.75,63.0,48.0,36.72732048489232,111,15.0,-57.0,0.14,190.33,
2025-03-13 07:37:55,194.0,65.0,315.67,45.0,191.0,26.0,334.67,42.0,254.83,121.67000000000002,91.0,87.0,33.76097258670124,178,4.0,67.0,0.02,194.0,2.0
2025-03-13 07:37:56,194.0,144.0,253.61,18.0,191.37,41.0,256.0,72.0,223.81,59.610000000000014,185.0,90.0,27.487031851402094,275,95.0,97.0,0.35,194.0,
2025-03-13 07:37:57,194.0,112.0,251.1,20.0,192.0,42.0,252.32,50.0,222.55,57.1,154.0,70.0,24.28125202702681,224,84.0,-51.0,0.38,194.0,
2025-03-13 07:37:58,194.0,81.0,249.13,15.0,192.0,36.0,250.02,45.0,221.57,55.13,117.0,60.0,26.432635509914498,177,57.0,-47.0,0.32,194.0,5.0
2025-03-13 07:37:59,194.0,33.0,247.45,11.0,192.0,33.0,250.0,44.0,220.73,53.44999999999999,66.0,55.0,14.65323582011808,121,11.0,-56.0,0.09,194.0,
2025-03-13 07:38:00,194.0,20.0,246.43,14.0,192.0,24.0,249.77,26.0,220.21,52.43000000000001,44.0,40.0,1.4426642020895033,84,4.0,-37.0,0.05,194.0,1.0
2025-03-13 07:38:01,194.0,14.0,226.8,20.0,192.0,24.0,246.08,26.0,210.4,32.80000000000001,38.0,46.0,4.939182118528347,84,-8.0,0.0,-0.1,194.0,2.0
2025-03-13 07:38:02,194.0,10.0,212.2,40.0,192.84,38.0,231.77,13.0,203.1,18.19999999999999,48.0,53.0,8.150274228514625,101,-5.0,17.0,-0.05,194.0,
2025-03-13 07:38:03,193.57,23.0,207.34,44.0,192.71,51.0,214.38,26.0,200.45,13.77000000000001,74.0,70.0,9.40168974174266,144,4.0,43.0,0.03,193.5,4.0
2025-03-13 07:38:04,193.0,18.0,204.6,30.0,192.0,27.0,205.4,15.0,198.8,11.599999999999994,45.0,45.0,8.811700743896642,90,0.0,-54.0,0.0,193.5,
2025-03-13 07:38:05,192.69,26.0,202.02,49.0,191.52,33.0,203.25,16.0,197.36,9.330000000000013,59.0,65.0,5.146350162978423,124,-6.0,34.0,-0.05,192.4,5.0
2025-03-13 07:38:06,191.0,8.0,196.4,5.0,190.0,8.0,199.22,9.0,193.7,5.400000000000006,16.0,14.0,3.508079246537587,30,2.0,-94.0,0.07,192.4,
2025-03-13 07:38:07,189.13,95.0,192.57,23.0,188.31,39.0,195.64,25.0,190.85,3.4399999999999977,134.0,48.0,3.906260359984668,182,86.0,152.0,0.47,189.86,7.0
2025-03-13 07:38:08,189.0,57.0,191.38,29.0,188.0,33.0,195.05,19.0,190.19,2.3799999999999955,90.0,48.0,3.830672264758156,138,42.0,-44.0,0.3,189.0,4.0
2025-03-13 07:38:09,188.8,45.0,191.14,14.0,187.52,58.0,195.4,50.0,189.97,2.339999999999975,103.0,64.0,3.141739963775979,167,39.0,29.0,0.23,189.0,
2025-03-13 07:38:10,188.59,34.0,190.3,10.0,186.7,60.0,195.0,30.0,189.44,1.710000000000008,94.0,40.0,1.6821563542033622,134,54.0,-33.0,0.4,189.0,4.0
2025-03-13 07:38:11,188.64,28.0,195.0,24.0,187.3,50.0,368.32,25.0,191.82,6.360000000000014,78.0,49.0,0.9158220351065428,127,29.0,-7.0,0.23,189.0,1.0
2025-03-13 07:38:12,188.89,47.0,194.03,32.0,187.62,73.0,277.33,45.0,191.46,5.140000000000015,120.0,77.0,1.0168234851667788,197,43.0,70.0,0.22,194.0,1.0
2025-03-13 07:38:13,189.33,12.0,193.0,10.0,188.35,23.0,194.0,15.0,191.17,3.669999999999988,35.0,25.0,1.018268137568264,60,10.0,-137.0,0.17,190.0,2.0
2025-03-13 07:38:14,188.17,36.0,192.5,16.0,187.14,70.0,194.0,24.0,190.33,4.3300000000000125,106.0,40.0,0.958347536119726,146,66.0,86.0,0.45,190.0,
2025-03-13 07:38:15,188.0,80.0,192.42,31.0,187.0,160.0,196.54,52.0,190.21,4.419999999999988,240.0,83.0,0.7046062730254197,323,157.0,172.0,0.49,191.67,3.0
2025-03-13 07:38:16,187.34,68.0,194.64,22.0,185.82,55.0,200.0,34.0,190.99,7.299999999999983,123.0,56.0,0.5414055780898104,179,67.0,-144.0,0.37,187.83,6.0
2025-03-13 07:38:17,187.0,90.0,192.3,30.0,174.0,10.0,195.6,30.0,189.65,5.300000000000011,100.0,60.0,0.6164414002861306,160,40.0,-19.0,0.25,187.83,
2025-03-13 07:38:18,187.0,108.0,189.67,36.0,145.52,62.0,197.0,36.0,188.33,2.6699999999999875,170.0,72.0,0.9995599031507162,242,98.0,82.0,0.4,187.83,
2025-03-13 07:38:19,187.0,81.0,188.86,21.0,115.79,19.0,194.33,27.0,187.93,1.8600000000000136,100.0,48.0,1.2796562038245354,148,52.0,-94.0,0.35,187.83,
2025-03-13 07:38:20,187.0,63.0,197.9,20.0,176.34,68.0,248.17,36.0,192.45,10.900000000000006,131.0,56.0,1.877125461972808,187,75.0,39.0,0.4,188.0,7.0
2025-03-13 07:38:21,187.0,24.0,199.0,15.0,180.68,25.0,260.0,25.0,193.0,12.0,49.0,40.0,2.336069348282844,89,9.0,-98.0,0.1,187.0,3.0
2025-03-13 07:38:22,188.64,66.0,199.0,30.0,115.83,52.0,418.7,50.0,193.82,10.360000000000014,118.0,80.0,2.7637167003849443,198,38.0,109.0,0.19,187.0,
2025-03-13 07:38:23,190.0,8.0,198.62,24.0,189.0,72.0,395.39,36.0,194.31,8.620000000000005,80.0,60.0,2.5475419525469443,140,20.0,-58.0,0.14,187.0,
2025-03-13 07:38:24,192.0,16.0,196.52,29.0,189.16,80.0,198.25,36.0,194.26,4.52000000000001,96.0,65.0,0.816314890215012,161,31.0,21.0,0.19,187.0,
2025-03-13 07:38:25,193.4,15.0,194.88,34.0,189.13,93.0,195.77,26.0,194.14,1.4799999999999898,108.0,60.0,0.541183887404971,168,48.0,7.0,0.29,194.0,2.0
2025-03-13 07:38:26,189.08,50.0,193.91,22.0,188.14,70.0,200.66,32.0,191.49,4.829999999999984,120.0,54.0,1.1970505419516468,174,66.0,6.0,0.38,189.4,10.0
2025-03-13 07:38:27,188.09,32.0,191.07,30.0,167.41,64.0,193.43,28.0,189.58,2.9799999999999898,96.0,58.0,2.137879790817691,154,38.0,-20.0,0.25,188.14,7.0
2025-03-13 07:38:28,187.0,8.0,189.5,16.0,153.0,18.0,192.0,16.0,188.25,2.5,26.0,32.0,2.684516716279993,58,-6.0,-96.0,-0.1,188.14,
2025-03-13 07:38:29,161.29,14.0,189.22,18.0,138.89,38.0,194.19,31.0,175.25,27.930000000000007,52.0,49.0,7.325781187012539,101,3.0,43.0,0.03,187.0,1.0
2025-03-13 07:38:31,191.21,19.0,197.0,45.0,167.88,32.0,253.0,15.0,194.11,5.789999999999992,51.0,60.0,13.05642064273312,111,-9.0,-30.0,-0.08,187.0,
2025-03-13 07:38:32,192.04,47.0,347.89,36.0,174.59,39.0,492.42,12.0,269.97,155.85,86.0,48.0,42.104674324829865,134,38.0,23.0,0.28,190.8,5.0
2025-03-13 07:38:33,194.0,35.0,407.6,25.0,189.0,30.0,534.18,17.0,300.8,213.6,65.0,42.0,61.32239884414165,107,23.0,-27.0,0.21,194.0,1.0
2025-03-13 07:38:34,194.0,54.0,445.25,40.0,189.0,54.0,628.12,41.0,319.62,251.25,108.0,81.0,68.30440783726907,189,27.0,82.0,0.14,194.0,
2025-03-13 07:38:36,194.0,48.0,307.44,18.0,189.0,48.0,590.25,16.0,250.72,113.44,96.0,34.0,38.643064448875904,130,62.0,-56.0,0.48,194.0,
2025-03-13 07:38:37,194.0,48.0,479.0,18.0,189.0,48.0,556.4,20.0,336.5,285.0,96.0,38.0,38.12568714134835,134,58.0,4.0,0.43,194.0,
2025-03-13 07:38:38,192.15,54.0,459.78,36.0,156.33,54.0,518.0,9.0,325.96,267.63,108.0,45.0,38.08970438320537,153,63.0,19.0,0.41,193.44,9.0
2025-03-13 07:38:39,189.0,21.0,287.2,30.0,111.86,29.0,421.58,19.0,238.1,98.2,50.0,49.0,51.35195322477985,99,1.0,-54.0,0.01,189.0,3.0
2025-03-13 07:38:40,189.0,20.0,388.38,26.0,188.0,10.0,445.39,31.0,288.69,199.38,30.0,57.0,43.79924634054768,87,-27.0,-12.0,-0.31,189.0,
2025-03-13 07:38:41,190.17,12.0,452.2,15.0,163.92,13.0,670.33,9.0,321.18,262.03,25.0,24.0,39.97665919008213,49,1.0,-38.0,0.02,192.0,5.0
2025-03-13 07:38:43,175.11,61.0,352.15,34.0,131.43,21.0,415.38,13.0,263.63,177.03999999999996,82.0,47.0,44.25801091327964,129,35.0,41.0,0.27,193.25,8.0
2025-03-13 07:38:45,193.98,129.0,315.71,28.0,150.29,14.0,337.6,25.0,254.85,121.73,143.0,53.0,47.30743630762485,196,90.0,-33.0,0.46,193.25,
2025-03-13 07:38:46,194.0,240.0,288.49,45.0,191.0,15.0,297.8,40.0,241.24,94.49,255.0,85.0,45.69229989834157,340,170.0,144.0,0.5,193.25,
2025-03-13 07:38:47,194.0,180.0,294.07,27.0,191.0,12.0,295.67,33.0,244.04,100.07,192.0,60.0,10.521695205621036,252,132.0,-88.0,0.52,194.0,4.0
2025-03-13 07:38:48,194.0,84.0,241.31,16.0,191.0,7.0,261.33,15.0,217.66,47.31,91.0,31.0,13.574169219513625,122,60.0,-130.0,0.49,194.0,
2025-03-13 07:38:49,194.0,144.0,234.69,29.0,191.44,18.0,235.8,35.0,214.34,40.69,162.0,64.0,17.610689367540168,226,98.0,104.0,0.43,194.0,
2025-03-13 07:38:50,194.0,132.0,229.18,22.0,192.0,44.0,234.0,33.0,211.59,35.18000000000001,176.0,55.0,15.577252004124304,231,121.0,5.0,0.52,194.0,
2025-03-13 07:38:51,194.0,144.0,226.88,32.0,192.0,48.0,229.88,32.0,210.44,32.879999999999995,192.0,64.0,13.935651402069311,256,128.0,25.0,0.5,194.0,
2025-03-13 07:38:52,194.0,160.0,223.25,36.0,192.0,56.0,225.0,39.0,208.62,29.25,216.0,75.0,3.540225981487437,291,141.0,35.0,0.48,194.0,1.0
2025-03-13 07:38:53,194.0,132.0,218.94,34.0,192.0,48.0,220.0,28.0,206.47,24.94,180.0,62.0,2.978937730131244,242,118.0,-49.0,0.49,194.0,
2025-03-13 07:38:54,194.0,209.0,217.42,36.0,193.0,24.0,218.5,36.0,205.71,23.419999999999987,233.0,72.0,2.5104441838049447,305,161.0,63.0,0.53,194.0,
2025-03-13 07:38:55,194.0,183.0,211.83,41.0,193.0,26.0,215.69,39.0,202.91,17.830000000000013,209.0,80.0,2.871698103910066,289,129.0,-16.0,0.45,194.0,
2025-03-13 07:38:56,194.0,230.0,207.92,61.0,193.0,36.0,212.65,49.0,200.96,13.919999999999987,266.0,110.0,3.0181666620651058,376,156.0,87.0,0.41,194.0,1.0
2025-03-13 07:38:57,194.0,120.0,209.62,40.0,193.0,20.0,210.44,45.0,201.81,15.620000000000005,140.0,85.0,2.4153095039769914,225,55.0,-151.0,0.24,194.0,
2025-03-13 07:38:58,194.0,180.0,207.78,45.0,193.0,30.0,209.48,69.0,200.89,13.78,210.0,114.0,1.993885653692785,324,96.0,99.0,0.3,194.0,
2025-03-13 07:38:59,194.04,100.0,203.18,34.0,193.75,64.0,204.37,38.0,198.61,9.140000000000017,164.0,72.0,1.5829971572944286,236,92.0,-88.0,0.39,194.0,
2025-03-13 07:39:00,195.0,14.0,199.69,52.0,194.0,168.0,201.09,44.0,197.35,4.689999999999998,182.0,96.0,1.86517559495147,278,86.0,42.0,0.31,194.0,
2025-03-13 07:39:01,194.05,93.0,197.29,63.0,193.73,82.0,198.29,58.0,195.67,3.2399999999999807,175.0,121.0,2.5170379417090376,296,54.0,18.0,0.18,194.14,7.0
2025-03-13 07:39:02,192.04,150.0,194.11,57.0,190.33,144.0,204.61,49.0,193.07,2.0700000000000216,294.0,106.0,2.957654476101504,400,188.0,104.0,0.47,193.0,10.0
2025-03-13 07:39:03,192.0,70.0,205.41,29.0,189.66,29.0,281.97,33.0,198.71,13.409999999999997,99.0,62.0,2.3636243356344493,161,37.0,-172.0,0.23,192.17,6.0
2025-03-13 07:39:04,192.13,62.0,228.87,62.0,190.37,87.0,330.85,59.0,210.5,36.74000000000001,149.0,121.0,6.732243311111302,270,28.0,109.0,0.1,192.0,1.0
2025-03-13 07:39:05,193.57,7.0,296.0,24.0,192.0,24.0,405.0,12.0,244.79,102.43,31.0,36.0,21.32774296544293,67,-5.0,-172.0,-0.07,193.0,1.0
2025-03-13 07:39:06,191.11,38.0,238.29,49.0,190.52,69.0,437.32,28.0,214.7,47.17999999999998,107.0,77.0,20.118812837739696,184,30.0,117.0,0.16,192.6,5.0
2025-03-13 07:39:07,190.01,190.0,216.85,52.0,188.31,89.0,244.19,73.0,203.43,26.840000000000003,279.0,125.0,18.06492264029932,404,154.0,172.0,0.38,192.6,
2025-03-13 07:39:08,192.78,9.0,215.0,18.0,190.05,74.0,340.15,39.0,203.89,22.22,83.0,57.0,17.05882381642999,140,26.0,-172.0,0.19,192.6,
2025-03-13 07:39:09,195.0,9.0,214.78,18.0,190.01,113.0,305.38,40.0,204.89,19.78,122.0,58.0,17.641323646484103,180,64.0,40.0,0.36,192.6,
2025-03-13 07:39:10,195.0,7.0,213.0,14.0,190.0,98.0,385.68,19.0,204.0,18.0,105.0,33.0,4.790967543200433,138,72.0,-42.0,0.52,192.6,
2025-03-13 07:39:11,190.45,66.0,213.0,24.0,189.07,87.0,410.17,24.0,201.73,22.55000000000001,153.0,48.0,1.1654698623303756,201,105.0,63.0,0.52,191.2,5.0
2025-03-13 07:39:12,190.88,64.0,213.0,14.0,188.73,55.0,579.0,14.0,201.94,22.120000000000005,119.0,28.0,1.3856586881337054,147,91.0,-54.0,0.62,191.2,
2025-03-13 07:39:13,194.0,84.0,211.67,24.0,190.17,72.0,433.67,36.0,202.83,17.669999999999987,156.0,60.0,1.3515805562379375,216,96.0,69.0,0.44,191.2,
2025-03-13 07:39:14,194.0,37.0,209.5,32.0,191.0,24.0,238.0,40.0,201.75,15.5,61.0,72.0,0.9766524458580804,133,-11.0,-83.0,-0.08,194.0,5.0
2025-03-13 07:39:15,194.0,26.0,208.23,52.0,191.6,20.0,210.0,26.0,201.12,14.22999999999999,46.0,78.0,0.6170332243896375,124,-32.0,-9.0,-0.26,194.0,
2025-03-13 07:39:16,194.0,14.0,206.83,24.0,193.0,7.0,208.67,18.0,200.42,12.830000000000013,21.0,42.0,0.9045827767544192,63,-21.0,-61.0,-0.33,194.0,
2025-03-13 07:39:17,194.0,20.0,205.9,20.0,193.0,10.0,207.0,40.0,199.95,11.900000000000006,30.0,60.0,1.1331063498192957,90,-30.0,27.0,-0.33,194.0,
2025-03-13 07:39:18,194.0,30.0,204.12,32.0,193.0,15.0,205.69,58.0,199.06,10.120000000000005,45.0,90.0,1.0393988647294568,135,-45.0,45.0,-0.33,194.0,
2025-03-13 07:39:19,194.0,109.0,202.09,22.0,193.0,9.0,203.12,32.0,198.05,8.090000000000003,118.0,54.0,1.1965993481533137,172,64.0,37.0,0.37,194.0,
2025-03-13 07:39:20,194.0,225.0,200.2,30.0,193.0,15.0,201.52,46.0,197.1,6.199999999999989,240.0,76.0,1.3601213181187148,316,164.0,144.0,0.52,194.0,
2025-03-13 07:39:21,194.0,134.0,195.57,28.0,193.0,11.0,233.94,36.0,194.79,1.5699999999999932,145.0,64.0,1.988856455353445,209,81.0,-107.0,0.39,194.0,14.0
2025-03-13 07:39:22,194.0,8.0,425.25,36.0,193.0,8.0,477.03,31.0,309.62,231.25,16.0,67.0,50.27823515200191,83,-51.0,-126.0,-0.61,194.0,
2025-03-13 07:39:23,190.09,45.0,310.0,40.0,189.11,36.0,311.0,32.0,250.04,119.91,81.0,72.0,50.20923869169896,153,9.0,70.0,0.06,191.0,9.0
2025-03-13 07:39:24,190.0,40.0,309.1,50.0,189.0,50.0,445.22,36.0,249.55,119.10000000000002,90.0,86.0,47.23097659375677,176,4.0,23.0,0.02,191.0,
2025-03-13 07:39:25,190.0,44.0,307.11,45.0,189.0,55.0,350.95,39.0,248.56,117.11,99.0,84.0,40.63143942810788,183,15.0,7.0,0.08,191.0,
2025-03-13 07:39:26,190.0,44.0,304.05,37.0,189.0,55.0,306.65,51.0,247.03,114.05,99.0,88.0,27.22606747218551,187,11.0,4.0,0.06,191.0,
2025-03-13 07:39:27,193.46,26.0,301.58,45.0,189.78,46.0,302.84,43.0,247.52,108.11999999999998,72.0,88.0,1.2836471477780749,160,-16.0,-27.0,-0.1,191.0,
2025-03-13 07:39:28,195.0,16.0,299.0,28.0,191.91,11.0,301.5,36.0,247.0,104.0,27.0,64.0,1.1027556392958888,91,-37.0,-69.0,-0.41,191.0,
2025-03-13 07:39:29,192.14,28.0,295.71,35.0,190.5,24.0,296.92,37.0,243.93,103.57,52.0,72.0,1.728111686205226,124,-20.0,33.0,-0.16,193.0,5.0
2025-03-13 07:39:30,191.0,36.0,291.77,43.0,190.0,44.0,294.0,45.0,241.38,100.76999999999998,80.0,88.0,2.647105966900331,168,-8.0,44.0,-0.05,191.0,1.0
2025-03-13 07:39:31,190.96,47.0,210.05,74.0,189.74,62.0,244.78,55.0,200.51,19.090000000000003,109.0,129.0,20.031579318665845,238,-20.0,70.0,-0.08,192.2,5.0
2025-03-13 07:39:32,190.96,107.0,209.17,60.0,189.9,49.0,292.0,36.0,200.06,18.20999999999998,156.0,96.0,24.08315863835147,252,60.0,14.0,0.24,191.0,5.0
2025-03-13 07:39:33,190.38,47.0,207.14,43.0,189.2,49.0,208.22,45.0,198.76,16.75999999999999,96.0,88.0,23.511511435890394,184,8.0,-68.0,0.04,190.0,1.0
2025-03-13 07:39:34,194.2,75.0,204.9,21.0,189.66,29.0,206.16,43.0,199.55,10.700000000000015,104.0,64.0,18.64225496017061,168,40.0,-16.0,0.24,190.0,
2025-03-13 07:39:35,195.0,99.0,200.42,19.0,190.38,21.0,202.92,25.0,197.71,5.419999999999988,120.0,44.0,1.1093105967251915,164,76.0,-4.0,0.46,190.0,
2025-03-13 07:39:36,195.0,101.0,197.56,27.0,194.0,11.0,198.76,17.0,196.28,2.5600000000000023,112.0,44.0,1.5126367706779045,156,68.0,-8.0,0.44,195.0,8.0
2025-03-13 07:39:37,195.0,80.0,196.68,22.0,194.0,12.0,201.79,42.0,195.84,1.6800000000000068,92.0,64.0,1.5808447109083656,156,28.0,0.0,0.18,195.0,1.0
2025-03-13 07:39:38,193.41,32.0,366.28,32.0,190.82,17.0,444.94,35.0,279.84,172.86999999999998,49.0,67.0,36.92131674249991,116,-18.0,-40.0,-0.16,194.0,9.0
2025-03-13 07:39:41,190.0,13.0,396.47,19.0,189.0,26.0,421.04,23.0,293.24,206.47000000000003,39.0,42.0,59.00308661417635,81,-3.0,15.0,-0.04,194.0,
2025-03-13 07:39:42,193.8,10.0,267.33,15.0,190.08,12.0,282.12,16.0,230.57,73.52999999999997,22.0,31.0,45.75081059391184,53,-9.0,-28.0,-0.17,194.0,
2025-03-13 07:39:43,192.5,8.0,223.75,8.0,190.25,8.0,249.0,16.0,208.12,31.25,16.0,24.0,61.02205232536837,40,-8.0,-13.0,-0.2,194.0,
2025-03-13 07:39:44,191.0,10.0,220.88,17.0,190.0,10.0,242.38,13.0,205.94,29.879999999999995,20.0,30.0,58.84655784325872,50,-10.0,10.0,-0.2,194.0,
2025-03-13 07:39:45,192.6,10.0,219.7,20.0,190.0,10.0,221.0,10.0,206.15,27.099999999999994,20.0,30.0,37.479697570818175,50,-10.0,0.0,-0.2,194.0,
2025-03-13 07:39:46,194.5,12.0,217.0,15.0,193.0,12.0,218.05,21.0,205.75,22.5,24.0,36.0,10.810870917738006,60,-12.0,10.0,-0.2,194.0,
2025-03-13 07:39:47,195.0,10.0,213.14,14.0,193.8,10.0,213.82,11.0,204.07,18.139999999999983,20.0,25.0,1.4411557861637538,45,-5.0,-15.0,-0.11,194.0,
2025-03-13 07:39:48,190.8,20.0,209.86,21.0,189.8,20.0,210.59,17.0,200.33,19.06,40.0,38.0,2.445346601198515,78,2.0,33.0,0.03,191.8,5.0
2025-03-13 07:39:49,193.67,120.0,205.25,24.0,189.19,54.0,206.39,36.0,199.46,11.580000000000013,174.0,60.0,3.0892911808363217,234,114.0,156.0,0.49,191.8,
2025-03-13 07:39:50,194.0,56.0,201.75,8.0,189.0,16.0,205.0,16.0,197.88,7.75,72.0,24.0,3.2902233966697474,96,48.0,-138.0,0.5,191.8,
2025-03-13 07:39:51,194.42,73.0,197.36,11.0,192.72,47.0,199.17,12.0,195.89,2.940000000000026,120.0,23.0,3.05075892197221,143,97.0,47.0,0.68,195.0,1.0
2025-03-13 07:39:52,193.83,60.0,196.36,11.0,192.61,41.0,201.57,14.0,195.1,2.530000000000001,101.0,25.0,2.2404173718289875,126,76.0,-17.0,0.6,195.0,6.0
2025-03-13 07:39:53,193.0,71.0,195.5,16.0,191.0,12.0,196.2,20.0,194.25,2.5,83.0,36.0,2.1248129329409355,119,47.0,-7.0,0.39,193.0,4.0
2025-03-13 07:39:54,193.0,121.0,194.23,26.0,191.0,16.0,289.41,29.0,193.62,1.2299999999999898,137.0,55.0,1.655134435625395,192,82.0,73.0,0.43,193.0,1.0
2025-03-13 07:39:55,193.0,55.0,310.46,13.0,191.0,8.0,559.73,15.0,251.73,117.45999999999998,63.0,28.0,25.512312125716743,91,35.0,-101.0,0.38,193.67,3.0
2025-03-13 07:39:58,193.0,11.0,415.0,11.0,191.0,11.0,480.42,12.0,304.0,222.0,22.0,23.0,74.09549459987429,45,-1.0,-18.0,-0.02,193.0,2.0
2025-03-13 07:39:59,189.71,21.0,340.31,13.0,183.5,16.0,348.62,13.0,265.01,150.6,37.0,26.0,53.73126417645505,63,11.0,18.0,0.17,190.0,5.0
2025-03-13 07:40:00,169.87,46.0,208.73,30.0,142.58,36.0,216.29,24.0,189.3,38.85999999999999,82.0,54.0,73.93304051640241,136,28.0,73.0,0.21,188.67,3.0
2025-03-13 07:40:01,166.91,44.0,182.33,30.0,161.05,106.0,183.23,26.0,174.62,15.420000000000016,150.0,56.0,74.00323709135974,206,94.0,70.0,0.46,188.67,
2025-03-13 07:40:02,166.0,12.0,180.45,20.0,163.0,288.0,184.81,59.0,173.22,14.449999999999989,300.0,79.0,59.71712149794231,379,221.0,172.0,0.58,180.0,5.0
2025-03-13 07:40:05,150.8,30.0,186.0,42.0,77.97,37.0,450.44,18.0,168.4,35.19999999999999,67.0,60.0,25.130909255337468,127,7.0,-172.0,0.06,180.0,
2025-03-13 07:40:06,170.35,34.0,186.0,40.0,139.96,100.0,450.0,16.0,178.18,15.650000000000006,134.0,56.0,25.65399228190432,190,78.0,63.0,0.41,186.0,1.0
2025-03-13 07:40:07,179.92,24.0,186.0,40.0,175.88,34.0,356.88,25.0,182.96,6.0800000000000125,58.0,65.0,27.065853025537667,123,-7.0,-67.0,-0.06,186.0,
2025-03-13 07:40:08,181.0,54.0,186.0,39.0,180.0,18.0,187.0,45.0,183.5,5.0,72.0,84.0,28.337526356406038,156,-12.0,33.0,-0.08,186.0,4.0
2025-03-13 07:40:09,184.64,168.0,187.0,65.0,181.3,46.0,360.77,57.0,185.82,2.3600000000000136,214.0,122.0,6.937155036468964,336,92.0,172.0,0.27,186.0,
2025-03-13 07:40:10,186.49,175.0,362.84,51.0,125.63,60.0,437.02,51.0,274.66,176.34999999999997,235.0,102.0,41.25733001540464,337,133.0,1.0,0.39,190.56,9.0
2025-03-13 07:40:11,195.0,28.0,446.8,25.0,180.25,8.0,456.23,13.0,320.9,251.8,36.0,38.0,64.38803553456191,74,-2.0,-172.0,-0.03,195.0,5.0
2025-03-13 07:40:12,190.56,27.0,387.09,53.0,153.25,24.0,436.5,50.0,288.82,196.53,51.0,103.0,62.61090639816681,154,-52.0,80.0,-0.34,194.75,4.0
2025-03-13 07:40:13,190.0,18.0,271.4,50.0,180.0,20.0,275.93,14.0,230.7,81.39999999999998,38.0,64.0,52.71460518679815,102,-26.0,-52.0,-0.25,190.0,1.0
2025-03-13 07:40:14,190.0,10.0,231.7,50.0,181.6,20.0,303.2,50.0,210.85,41.69999999999999,30.0,100.0,44.4242544113011,130,-70.0,28.0,-0.54,190.0,
2025-03-13 07:40:15,190.0,11.0,253.47,47.0,188.0,36.0,357.86,51.0,221.73,63.47,47.0,98.0,47.78181610194411,145,-51.0,15.0,-0.35,190.0,
2025-03-13 07:40:16,190.6,10.0,241.0,45.0,188.03,66.0,242.0,45.0,215.8,50.400000000000006,76.0,90.0,31.752778618571416,166,-14.0,21.0,-0.08,190.0,
2025-03-13 07:40:17,160.43,49.0,238.31,58.0,147.08,12.0,239.76,46.0,199.37,77.88,61.0,104.0,11.74267644108474,165,-43.0,-1.0,-0.26,190.4,5.0
2025-03-13 07:40:18,180.95,65.0,235.25,60.0,133.24,54.0,236.25,60.0,208.1,54.30000000000001,119.0,120.0,8.392225568942166,239,-1.0,74.0,-0.0,190.5,2.0
2025-03-13 07:40:19,189.0,54.0,234.93,43.0,159.52,27.0,235.89,45.0,211.97,45.93000000000001,81.0,88.0,8.396495102124854,169,-7.0,-70.0,-0.04,190.5,
2025-03-13 07:40:20,190.56,81.0,231.85,46.0,186.07,45.0,232.45,42.0,211.2,41.28999999999999,126.0,88.0,6.185326992165145,214,38.0,45.0,0.18,190.5,
2025-03-13 07:40:21,191.0,66.0,226.37,35.0,189.0,54.0,227.14,35.0,208.69,35.370000000000005,120.0,70.0,5.021805452225995,190,50.0,-24.0,0.26,191.0,3.0
2025-03-13 07:40:22,193.84,114.0,221.14,71.0,189.62,87.0,222.55,89.0,207.49,27.299999999999983,201.0,160.0,1.977789169756649,361,41.0,171.0,0.11,191.0,3.0
2025-03-13 07:40:23,195.0,120.0,213.25,76.0,191.0,54.0,214.32,80.0,204.12,18.25,174.0,156.0,3.137806558729633,330,18.0,-31.0,0.05,195.0,3.0
2025-03-13 07:40:24,195.0,84.0,207.57,58.0,191.0,42.0,208.64,56.0,201.28,12.569999999999991,126.0,114.0,3.897541532813576,240,12.0,-90.0,0.05,195.0,
2025-03-13 07:40:25,195.0,84.0,203.29,42.0,191.0,42.0,204.62,52.0,199.14,8.289999999999992,126.0,94.0,4.034380993412363,220,32.0,-20.0,0.15,195.0,
2025-03-13 07:40:26,194.81,63.0,198.27,33.0,190.88,34.0,200.18,33.0,196.54,3.460000000000008,97.0,66.0,4.264244364480879,163,31.0,-57.0,0.19,195.0,
2025-03-13 07:40:27,193.76,29.0,197.0,27.0,190.27,30.0,198.22,27.0,195.38,3.240000000000009,59.0,54.0,3.5412596628893,113,5.0,-50.0,0.04,194.0,4.0
2025-03-13 07:40:28,190.34,58.0,195.29,41.0,189.73,33.0,196.6,47.0,192.82,4.949999999999989,91.0,88.0,3.286384031120942,179,3.0,66.0,0.02,195.0,1.0
2025-03-13 07:40:29,190.25,72.0,192.73,52.0,189.33,18.0,208.2,44.0,191.49,2.4799999999999898,90.0,96.0,3.0290559585465915,186,-6.0,7.0,-0.03,190.0,3.0
2025-03-13 07:40:30,191.15,27.0,194.0,33.0,182.56,27.0,314.9,20.0,192.57,2.8499999999999943,54.0,53.0,2.109822267397562,107,1.0,-79.0,0.01,191.14,7.0
2025-03-13 07:40:31,161.19,32.0,192.58,60.0,146.9,116.0,194.0,36.0,176.89,31.39000000000001,148.0,96.0,7.3730828016513295,244,52.0,137.0,0.21,188.0,1.0
2025-03-13 07:40:32,173.89,54.0,192.0,35.0,105.89,57.0,197.79,19.0,182.94,18.110000000000014,111.0,54.0,7.126855547856051,165,57.0,-79.0,0.35,191.0,3.0
2025-03-13 07:40:35,152.41,68.0,189.34,53.0,148.73,49.0,298.38,61.0,170.88,36.93000000000001,117.0,114.0,12.639566843844175,231,3.0,85.0,0.01,187.0,1.0
2025-03-13 07:40:36,166.49,70.0,188.24,45.0,157.0,46.0,189.85,54.0,177.37,21.75,116.0,99.0,12.72172669098048,215,17.0,-16.0,0.08,187.0,2.0
2025-03-13 07:40:37,167.4,45.0,187.0,30.0,160.16,74.0,188.0,40.0,177.2,19.599999999999994,119.0,70.0,11.268432455315384,189,49.0,-26.0,0.26,187.0,
2025-03-13 07:40:38,174.32,31.0,186.0,41.0,156.17,152.0,187.64,44.0,180.16,11.680000000000009,183.0,85.0,8.447090031484526,268,98.0,79.0,0.37,187.0,
2025-03-13 07:40:39,182.39,92.0,185.61,46.0,166.94,51.0,187.08,52.0,184.0,3.2200000000000277,143.0,98.0,4.80537407492961,241,45.0,-27.0,0.19,184.0,3.0
2025-03-13 07:40:40,175.3,20.0,186.0,51.0,133.5,40.0,188.0,52.0,180.65,10.699999999999989,60.0,103.0,2.7896290075932617,163,-43.0,-78.0,-0.26,186.0,1.0
2025-03-13 07:40:41,173.62,16.0,185.33,24.0,140.27,11.0,187.33,33.0,179.48,11.710000000000008,27.0,57.0,2.455324825762536,84,-30.0,-79.0,-0.36,185.67,3.0
2025-03-13 07:40:42,172.8,30.0,182.0,20.0,96.63,27.0,183.0,60.0,177.4,9.199999999999989,57.0,80.0,2.393077516505848,137,-23.0,53.0,-0.17,185.67,
2025-03-13 07:40:43,173.0,20.0,180.7,10.0,118.8,10.0,183.0,40.0,176.85,7.699999999999989,30.0,50.0,2.865768657795973,80,-20.0,-57.0,-0.25,185.67,
2025-03-13 07:40:45,175.74,76.0,181.79,43.0,174.39,41.0,184.91,46.0,178.76,6.049999999999983,117.0,89.0,1.3356533981559404,206,28.0,130.0,0.14,178.2,5.0
2025-03-13 07:40:46,177.04,56.0,182.31,52.0,176.61,61.0,183.92,52.0,179.67,5.27000000000001,117.0,104.0,1.3983382995561278,221,13.0,15.0,0.06,178.2,
2025-03-13 07:40:47,179.5,24.0,182.1,41.0,177.0,84.0,183.1,42.0,180.8,2.5999999999999943,108.0,83.0,1.8985125756775052,191,25.0,-30.0,0.13,182.33,6.0
2025-03-13 07:40:48,181.77,26.0,184.15,26.0,177.0,91.0,281.56,27.0,182.96,2.3799999999999955,117.0,53.0,2.4742008810938927,170,64.0,-21.0,0.38,184.0,3.0
2025-03-13 07:40:49,175.51,73.0,181.74,31.0,158.4,70.0,212.2,40.0,178.62,6.230000000000018,143.0,71.0,1.790340749691486,214,72.0,44.0,0.34,179.6,5.0
2025-03-13 07:40:50,170.5,16.0,181.9,30.0,136.83,35.0,184.93,41.0,176.2,11.400000000000006,51.0,71.0,2.5120907626926656,122,-20.0,-92.0,-0.16,179.6,
2025-03-13 07:40:52,172.39,41.0,180.64,22.0,171.29,14.0,182.78,41.0,176.51,8.25,55.0,63.0,3.02850127951196,118,-8.0,30.0,-0.07,180.33,9.0
2025-03-13 07:40:53,174.64,25.0,185.0,28.0,173.4,10.0,186.0,77.0,179.82,10.360000000000014,35.0,105.0,1.814001102537004,140,-70.0,22.0,-0.5,180.33,
2025-03-13 07:40:54,175.68,37.0,185.0,40.0,174.9,31.0,186.0,110.0,180.34,9.319999999999991,68.0,150.0,2.2342067943692085,218,-82.0,78.0,-0.38,180.33,
2025-03-13 07:40:55,178.39,41.0,184.54,52.0,176.06,34.0,185.76,101.0,181.46,6.150000000000006,75.0,153.0,2.5784840507565194,228,-78.0,10.0,-0.34,180.33,
2025-03-13 07:40:56,181.1,10.0,184.0,40.0,179.0,40.0,185.0,40.0,182.55,2.9000000000000057,50.0,80.0,2.2841694332965057,130,-30.0,-98.0,-0.23,180.33,
2025-03-13 07:40:57,180.23,26.0,184.0,26.0,175.03,31.0,185.0,32.0,182.12,3.77000000000001,57.0,58.0,1.1579810015739869,115,-1.0,-15.0,-0.01,184.0,1.0
2025-03-13 07:40:58,182.6,40.0,184.0,31.0,180.8,40.0,185.0,40.0,183.3,1.4000000000000057,80.0,71.0,1.1228891307722404,151,9.0,36.0,0.06,184.0,1.0
2025-03-13 07:40:59,183.0,32.0,184.0,30.0,135.33,27.0,185.0,32.0,183.5,1.0,59.0,62.0,0.8413560482973677,121,-3.0,-30.0,-0.02,184.0,6.0
2025-03-13 07:41:00,183.0,20.0,184.0,5.0,98.0,15.0,185.0,20.0,183.5,1.0,35.0,25.0,0.6258434309047671,60,10.0,-61.0,0.17,184.0,
2025-03-13 07:41:03,186.0,10.0,237.86,21.0,136.08,39.0,418.07,28.0,211.93,51.860000000000014,49.0,49.0,22.936412753523737,98,0.0,-4.0,0.0,188.0,2.0
2025-03-13 07:41:06,142.0,24.0,186.0,8.0,101.75,40.0,347.27,22.0,164.0,44.0,64.0,30.0,21.833483002031667,94,34.0,23.0,0.36,188.0,
2025-03-13 07:41:11,179.0,36.0,181.73,44.0,177.62,32.0,190.46,39.0,180.36,2.7299999999999898,68.0,83.0,6.206292774273961,151,-15.0,-131.0,-0.1,181.14,7.0
2025-03-13 07:41:12,180.8,45.0,184.0,27.0,180.31,32.0,276.0,27.0,182.4,3.1999999999999886,77.0,54.0,6.142975663308885,131,23.0,-20.0,0.18,181.14,
2025-03-13 07:41:13,183.0,14.0,185.14,21.0,172.95,57.0,257.71,21.0,184.07,2.1399999999999864,71.0,42.0,4.219102985233505,113,29.0,-18.0,0.26,184.0,6.0
2025-03-13 07:41:14,187.77,44.0,329.71,21.0,162.11,55.0,475.81,27.0,258.74,141.93999999999997,99.0,48.0,34.93719722587964,147,51.0,34.0,0.35,191.14,7.0
2025-03-13 07:41:15,184.0,99.0,288.89,19.0,143.28,25.0,469.84,25.0,236.45,104.89,124.0,44.0,36.65756579479896,168,80.0,21.0,0.48,185.0,1.0
2025-03-13 07:41:16,184.98,52.0,382.06,34.0,160.38,78.0,467.63,30.0,283.52,197.08,130.0,64.0,45.007385282862415,194,66.0,26.0,0.34,185.0,
2025-03-13 07:41:17,188.81,58.0,265.78,27.0,187.49,61.0,378.31,39.0,227.29,76.96999999999997,119.0,66.0,37.17448224252792,185,53.0,-9.0,0.29,188.0,3.0
2025-03-13 07:41:18,190.0,30.0,274.0,30.0,188.28,64.0,480.0,30.0,232.0,84.0,94.0,60.0,23.422876638022625,154,34.0,-31.0,0.22,188.0,
2025-03-13 07:41:19,190.0,21.0,394.7,20.0,189.0,42.0,543.29,17.0,292.35,204.7,63.0,37.0,31.01234060821641,100,26.0,-54.0,0.26,188.0,
2025-03-13 07:41:21,190.0,30.0,269.56,16.0,189.0,60.0,405.83,12.0,229.78,79.56,90.0,28.0,67.29176717845976,118,62.0,4.0,0.53,191.0,2.0
2025-03-13 07:41:22,192.6,30.0,321.2,25.0,189.29,34.0,358.4,10.0,256.9,128.6,64.0,35.0,63.47056940031368,99,29.0,-19.0,0.29,191.8,5.0
2025-03-13 07:41:23,193.0,50.0,319.18,34.0,190.0,16.0,336.11,19.0,256.09,126.18,66.0,53.0,59.839790524366286,119,13.0,20.0,0.11,191.8,
2025-03-13 07:41:24,195.0,28.0,304.09,11.0,193.78,23.0,318.73,22.0,249.55,109.08999999999996,51.0,33.0,61.322362397416114,84,18.0,-35.0,0.21,191.8,
2025-03-13 07:41:25,195.0,40.0,316.44,32.0,194.0,30.0,318.14,28.0,255.72,121.44,70.0,60.0,11.464064288027354,130,10.0,46.0,0.08,191.8,
2025-03-13 07:41:26,195.0,32.0,313.5,28.0,194.0,24.0,316.2,20.0,254.25,118.5,56.0,48.0,2.93008020368484,104,8.0,-26.0,0.08,191.8,
2025-03-13 07:41:27,195.0,84.0,313.14,28.0,194.0,27.0,314.23,26.0,254.07,118.14,111.0,54.0,2.6065264241947816,165,57.0,61.0,0.35,191.8,
2025-03-13 07:41:28,195.0,160.0,309.25,32.0,194.0,57.0,312.0,64.0,252.12,114.25,217.0,96.0,2.3812748686418805,313,121.0,148.0,0.39,191.8,
2025-03-13 07:41:29,195.0,94.0,302.43,14.0,194.0,60.0,309.86,28.0,248.71,107.43,154.0,42.0,2.70559235658762,196,112.0,-117.0,0.57,195.0,3.0
2025-03-13 07:41:30,193.57,70.0,293.83,42.0,190.81,96.0,296.84,31.0,243.7,100.26,166.0,73.0,4.439915539739993,239,93.0,43.0,0.39,194.7,10.0
2025-03-13 07:41:31,193.0,47.0,289.19,36.0,191.0,66.0,290.08,48.0,241.1,96.19,113.0,84.0,5.486469721052323,197,29.0,-42.0,0.15,193.0,2.0
2025-03-13 07:41:32,193.0,21.0,289.0,21.0,191.0,42.0,290.0,35.0,241.0,96.0,63.0,56.0,4.920038617736981,119,7.0,-78.0,0.06,193.0,
2025-03-13 07:41:33,191.55,53.0,285.05,41.0,190.47,114.0,288.47,47.0,238.3,93.5,167.0,88.0,3.931757876576632,255,79.0,136.0,0.31,193.0,3.0
2025-03-13 07:41:34,193.0,16.0,225.68,63.0,191.0,96.0,240.31,68.0,209.34,32.68000000000001,112.0,131.0,14.298067002221671,243,-19.0,-12.0,-0.08,193.0,
2025-03-13 07:41:35,193.91,11.0,205.72,29.0,191.0,66.0,206.7,40.0,199.82,11.810000000000002,77.0,69.0,19.793997069819387,146,8.0,-97.0,0.05,193.0,
2025-03-13 07:41:36,194.0,13.0,204.39,31.0,191.0,78.0,205.53,34.0,199.19,10.389999999999986,91.0,65.0,20.6113415380954,156,26.0,10.0,0.17,193.0,
2025-03-13 07:41:37,191.94,64.0,199.64,61.0,190.58,104.0,199.94,63.0,195.79,7.699999999999989,168.0,124.0,17.409103078562524,292,44.0,136.0,0.15,192.0,3.0
2025-03-13 07:41:38,192.04,107.0,194.78,69.0,190.57,92.0,197.23,57.0,193.41,2.740000000000009,199.0,126.0,6.080209700332132,325,73.0,33.0,0.22,193.0,7.0
2025-03-13 07:41:39,191.0,28.0,192.51,59.0,190.0,104.0,194.71,35.0,191.75,1.509999999999991,132.0,94.0,3.5207556007215484,226,38.0,-99.0,0.17,191.0,4.0
2025-03-13 07:41:40,190.0,67.0,195.1,20.0,189.0,54.0,260.0,10.0,192.55,5.099999999999994,121.0,30.0,3.0085744132415613,151,91.0,-75.0,0.6,190.0,1.0
2025-03-13 07:41:41,190.0,97.0,192.14,42.0,188.0,49.0,193.59,34.0,191.07,2.1399999999999864,146.0,76.0,1.830650157733975,222,70.0,71.0,0.32,190.67,3.0
2025-03-13 07:41:42,190.0,42.0,233.6,15.0,188.0,37.0,465.5,22.0,211.8,43.6,79.0,37.0,8.811224659490435,116,42.0,-106.0,0.36,191.2,5.0
2025-03-13 07:41:43,190.0,18.0,466.24,17.0,188.0,18.0,690.54,13.0,328.12,276.24,36.0,30.0,59.36945233030215,66,6.0,-50.0,0.09,191.2,
2025-03-13 07:41:44,190.0,15.0,304.0,20.0,188.0,43.0,595.33,12.0,247.0,114.0,58.0,32.0,57.18706908034387,90,26.0,24.0,0.29,191.2,
2025-03-13 07:41:45,190.0,11.0,299.74,19.0,188.0,70.0,314.67,12.0,244.87,109.74,81.0,31.0,52.25590942659045,112,50.0,22.0,0.45,190.0,2.0
2025-03-13 07:41:46,188.26,23.0,416.11,9.0,187.68,44.0,474.23,13.0,302.19,227.85,67.0,22.0,47.19787950745277,89,45.0,-23.0,0.51,190.0,1.0
2025-03-13 07:41:47,188.67,90.0,234.22,9.0,187.74,81.0,269.67,9.0,211.44,45.55000000000001,171.0,18.0,47.30290720452634,189,153.0,100.0,0.81,190.0,
2025-03-13 07:41:48,192.29,82.0,233.32,22.0,188.85,136.0,234.58,12.0,212.81,41.03,218.0,34.0,36.83826638157695,252,184.0,63.0,0.73,190.0,
2025-03-13 07:41:49,194.0,56.0,231.1,20.0,189.0,98.0,232.67,12.0,212.55,37.1,154.0,32.0,39.2035881010912,186,122.0,-66.0,0.66,190.0,
2025-03-13 07:41:50,194.0,81.0,229.56,27.0,189.0,144.0,232.0,9.0,211.78,35.56,225.0,36.0,40.27318624097201,261,189.0,75.0,0.72,190.0,
2025-03-13 07:41:51,194.0,36.0,228.0,4.0,189.0,64.0,229.0,12.0,211.0,34.0,100.0,16.0,0.7558637443419259,116,84.0,-145.0,0.72,190.0,
2025-03-13 07:41:52,194.0,54.0,226.0,16.0,189.0,96.0,227.81,16.0,210.0,32.0,150.0,32.0,1.1527228634890965,182,118.0,66.0,0.65,190.0,
2025-03-13 07:41:53,194.0,115.0,224.54,39.0,189.0,208.0,226.0,65.0,209.27,30.539999999999992,323.0,104.0,1.3202083168993692,427,219.0,172.0,0.51,194.0,2.0
2025-03-13 07:41:54,194.0,105.0,220.88,49.0,189.0,240.0,225.41,71.0,207.44,26.879999999999995,345.0,120.0,1.6735351803920786,465,225.0,38.0,0.48,194.0,
2025-03-13 07:41:55,192.62,109.0,215.06,33.0,188.94,222.0,216.12,49.0,203.84,22.44,331.0,82.0,2.8174279050242643,413,249.0,-52.0,0.6,193.0,5.0
2025-03-13 07:41:56,190.17,46.0,211.55,22.0,190.03,74.0,212.31,16.0,200.86,21.380000000000024,120.0,38.0,3.855323592126693,158,82.0,-172.0,0.52,193.0,
2025-03-13 07:41:57,192.38,42.0,203.81,62.0,189.46,141.0,204.53,30.0,198.09,11.430000000000009,183.0,92.0,4.59265173946468,275,91.0,117.0,0.33,192.5,2.0
2025-03-13 07:41:58,192.67,18.0,203.0,15.0,189.35,34.0,204.0,25.0,197.83,10.330000000000013,52.0,40.0,4.068263757428623,92,12.0,-172.0,0.13,193.75,4.0
2025-03-13 07:41:59,192.0,38.0,200.94,50.0,191.0,24.0,202.11,46.0,196.47,8.939999999999998,62.0,96.0,2.941491118464688,158,-34.0,66.0,-0.22,192.0,2.0
2025-03-13 07:42:00,191.6,30.0,197.33,33.0,189.32,114.0,199.6,47.0,194.47,5.730000000000018,144.0,80.0,2.344073377692371,224,64.0,66.0,0.29,192.0,2.0
2025-03-13 07:42:01,189.72,50.0,192.09,35.0,188.96,184.0,194.0,17.0,190.9,2.3700000000000045,234.0,52.0,2.970070706229992,286,182.0,62.0,0.64,191.0,2.0
2025-03-13 07:42:02,189.0,228.0,190.25,61.0,188.0,64.0,239.92,25.0,189.62,1.25,292.0,86.0,3.524353841487118,378,206.0,92.0,0.54,189.0,4.0
2025-03-13 07:42:03,189.0,120.0,190.0,40.0,188.0,40.0,199.5,50.0,189.5,1.0,160.0,90.0,3.123374777384957,250,70.0,-128.0,0.28,189.0,
2025-03-13 07:42:04,189.0,100.0,218.78,37.0,188.0,52.0,294.33,55.0,203.89,29.78,152.0,92.0,6.052943911850243,244,60.0,-6.0,0.25,189.0,8.0
2025-03-13 07:42:05,188.88,50.0,280.0,44.0,187.93,30.0,368.33,33.0,234.44,91.12,80.0,77.0,19.287985897962685,157,3.0,-87.0,0.02,188.8,5.0
2025-03-13 07:42:06,189.27,75.0,214.08,51.0,188.0,45.0,260.08,25.0,201.67,24.81,120.0,76.0,18.363783106974665,196,44.0,39.0,0.22,188.8,
2025-03-13 07:42:07,190.19,78.0,207.0,56.0,188.2,25.0,210.0,14.0,198.6,16.810000000000002,103.0,70.0,17.01706937166352,173,33.0,-23.0,0.19,188.8,
2025-03-13 07:42:08,191.0,55.0,206.45,44.0,190.0,22.0,210.0,11.0,198.73,15.449999999999989,77.0,55.0,15.23894451725609,132,22.0,-41.0,0.17,188.8,
2025-03-13 07:42:09,191.2,50.0,205.0,40.0,190.0,20.0,345.6,15.0,198.1,13.800000000000011,70.0,55.0,15.78869120605027,125,15.0,-7.0,0.12,188.8,
2025-03-13 07:42:10,192.88,40.0,204.12,32.0,190.0,16.0,437.0,8.0,198.5,11.240000000000007,56.0,40.0,1.4448010243653209,96,16.0,-29.0,0.17,188.8,
2025-03-13 07:42:11,193.0,50.0,199.96,47.0,190.0,65.0,210.6,35.0,196.48,6.960000000000008,115.0,82.0,0.9259697619289968,197,33.0,101.0,0.17,188.8,
